Trd, 4318144.543, 128
Trd, 4318145.993, 135
Trd, 4318146.993, 106
Trd, 4318147.093, 99
Trd, 4318147.393, 140
Trd, 4318147.643, 140
Trd, 4318149.193, 138
Trd, 4318149.243, 137
Trd, 4318149.693, 116
Trd, 4318150.543, 108
Trd, 4318151.893, 140
Trd, 4318153.543, 140
Trd, 4318156.193, 140
Trd, 4318156.243, 138
Trd, 4318156.343, 116
Trd, 4318156.843, 89
Trd, 4318157.343, 140
Trd, 4318157.693, 106
Trd, 4318159.543, 139
Trd, 4318159.643, 126
Trd, 4318160.093, 134
Trd, 4318161.093, 135
Trd, 4318162.093, 129
Trd, 4318162.493, 117
Trd, 4318163.043, 91
Trd, 4318163.193, 98
Trd, 4318163.343, 89
Trd, 4318164.443, 60
Trd, 4318164.793, 61
Trd, 4318165.993, 80
Trd, 4318166.993, 138
Trd, 4318167.793, 105
Trd, 4318168.343, 93
Trd, 4318169.093, 123
Trd, 4318169.193, 129
Trd, 4318169.493, 104
Trd, 4318170.243, 140
Trd, 4318170.893, 137
Trd, 4318171.243, 136
Trd, 4318172.193, 60
Trd, 4318172.543, 62
Trd, 4318173.943, 95
Trd, 4318175.643, 119
Trd, 4318175.693, 98
Trd, 4318175.793, 132
Trd, 4318176.643, 99
Trd, 4318177.143, 136
Trd, 4318177.193, 75
Trd, 4318178.943, 61
Trd, 4318181.143, 138
Trd, 4318181.343, 126
Trd, 4318181.443, 97
Trd, 4318181.893, 65
Trd, 4318182.343, 139
Trd, 4318182.493, 136
Trd, 4318184.393, 74
Trd, 4318184.843, 76
Trd, 4318185.293, 93
Trd, 4318186.243, 84
Trd, 4318187.393, 61
Trd, 4318187.593, 60
Trd, 4318188.243, 134
Trd, 4318189.593, 140
Trd, 4318190.493, 140
Trd, 4318190.943, 119
Trd, 4318191.143, 119
Trd, 4318191.393, 140
Trd, 4318191.493, 121
Trd, 4318193.443, 136
Trd, 4318194.093, 129
Trd, 4318194.743, 109
Trd, 4318194.793, 99
Trd, 4318195.743, 138
Trd, 4318196.193, 110
Trd, 4318198.093, 115
Trd, 4318198.793, 140
Trd, 4318198.843, 140
Trd, 4318199.293, 113
Trd, 4318199.543, 95
Trd, 4318200.443, 139
Trd, 4318201.243, 140
Trd, 4318202.093, 93
Trd, 4318203.193, 140
Trd, 4318204.193, 112
Trd, 4318204.543, 97
Trd, 4318204.693, 136
Trd, 4318205.543, 89
Trd, 4318206.293, 124
Trd, 4318207.293, 85
Trd, 4318208.093, 140
Trd, 4318208.443, 138
Trd, 4318209.043, 125
Trd, 4318209.893, 92
Trd, 4318210.693, 60
Trd, 4318211.143, 102
Trd, 4318211.793, 131
Trd, 4318212.743, 62
Trd, 4318212.843, 83
Trd, 4318214.293, 140
Trd, 4318214.343, 139
Trd, 4318215.193, 95
Trd, 4318216.043, 73
Trd, 4318216.093, 135
Trd, 4318216.993, 63
Trd, 4318217.443, 76
Trd, 4318217.693, 91
Trd, 4318218.893, 85
Trd, 4318220.343, 140
Trd, 4318221.593, 140
Trd, 4318221.943, 137
Trd, 4318222.293, 125
Trd, 4318223.343, 63
Trd, 4318224.393, 84
Trd, 4318225.993, 61
Trd, 4318226.043, 61
Trd, 4318226.443, 116
Trd, 4318227.443, 140
Trd, 4318227.593, 140
Trd, 4318227.893, 125
Trd, 4318228.043, 136
Trd, 4318228.343, 62
Trd, 4318229.293, 133
Trd, 4318229.343, 81
Trd, 4318230.393, 63
Trd, 4318231.043, 90
Trd, 4318232.743, 127
Trd, 4318233.093, 127
Trd, 4318233.193, 124
Trd, 4318233.843, 103
Trd, 4318235.293, 140
Trd, 4318235.493, 138
Trd, 4318235.643, 118
Trd, 4318236.093, 118
Trd, 4318236.593, 98
Trd, 4318237.443, 60
Trd, 4318238.593, 129
Trd, 4318239.343, 123
Trd, 4318239.993, 92
Trd, 4318240.143, 76
Trd, 4318240.943, 95
Trd, 4318241.343, 91
Trd, 4318241.543, 98
Trd, 4318242.243, 133
Trd, 4318243.193, 69
Trd, 4318244.843, 140
Trd, 4318244.943, 131
Trd, 4318245.293, 116
Trd, 4318245.693, 114
Trd, 4318246.143, 99
Trd, 4318246.543, 99
Trd, 4318247.493, 63
Trd, 4318248.543, 140
Trd, 4318248.593, 112
Trd, 4318248.743, 103
Trd, 4318249.893, 83
Trd, 4318250.593, 60
Trd, 4318250.693, 60
Trd, 4318252.543, 61
Trd, 4318252.993, 61
Trd, 4318253.393, 87
Trd, 4318255.343, 65
Trd, 4318255.743, 121
Trd, 4318256.293, 112
Trd, 4318257.693, 78
Trd, 4318258.943, 71
Trd, 4318260.043, 70
Trd, 4318260.143, 62
Trd, 4318261.093, 139
Trd, 4318261.193, 139
Trd, 4318261.493, 113
Trd, 4318261.993, 78
Trd, 4318262.593, 92
Trd, 4318262.643, 82
Trd, 4318263.143, 96
Trd, 4318264.543, 109
Trd, 4318265.193, 140
Trd, 4318266.043, 111
Trd, 4318267.143, 85
Trd, 4318267.243, 117
Trd, 4318267.693, 78
Trd, 4318268.043, 69
Trd, 4318269.693, 61
Trd, 4318271.243, 125
Trd, 4318271.793, 94
Trd, 4318272.843, 140
Trd, 4318273.943, 140
Trd, 4318274.293, 140
Trd, 4318274.693, 119
Trd, 4318274.943, 130
Trd, 4318275.393, 101
Trd, 4318276.193, 138
Trd, 4318276.493, 129
Trd, 4318276.593, 110
Trd, 4318277.893, 127
Trd, 4318277.993, 121
Trd, 4318278.893, 140
Trd, 4318279.043, 105
Trd, 4318279.993, 140
Trd, 4318280.293, 71
Trd, 4318280.743, 132
Trd, 4318281.143, 104
Trd, 4318282.243, 103
Trd, 4318283.043, 83
Trd, 4318283.093, 74
Trd, 4318283.693, 66
Trd, 4318285.543, 122
Trd, 4318285.593, 120
Trd, 4318286.093, 140
Trd, 4318287.243, 112
Trd, 4318287.593, 137
Trd, 4318287.843, 72
Trd, 4318289.493, 90
Trd, 4318292.243, 140
Trd, 4318292.343, 140
Trd, 4318292.393, 120
Trd, 4318292.543, 119
Trd, 4318292.743, 113
Trd, 4318292.943, 89
Trd, 4318295.143, 124
Trd, 4318295.393, 123
Trd, 4318295.493, 112
Trd, 4318296.643, 140
Trd, 4318296.693, 140
Trd, 4318296.943, 119
Trd, 4318297.393, 130
Trd, 4318297.743, 105
Trd, 4318298.743, 99
Trd, 4318300.543, 138
Trd, 4318300.643, 134
Trd, 4318300.693, 95
Trd, 4318301.593, 86
Trd, 4318302.693, 78
Trd, 4318304.043, 140
Trd, 4318304.093, 122
Trd, 4318304.293, 139
Trd, 4318304.843, 116
Trd, 4318306.243, 136
Trd, 4318306.993, 72
Trd, 4318308.993, 102
Trd, 4318309.843, 113
Trd, 4318311.493, 140
Trd, 4318312.193, 140
Trd, 4318312.393, 140
Trd, 4318312.843, 117
Trd, 4318313.343, 129
Trd, 4318314.043, 119
Trd, 4318314.243, 129
Trd, 4318314.893, 113
Trd, 4318315.143, 109
Trd, 4318316.493, 138
Trd, 4318317.143, 122
Trd, 4318317.693, 102
Trd, 4318318.343, 137
Trd, 4318319.793, 139
Trd, 4318319.993, 125
Trd, 4318320.693, 140
Trd, 4318321.143, 138
Trd, 4318321.643, 113
Trd, 4318322.643, 100
Trd, 4318323.293, 99
Trd, 4318323.993, 93
Trd, 4318324.893, 138
Trd, 4318325.093, 140
Trd, 4318325.293, 124
Trd, 4318326.643, 104
Trd, 4318327.543, 140
Trd, 4318328.493, 119
Trd, 4318328.593, 103
Trd, 4318330.593, 93
Trd, 4318331.093, 84
Trd, 4318331.593, 68
Trd, 4318332.443, 78
Trd, 4318332.593, 92
Trd, 4318333.793, 140
Trd, 4318334.093, 117
Trd, 4318334.343, 84
Trd, 4318335.393, 120
Trd, 4318336.093, 90
Trd, 4318337.043, 86
Trd, 4318337.093, 84
Trd, 4318337.443, 69
Trd, 4318338.193, 60
Trd, 4318338.493, 109
Trd, 4318339.693, 79
Trd, 4318340.543, 79
Trd, 4318340.643, 75
Trd, 4318340.993, 113
Trd, 4318341.993, 111
Trd, 4318343.143, 140
Trd, 4318343.443, 106
Trd, 4318343.543, 90
Trd, 4318345.043, 112
Trd, 4318345.543, 120
Trd, 4318347.143, 138
Trd, 4318347.193, 122
Trd, 4318347.693, 97
Trd, 4318348.393, 140
Trd, 4318349.343, 139
Trd, 4318350.443, 92
Trd, 4318350.643, 85
Trd, 4318350.693, 82
Trd, 4318351.843, 113
Trd, 4318352.143, 112
Trd, 4318352.543, 90
Trd, 4318354.643, 140
Trd, 4318355.593, 140
Trd, 4318356.543, 140
Trd, 4318356.843, 125
Trd, 4318357.293, 119
Trd, 4318357.393, 104
Trd, 4318357.643, 92
Trd, 4318357.743, 90
Trd, 4318359.293, 110
Trd, 4318360.193, 62
Trd, 4318360.843, 117
Trd, 4318360.993, 113
Trd, 4318361.143, 97
Trd, 4318363.993, 140
Trd, 4318364.143, 140
Trd, 4318364.693, 134
Trd, 4318364.943, 126
Trd, 4318366.693, 139
Trd, 4318367.043, 140
Trd, 4318367.193, 120
Trd, 4318368.243, 139
Trd, 4318369.643, 140
Trd, 4318369.793, 138
Trd, 4318370.093, 133
Trd, 4318370.343, 107
Trd, 4318370.493, 104
Trd, 4318370.743, 64
Trd, 4318371.643, 125
Trd, 4318372.643, 139
Trd, 4318373.743, 140
Trd, 4318374.993, 139
Trd, 4318375.593, 121
Trd, 4318376.543, 100
Trd, 4318376.693, 93
Trd, 4318377.143, 98
Trd, 4318378.043, 75
Trd, 4318378.743, 93
Trd, 4318379.293, 140
Trd, 4318380.343, 140
Trd, 4318380.993, 140
Trd, 4318382.543, 135
Trd, 4318382.693, 127
Trd, 4318382.843, 124
Trd, 4318383.743, 140
Trd, 4318384.593, 120
Trd, 4318385.393, 121
Trd, 4318385.993, 137
Trd, 4318386.543, 132
Trd, 4318387.243, 140
Trd, 4318387.343, 125
Trd, 4318388.893, 138
Trd, 4318389.193, 137
Trd, 4318389.393, 136
Trd, 4318389.643, 117
Trd, 4318390.093, 114
Trd, 4318390.693, 91
Trd, 4318391.343, 88
Trd, 4318392.493, 80
Trd, 4318393.143, 139
Trd, 4318394.243, 140
Trd, 4318394.893, 132
Trd, 4318395.893, 115
Trd, 4318396.343, 107
Trd, 4318396.593, 94
Trd, 4318397.693, 138
Trd, 4318397.743, 122
Trd, 4318399.193, 140
Trd, 4318399.443, 114
Trd, 4318399.693, 89
Trd, 4318400.493, 115
Trd, 4318401.043, 105
Trd, 4318401.843, 67
Trd, 4318402.493, 64
Trd, 4318403.293, 65
Trd, 4318404.293, 71
Trd, 4318405.143, 60
Trd, 4318406.193, 122
Trd, 4318406.243, 125
Trd, 4318407.143, 94
Trd, 4318407.343, 91
Trd, 4318407.493, 80
Trd, 4318407.543, 138
Trd, 4318409.043, 140
Trd, 4318409.743, 78
Trd, 4318410.293, 115
Trd, 4318410.393, 91
Trd, 4318410.893, 61
Trd, 4318412.343, 75
Trd, 4318412.643, 140
Trd, 4318413.043, 62
Trd, 4318414.093, 140
Trd, 4318414.143, 139
Trd, 4318415.843, 113
Trd, 4318416.543, 137
Trd, 4318416.793, 107
Trd, 4318417.093, 68
Trd, 4318418.193, 128
Trd, 4318419.193, 140
Trd, 4318419.893, 102
Trd, 4318420.043, 99
Trd, 4318420.293, 140
Trd, 4318420.793, 75
Trd, 4318422.243, 61
Trd, 4318422.843, 64
Trd, 4318423.343, 132
Trd, 4318423.843, 86
Trd, 4318424.443, 83
Trd, 4318425.543, 140
Trd, 4318425.643, 139
Trd, 4318425.893, 136
Trd, 4318426.693, 64
Trd, 4318428.093, 60
Trd, 4318428.143, 68
Trd, 4318429.093, 60
Trd, 4318429.893, 68
Trd, 4318431.593, 95
Trd, 4318432.993, 93
Trd, 4318433.643, 125
Trd, 4318434.193, 85
Trd, 4318434.943, 139
Trd, 4318435.193, 138
Trd, 4318435.693, 121
Trd, 4318435.943, 119
Trd, 4318436.143, 118
Trd, 4318436.993, 137
Trd, 4318437.543, 88
Trd, 4318439.643, 140
Trd, 4318440.443, 140
Trd, 4318441.293, 139
Trd, 4318442.443, 132
Trd, 4318443.243, 129
Trd, 4318443.293, 114
Trd, 4318443.393, 111
Trd, 4318443.943, 139
Trd, 4318444.943, 136
Trd, 4318445.643, 139
Trd, 4318446.293, 127
Trd, 4318447.243, 100
Trd, 4318447.943, 100
Trd, 4318448.043, 98
Trd, 4318448.643, 138
Trd, 4318449.693, 140
Trd, 4318450.343, 140
Trd, 4318450.843, 119
Trd, 4318451.593, 117
Trd, 4318451.993, 138
Trd, 4318453.143, 86
Trd, 4318454.093, 90
Trd, 4318454.193, 114
Trd, 4318455.193, 102
Trd, 4318455.393, 83
Trd, 4318455.493, 77
Trd, 4318456.893, 97
Trd, 4318456.943, 115
Trd, 4318457.443, 101
Trd, 4318457.743, 104
Trd, 4318458.343, 112
Trd, 4318460.493, 140
Trd, 4318460.793, 137
Trd, 4318460.893, 125
Trd, 4318462.393, 131
Trd, 4318463.943, 133
Trd, 4318464.793, 140
Trd, 4318464.843, 124
Trd, 4318465.443, 119
Trd, 4318465.993, 140
Trd, 4318467.293, 116
Trd, 4318468.343, 118
Trd, 4318468.643, 137
Trd, 4318469.693, 139
Trd, 4318470.693, 140
Trd, 4318470.843, 137
Trd, 4318470.893, 101
Trd, 4318471.243, 128
Trd, 4318471.643, 60
Trd, 4318473.843, 114
Trd, 4318474.493, 88
Trd, 4318475.843, 140
Trd, 4318476.193, 140
Trd, 4318477.143, 137
Trd, 4318477.993, 135
Trd, 4318478.243, 125
Trd, 4318478.343, 118
Trd, 4318478.743, 102
Trd, 4318479.793, 86
Trd, 4318479.893, 104
Trd, 4318480.693, 118
Trd, 4318482.293, 137
Trd, 4318482.443, 134
Trd, 4318482.643, 119
Trd, 4318483.143, 135
Trd, 4318483.643, 129
Trd, 4318484.743, 139
Trd, 4318484.943, 113
Trd, 4318485.543, 95
Trd, 4318486.443, 134
Trd, 4318487.143, 91
Trd, 4318487.943, 108
Trd, 4318488.343, 112
Trd, 4318489.343, 106
Trd, 4318489.993, 135
Trd, 4318491.493, 140
Trd, 4318492.443, 139
Trd, 4318493.193, 138
Trd, 4318493.993, 133
Trd, 4318494.743, 136
Trd, 4318494.943, 130
Trd, 4318495.443, 112
Trd, 4318496.643, 131
Trd, 4318496.993, 123
Trd, 4318497.193, 119
Trd, 4318498.593, 109
Trd, 4318500.143, 123
Trd, 4318500.193, 96
Trd, 4318501.293, 138
Trd, 4318501.443, 101
Trd, 4318501.493, 80
Trd, 4318502.443, 113
Trd, 4318503.493, 140
Trd, 4318503.693, 129
Trd, 4318504.193, 140
Trd, 4318504.693, 131
Trd, 4318505.793, 90
Trd, 4318506.293, 89
Trd, 4318507.093, 140
Trd, 4318507.793, 106
Trd, 4318508.593, 86
Trd, 4318508.793, 85
Trd, 4318509.143, 88
Trd, 4318509.393, 62
Trd, 4318509.943, 69
Trd, 4318510.643, 126
Trd, 4318512.093, 139
Trd, 4318512.343, 137
Trd, 4318514.043, 139
Trd, 4318514.743, 140
Trd, 4318515.243, 132
Trd, 4318516.043, 122
Trd, 4318516.193, 115
Trd, 4318516.743, 103
Trd, 4318518.043, 64
Trd, 4318518.343, 128
Trd, 4318519.193, 139
Trd, 4318519.593, 124
Trd, 4318520.243, 78
Trd, 4318521.043, 81
Trd, 4318523.443, 121
Trd, 4318523.793, 120
Trd, 4318524.043, 103
Trd, 4318524.443, 91
Trd, 4318525.293, 140
Trd, 4318525.593, 139
Trd, 4318526.293, 140
Trd, 4318527.293, 140
Trd, 4318527.843, 140
Trd, 4318527.943, 118
Trd, 4318528.643, 95
Trd, 4318529.493, 128
Trd, 4318530.193, 126
Trd, 4318530.543, 109
Trd, 4318530.593, 108
Trd, 4318532.993, 121
Trd, 4318533.993, 101
Trd, 4318534.093, 97
Trd, 4318534.743, 131
Trd, 4318535.243, 112
Trd, 4318535.443, 138
Trd, 4318535.543, 94
Trd, 4318537.343, 136
Trd, 4318537.743, 134
Trd, 4318538.293, 78
Trd, 4318538.993, 87
Trd, 4318539.093, 135
Trd, 4318540.593, 124
Trd, 4318541.193, 64
Trd, 4318541.993, 60
Trd, 4318543.443, 62
Trd, 4318544.143, 104
Trd, 4318544.443, 123
Trd, 4318545.043, 123
Trd, 4318545.543, 116
Trd, 4318545.693, 96
Trd, 4318547.243, 138
Trd, 4318547.543, 82
Trd, 4318547.793, 97
Trd, 4318548.293, 133
Trd, 4318548.343, 65
Trd, 4318549.393, 61
Trd, 4318551.493, 91
Trd, 4318551.743, 88
Trd, 4318552.593, 140
Trd, 4318552.843, 140
Trd, 4318553.043, 139
Trd, 4318553.243, 121
Trd, 4318553.693, 140
Trd, 4318554.243, 89
Trd, 4318555.743, 123
Trd, 4318555.843, 102
Trd, 4318556.693, 140
Trd, 4318557.293, 123
Trd, 4318558.593, 140
Trd, 4318559.643, 126
Trd, 4318559.693, 112
Trd, 4318559.843, 111
Trd, 4318560.443, 140
Trd, 4318560.693, 130
Trd, 4318560.793, 100
Trd, 4318563.393, 140
Trd, 4318563.493, 116
Trd, 4318563.643, 115
Trd, 4318563.743, 107
Trd, 4318564.243, 140
Trd, 4318564.843, 106
Trd, 4318565.393, 107
Trd, 4318566.943, 108
Trd, 4318567.243, 108
Trd, 4318568.393, 140
Trd, 4318569.393, 140
Trd, 4318569.793, 138
Trd, 4318570.243, 133
Trd, 4318570.593, 131
Trd, 4318571.243, 104
Trd, 4318571.593, 112
Trd, 4318571.693, 133
Trd, 4318571.843, 140
Trd, 4318572.443, 139
Trd, 4318573.993, 138
Trd, 4318574.043, 128
Trd, 4318574.593, 63
Trd, 4318574.993, 60
Trd, 4318577.293, 65
Trd, 4318577.993, 65
Trd, 4318578.543, 117
Trd, 4318578.793, 140
Trd, 4318579.243, 70
Trd, 4318579.343, 87
Trd, 4318580.543, 97
Trd, 4318581.843, 64
Trd, 4318582.043, 68
Trd, 4318584.043, 65
Trd, 4318584.093, 76
Trd, 4318584.693, 88
Trd, 4318584.843, 74
Trd, 4318585.193, 140
Trd, 4318585.893, 136
Trd, 4318586.643, 113
Trd, 4318587.193, 70
Trd, 4318588.243, 84
Trd, 4318589.243, 88
Trd, 4318589.443, 86
Trd, 4318590.293, 139
Trd, 4318590.893, 105
Trd, 4318591.493, 106
Trd, 4318591.543, 78
Trd, 4318592.143, 118
Trd, 4318593.093, 131
Trd, 4318593.293, 82
Trd, 4318594.193, 63
Trd, 4318595.143, 140
Trd, 4318595.393, 81
Trd, 4318596.693, 140
Trd, 4318597.193, 111
Trd, 4318597.343, 103
Trd, 4318597.993, 84
Trd, 4318598.093, 125
Trd, 4318599.243, 94
Trd, 4318599.593, 76
Trd, 4318601.243, 138
Trd, 4318601.293, 123
Trd, 4318602.643, 140
Trd, 4318603.193, 135
Trd, 4318603.743, 136
Trd, 4318604.743, 106
Trd, 4318606.193, 63
Trd, 4318606.443, 74
Trd, 4318607.393, 63
Trd, 4318607.443, 63
Trd, 4318608.093, 63
Trd, 4318608.143, 93
Trd, 4318609.893, 72
Trd, 4318610.643, 73
Trd, 4318611.493, 60
Trd, 4318611.543, 60
Trd, 4318611.993, 79
Trd, 4318613.243, 120
Trd, 4318613.293, 71
Trd, 4318613.493, 139
Trd, 4318614.243, 97
Trd, 4318614.793, 88
Trd, 4318615.093, 80
Trd, 4318615.993, 140
Trd, 4318616.493, 119
Trd, 4318616.993, 118
Trd, 4318617.893, 126
Trd, 4318618.343, 99
Trd, 4318619.093, 128
Trd, 4318619.593, 97
Trd, 4318620.643, 85
Trd, 4318620.743, 79
Trd, 4318621.443, 135
Trd, 4318621.493, 108
Trd, 4318622.243, 66
Trd, 4318624.543, 140
Trd, 4318624.593, 139
Trd, 4318624.843, 138
Trd, 4318625.143, 140
Trd, 4318626.693, 110
Trd, 4318627.343, 97
Trd, 4318629.143, 138
Trd, 4318629.793, 140
Trd, 4318630.393, 140
Trd, 4318632.093, 101
Trd, 4318632.593, 111
Trd, 4318633.043, 113
Trd, 4318634.193, 134
Trd, 4318634.743, 115
Trd, 4318635.743, 126
Trd, 4318636.193, 140
Trd, 4318636.343, 107
Trd, 4318637.043, 139
Trd, 4318637.293, 77
Trd, 4318638.943, 95
Trd, 4318639.343, 135
Trd, 4318640.193, 128
Trd, 4318641.443, 96
Trd, 4318641.593, 129
Trd, 4318641.993, 70
Trd, 4318643.093, 138
Trd, 4318644.343, 139
Trd, 4318644.593, 133
Trd, 4318644.793, 128
Trd, 4318645.893, 140
Trd, 4318646.543, 140
Trd, 4318647.743, 140
Trd, 4318647.843, 113
Trd, 4318647.893, 98
Trd, 4318648.343, 89
Trd, 4318649.093, 104
Trd, 4318649.843, 122
Trd, 4318650.343, 96
Trd, 4318651.793, 128
Trd, 4318652.143, 118
Trd, 4318653.193, 109
Trd, 4318653.493, 105
Trd, 4318653.693, 94
Trd, 4318654.793, 64
Trd, 4318655.793, 64
Trd, 4318656.743, 62
Trd, 4318658.043, 61
Trd, 4318658.193, 60
Trd, 4318659.293, 110
Trd, 4318659.343, 95
Trd, 4318660.093, 127
Trd, 4318660.693, 114
Trd, 4318660.793, 98
Trd, 4318661.643, 133
Trd, 4318662.043, 131
Trd, 4318662.293, 131
Trd, 4318662.493, 118
Trd, 4318662.893, 140
Trd, 4318663.643, 138
Trd, 4318664.043, 86
Trd, 4318664.743, 139
Trd, 4318665.493, 72
Trd, 4318666.293, 79
Trd, 4318667.393, 140
Trd, 4318669.443, 135
Trd, 4318669.843, 111
Trd, 4318670.993, 124
Trd, 4318671.893, 130
Trd, 4318671.993, 124
Trd, 4318672.543, 137
Trd, 4318672.643, 123
Trd, 4318673.343, 109
Trd, 4318673.643, 91
Trd, 4318673.743, 87
Trd, 4318674.793, 140
Trd, 4318675.993, 131
Trd, 4318677.543, 138
Trd, 4318677.643, 113
Trd, 4318678.243, 115
Trd, 4318678.343, 109
Trd, 4318679.543, 139
Trd, 4318679.743, 96
Trd, 4318679.843, 95
Trd, 4318679.943, 91
Trd, 4318682.843, 138
Trd, 4318683.193, 135
Trd, 4318683.543, 130
Trd, 4318683.693, 125
Trd, 4318683.993, 102
Trd, 4318684.493, 140
Trd, 4318685.893, 140
Trd, 4318688.693, 140
Trd, 4318688.943, 140
Trd, 4318689.143, 125
Trd, 4318689.243, 114
Trd, 4318689.543, 110
Trd, 4318690.493, 137
Trd, 4318692.743, 131
Trd, 4318692.943, 131
Trd, 4318693.093, 118
Trd, 4318693.643, 64
Trd, 4318693.743, 66
Trd, 4318694.993, 140
Trd, 4318695.043, 139
Trd, 4318696.543, 80
Trd, 4318696.693, 128
Trd, 4318697.043, 140
Trd, 4318697.293, 130
Trd, 4318698.643, 114
Trd, 4318700.093, 61
Trd, 4318700.293, 65
Trd, 4318701.093, 65
Trd, 4318701.193, 70
Trd, 4318701.743, 76
Trd, 4318702.243, 66
Trd, 4318702.643, 65
Trd, 4318702.943, 64
Trd, 4318703.843, 103
Trd, 4318705.543, 73
Trd, 4318706.843, 68
Trd, 4318706.993, 69
Trd, 4318708.593, 139
Trd, 4318709.693, 140
Trd, 4318709.993, 138
Trd, 4318710.293, 128
Trd, 4318710.643, 135
Trd, 4318710.743, 107
Trd, 4318711.043, 122
Trd, 4318711.093, 131
Trd, 4318712.293, 85
Trd, 4318712.843, 108
Trd, 4318712.943, 88
Trd, 4318713.743, 73
Trd, 4318714.143, 77
Trd, 4318714.493, 96
Trd, 4318715.293, 61
Trd, 4318715.943, 82
Trd, 4318717.043, 60
Trd, 4318717.443, 87
Trd, 4318718.393, 75
Trd, 4318719.043, 62
Trd, 4318720.043, 60
Trd, 4318720.143, 67
Trd, 4318720.543, 84
Trd, 4318721.793, 75
Trd, 4318722.043, 108
Trd, 4318722.893, 139
Trd, 4318723.793, 122
Trd, 4318724.493, 130
Trd, 4318725.543, 61
Trd, 4318725.993, 64
Trd, 4318726.293, 84
Trd, 4318727.443, 90
Trd, 4318727.793, 65
Trd, 4318729.193, 67
Trd, 4318729.993, 70
Trd, 4318730.793, 65
Trd, 4318731.193, 91
Trd, 4318731.493, 79
Trd, 4318732.743, 140
Trd, 4318733.143, 118
Trd, 4318733.843, 78
Trd, 4318734.243, 116
Trd, 4318734.743, 76
Trd, 4318735.243, 130
Trd, 4318736.143, 89
Trd, 4318736.293, 79
Trd, 4318737.193, 140
Trd, 4318737.943, 70
Trd, 4318738.043, 118
Trd, 4318738.793, 87
Trd, 4318738.943, 74
Trd, 4318740.293, 97
Trd, 4318741.043, 63
Trd, 4318741.343, 62
Trd, 4318742.993, 134
Trd, 4318743.143, 119
Trd, 4318743.843, 100
Trd, 4318746.043, 140
Trd, 4318746.293, 136
Trd, 4318746.943, 117
Trd, 4318747.443, 116
Trd, 4318747.643, 108
Trd, 4318748.593, 140
Trd, 4318748.793, 134
Trd, 4318748.993, 126
Trd, 4318750.043, 131
Trd, 4318750.993, 130
Trd, 4318751.493, 117
Trd, 4318751.593, 105
Trd, 4318751.793, 88
Trd, 4318752.743, 126
Trd, 4318752.943, 112
Trd, 4318753.193, 140
Trd, 4318753.943, 138
Trd, 4318754.893, 101
Trd, 4318755.393, 99
Trd, 4318755.893, 86
Trd, 4318756.493, 89
Trd, 4318757.143, 138
Trd, 4318757.743, 62
Trd, 4318758.593, 135
Trd, 4318759.743, 132
Trd, 4318760.493, 92
Trd, 4318760.593, 134
Trd, 4318761.043, 101
Trd, 4318762.143, 135
Trd, 4318762.943, 116
Trd, 4318762.993, 98
Trd, 4318763.093, 93
Trd, 4318763.393, 119
Trd, 4318765.143, 60
Trd, 4318765.493, 62
Trd, 4318766.043, 103
Trd, 4318766.543, 63
Trd, 4318766.943, 64
Trd, 4318768.693, 111
Trd, 4318769.193, 67
Trd, 4318769.543, 64
Trd, 4318770.343, 60
Trd, 4318770.693, 62
Trd, 4318771.343, 96
Trd, 4318772.193, 140
Trd, 4318772.643, 70
Trd, 4318772.993, 68
Trd, 4318774.843, 140
Trd, 4318775.093, 127
Trd, 4318775.943, 103
Trd, 4318776.593, 124
Trd, 4318777.043, 90
Trd, 4318778.493, 140
Trd, 4318779.643, 140
Trd, 4318780.843, 140
Trd, 4318780.943, 113
Trd, 4318781.143, 107
Trd, 4318781.993, 133
Trd, 4318782.093, 95
Trd, 4318783.693, 140
Trd, 4318783.743, 125
Trd, 4318783.793, 111
Trd, 4318784.243, 86
Trd, 4318785.043, 125
Trd, 4318785.693, 116
Trd, 4318787.143, 79
Trd, 4318787.993, 137
Trd, 4318789.293, 139
Trd, 4318789.393, 108
Trd, 4318790.043, 100
Trd, 4318790.343, 99
Trd, 4318790.793, 93
Trd, 4318791.243, 83
Trd, 4318792.143, 132
Trd, 4318793.543, 140
Trd, 4318794.693, 139
Trd, 4318795.593, 140
Trd, 4318795.943, 112
Trd, 4318797.193, 140
Trd, 4318797.293, 140
Trd, 4318797.643, 116
Trd, 4318798.293, 134
Trd, 4318799.143, 114
Trd, 4318799.593, 104
Trd, 4318800.393, 87
Trd, 4318801.093, 140
Trd, 4318801.943, 132
Trd, 4318803.693, 99
Trd, 4318804.043, 94
Trd, 4318804.293, 140
Trd, 4318804.843, 88
Trd, 4318805.743, 139
Trd, 4318805.793, 139
Trd, 4318806.493, 136
Trd, 4318808.093, 103
Trd, 4318808.493, 140
Trd, 4318808.643, 140
Trd, 4318808.943, 110
Trd, 4318810.643, 98
Trd, 4318810.743, 82
Trd, 4318811.843, 140
Trd, 4318812.093, 140
Trd, 4318812.343, 139
Trd, 4318813.243, 114
Trd, 4318813.493, 90
Trd, 4318814.293, 134
Trd, 4318816.543, 140
Trd, 4318816.793, 140
Trd, 4318817.193, 119
Trd, 4318817.343, 118
Trd, 4318818.093, 118
Trd, 4318818.193, 60
Trd, 4318820.293, 140
Trd, 4318821.493, 122
Trd, 4318822.543, 140
Trd, 4318823.093, 140
Trd, 4318823.793, 140
Trd, 4318823.943, 116
Trd, 4318825.193, 140
Trd, 4318826.143, 139
Trd, 4318826.943, 120
Trd, 4318827.093, 104
Trd, 4318828.593, 112
Trd, 4318828.843, 109
Trd, 4318828.993, 103
Trd, 4318830.893, 121
Trd, 4318831.343, 136
Trd, 4318831.393, 115
Trd, 4318832.043, 83
Trd, 4318832.643, 124
Trd, 4318833.143, 96
Trd, 4318834.793, 140
Trd, 4318835.093, 138
Trd, 4318835.893, 102
Trd, 4318836.793, 140
Trd, 4318836.893, 140
Trd, 4318836.993, 91
Trd, 4318837.893, 115
Trd, 4318838.143, 88
Trd, 4318838.543, 87
Trd, 4318839.093, 113
Trd, 4318840.143, 140
Trd, 4318840.193, 107
Trd, 4318840.443, 99
Trd, 4318841.493, 140
Trd, 4318841.743, 104
Trd, 4318842.043, 93
Trd, 4318843.193, 91
Trd, 4318843.893, 138
Trd, 4318843.993, 112
Trd, 4318844.593, 140
Trd, 4318845.893, 74
Trd, 4318846.943, 140
Trd, 4318847.643, 118
Trd, 4318847.993, 136
Trd, 4318848.743, 69
Trd, 4318849.543, 140
Trd, 4318850.393, 113
Trd, 4318850.543, 112
Trd, 4318851.043, 113
Trd, 4318851.643, 77
Trd, 4318853.293, 136
Trd, 4318853.393, 128
Trd, 4318853.643, 115
Trd, 4318853.893, 114
Trd, 4318853.943, 78
Trd, 4318855.793, 138
Trd, 4318857.443, 139
Trd, 4318857.943, 139
Trd, 4318858.293, 127
Trd, 4318858.843, 119
Trd, 4318859.393, 130
Trd, 4318859.693, 116
Trd, 4318860.493, 140
Trd, 4318861.343, 136
Trd, 4318861.543, 116
Trd, 4318861.993, 113
Trd, 4318863.193, 127
Trd, 4318864.643, 133
Trd, 4318864.843, 131
Trd, 4318865.243, 119
Trd, 4318868.443, 140
Trd, 4318868.643, 140
Trd, 4318868.743, 127
Trd, 4318870.393, 136
Trd, 4318870.593, 136
Trd, 4318872.293, 136
Trd, 4318872.693, 109
Trd, 4318872.943, 140
Trd, 4318872.993, 107
Trd, 4318873.643, 95
Trd, 4318874.243, 95
Trd, 4318875.193, 133
Trd, 4318875.793, 109
Trd, 4318875.943, 140
Trd, 4318876.543, 138
Trd, 4318876.893, 121
Trd, 4318876.943, 113
Trd, 4318878.443, 120
Trd, 4318878.643, 89
Trd, 4318880.993, 107
Trd, 4318881.193, 94
Trd, 4318881.693, 127
Trd, 4318882.143, 140
Trd, 4318882.343, 106
Trd, 4318882.493, 139
Trd, 4318883.843, 122
Trd, 4318884.143, 112
Trd, 4318884.743, 139
Trd, 4318885.143, 93
Trd, 4318886.193, 140
Trd, 4318887.643, 140
Trd, 4318887.943, 139
Trd, 4318888.043, 118
Trd, 4318888.343, 118
Trd, 4318890.093, 75
Trd, 4318890.393, 91
Trd, 4318890.543, 72
Trd, 4318891.143, 137
Trd, 4318891.593, 125
Trd, 4318891.943, 128
Trd, 4318892.343, 131
Trd, 4318892.443, 114
Trd, 4318893.193, 81
Trd, 4318894.293, 61
Trd, 4318895.343, 63
Trd, 4318896.543, 78
Trd, 4318897.093, 140
Trd, 4318898.393, 140
Trd, 4318898.493, 137
Trd, 4318898.893, 128
Trd, 4318899.543, 127
Trd, 4318900.393, 107
Trd, 4318900.643, 136
Trd, 4318902.293, 140
Trd, 4318902.543, 139
Trd, 4318902.943, 107
Trd, 4318903.293, 97
Trd, 4318904.493, 68
Trd, 4318905.293, 70
Trd, 4318906.943, 140
Trd, 4318907.143, 140
Trd, 4318907.693, 103
Trd, 4318908.093, 100
Trd, 4318908.643, 78
Trd, 4318908.743, 73
Trd, 4318909.593, 128
Trd, 4318910.243, 110
Trd, 4318910.943, 106
Trd, 4318911.943, 99
Trd, 4318912.693, 99
Trd, 4318914.243, 97
Trd, 4318914.843, 91
Trd, 4318914.943, 75
Trd, 4318915.343, 63
Trd, 4318915.543, 64
Trd, 4318916.093, 96
Trd, 4318916.693, 139
Trd, 4318916.893, 81
Trd, 4318918.193, 136
Trd, 4318919.343, 117
Trd, 4318919.393, 116
Trd, 4318920.493, 105
Trd, 4318920.693, 112
Trd, 4318921.043, 117
Trd, 4318921.743, 139
Trd, 4318923.093, 138
Trd, 4318923.393, 140
Trd, 4318923.993, 137
Trd, 4318924.043, 123
Trd, 4318925.193, 101
Trd, 4318925.493, 90
Trd, 4318926.743, 92
Trd, 4318926.993, 91
Trd, 4318927.293, 84
Trd, 4318927.793, 67
Trd, 4318928.043, 65
Trd, 4318929.743, 138
Trd, 4318929.793, 118
Trd, 4318930.443, 113
Trd, 4318931.743, 140
Trd, 4318932.543, 138
Trd, 4318933.393, 106
Trd, 4318933.593, 115
Trd, 4318934.343, 140
Trd, 4318935.043, 120
Trd, 4318935.243, 93
Trd, 4318935.793, 108
Trd, 4318935.843, 84
Trd, 4318935.943, 111
Trd, 4318936.393, 61
Trd, 4318938.143, 60
Trd, 4318939.593, 61
Trd, 4318940.293, 63
Trd, 4318940.743, 87
Trd, 4318940.943, 60
Trd, 4318940.993, 61
Trd, 4318942.793, 114
Trd, 4318943.393, 98
Trd, 4318944.293, 89
Trd, 4318944.593, 96
Trd, 4318945.043, 107
Trd, 4318946.793, 140
Trd, 4318947.493, 125
Trd, 4318947.793, 119
Trd, 4318948.393, 94
Trd, 4318948.743, 123
Trd, 4318950.493, 140
Trd, 4318951.543, 118
Trd, 4318952.343, 140
Trd, 4318953.293, 140
Trd, 4318953.793, 125
Trd, 4318954.593, 124
Trd, 4318955.243, 110
Trd, 4318955.493, 96
Trd, 4318956.893, 114
Trd, 4318957.043, 113
Trd, 4318957.243, 93
Trd, 4318958.493, 121
Trd, 4318958.793, 94
Trd, 4318958.993, 93
Trd, 4318961.093, 140
Trd, 4318961.643, 140
Trd, 4318961.893, 140
Trd, 4318961.993, 140
Trd, 4318962.043, 108
Trd, 4318962.543, 128
Trd, 4318962.793, 134
Trd, 4318964.143, 132
Trd, 4318964.243, 119
Trd, 4318964.393, 111
Trd, 4318965.443, 103
Trd, 4318967.993, 138
Trd, 4318968.243, 136
Trd, 4318969.443, 138
Trd, 4318969.943, 112
Trd, 4318969.993, 103
Trd, 4318970.143, 117
Trd, 4318970.193, 96
Trd, 4318970.243, 94
Trd, 4318971.043, 79
Trd, 4318971.443, 139
Trd, 4318972.593, 63
Trd, 4318973.493, 62
Trd, 4318973.543, 66
Trd, 4318974.443, 104
Trd, 4318976.043, 77
Trd, 4318976.993, 109
Trd, 4318977.443, 60
Trd, 4318978.343, 116
Trd, 4318978.493, 140
Trd, 4318979.243, 60
Trd, 4318980.343, 122
Trd, 4318980.393, 121
Trd, 4318980.693, 117
Trd, 4318981.243, 102
Trd, 4318982.143, 72
Trd, 4318983.343, 79
Trd, 4318984.043, 110
Trd, 4318985.193, 140
Trd, 4318985.343, 128
Trd, 4318985.643, 128
Trd, 4318986.143, 66
Trd, 4318986.843, 64
Trd, 4318987.193, 103
Trd, 4318987.293, 61
Trd, 4318987.493, 121
Trd, 4318988.843, 114
Trd, 4318989.793, 113
Trd, 4318989.943, 106
Trd, 4318991.093, 96
Trd, 4318992.643, 102
Trd, 4318993.843, 140
Trd, 4318993.943, 140
Trd, 4318994.293, 134
Trd, 4318995.443, 112
Trd, 4318995.743, 107
Trd, 4318996.993, 139
Trd, 4318997.193, 139
Trd, 4318997.443, 126
Trd, 4318998.093, 123
Trd, 4318998.993, 139
Trd, 4318999.593, 112
Trd, 4319000.043, 133
Trd, 4319000.993, 134
Trd, 4319002.243, 122
Trd, 4319002.993, 140
Trd, 4319004.243, 139
Trd, 4319004.793, 132
Trd, 4319004.893, 112
Trd, 4319005.193, 104
Trd, 4319007.843, 140
Trd, 4319008.143, 140
Trd, 4319008.493, 140
Trd, 4319008.693, 119
Trd, 4319010.843, 135
Trd, 4319011.343, 114
Trd, 4319014.143, 140
Trd, 4319014.243, 139
Trd, 4319014.843, 140
Trd, 4319015.343, 140
Trd, 4319016.193, 134
Trd, 4319017.243, 138
Trd, 4319018.493, 109
Trd, 4319019.493, 122
Trd, 4319019.593, 112
Trd, 4319019.943, 130
Trd, 4319020.643, 133
Trd, 4319020.693, 103
Trd, 4319022.593, 68
Trd, 4319022.943, 72
Trd, 4319023.643, 104
Trd, 4319024.943, 137
Trd, 4319025.493, 134
Trd, 4319025.843, 122
Trd, 4319026.143, 105
Trd, 4319027.743, 140
Trd, 4319028.693, 139
Trd, 4319029.043, 139
Trd, 4319029.293, 108
Trd, 4319029.493, 73
Trd, 4319029.943, 118
Trd, 4319031.043, 101
Trd, 4319031.493, 101
Trd, 4319031.893, 81
Trd, 4319032.443, 140
Trd, 4319032.793, 70
Trd, 4319033.793, 66
Trd, 4319034.793, 61
Trd, 4319034.843, 72
Trd, 4319035.443, 60
Trd, 4319036.193, 113
Trd, 4319038.643, 109
Trd, 4319038.693, 108
Trd, 4319038.993, 139
Trd, 4319041.443, 140
Trd, 4319041.493, 114
Trd, 4319041.943, 132
Trd, 4319042.643, 140
Trd, 4319043.893, 139
Trd, 4319044.393, 117
Trd, 4319045.193, 135
Trd, 4319046.093, 140
Trd, 4319046.143, 140
Trd, 4319047.793, 140
Trd, 4319048.243, 122
Trd, 4319048.293, 114
Trd, 4319049.843, 128
Trd, 4319050.093, 115
Trd, 4319050.843, 140
Trd, 4319051.443, 140
Trd, 4319051.843, 104
Trd, 4319052.293, 116
Trd, 4319052.743, 94
Trd, 4319053.443, 131
Trd, 4319053.893, 80
Trd, 4319054.843, 98
Trd, 4319055.293, 68
Trd, 4319056.143, 103
Trd, 4319056.193, 101
Trd, 4319057.293, 139
Trd, 4319057.593, 119
Trd, 4319058.043, 117
Trd, 4319058.493, 109
Trd, 4319058.943, 121
Trd, 4319059.393, 100
Trd, 4319060.543, 138
Trd, 4319062.893, 140
Trd, 4319063.143, 121
Trd, 4319064.543, 111
Trd, 4319064.693, 110
Trd, 4319066.593, 136
Trd, 4319066.643, 131
Trd, 4319067.193, 132
Trd, 4319067.293, 125
Trd, 4319067.343, 124
Trd, 4319067.643, 117
Trd, 4319067.893, 99
Trd, 4319068.843, 139
Trd, 4319069.843, 108
Trd, 4319071.493, 140
Trd, 4319071.843, 120
Trd, 4319072.643, 140
Trd, 4319073.143, 138
Trd, 4319073.593, 138
Trd, 4319073.843, 133
Trd, 4319074.293, 110
Trd, 4319074.843, 106
Trd, 4319075.843, 124
Trd, 4319076.093, 139
Trd, 4319076.293, 107
Trd, 4319077.693, 139
Trd, 4319077.893, 133
Trd, 4319079.043, 101
Trd, 4319079.543, 112
Trd, 4319079.693, 125
Trd, 4319080.593, 140
Trd, 4319080.943, 94
Trd, 4319081.493, 140
Trd, 4319082.443, 138
Trd, 4319082.793, 120
Trd, 4319082.943, 102
Trd, 4319084.643, 61
Trd, 4319086.193, 63
Trd, 4319086.243, 111
Trd, 4319086.993, 98
Trd, 4319087.493, 140
Trd, 4319087.543, 101
Trd, 4319087.693, 98
Trd, 4319087.893, 97
Trd, 4319089.193, 140
Trd, 4319090.393, 137
Trd, 4319091.143, 125
Trd, 4319091.493, 107
Trd, 4319091.643, 101
Trd, 4319092.043, 88
Trd, 4319093.243, 62
Trd, 4319094.643, 134
Trd, 4319095.043, 134
Trd, 4319095.493, 106
Trd, 4319095.943, 106
Trd, 4319096.893, 139
Trd, 4319097.843, 140
Trd, 4319098.243, 124
Trd, 4319098.343, 105
Trd, 4319099.843, 70
Trd, 4319100.243, 73
Trd, 4319100.693, 68
Trd, 4319101.443, 92
Trd, 4319102.243, 109
Trd, 4319102.993, 140
Trd, 4319103.643, 138
Trd, 4319104.543, 128
Trd, 4319105.043, 130
Trd, 4319105.143, 113
Trd, 4319105.243, 100
Trd, 4319105.443, 79
Trd, 4319107.293, 127
Trd, 4319108.343, 108
Trd, 4319108.743, 79
Trd, 4319109.693, 112
Trd, 4319110.593, 138
Trd, 4319110.793, 83
Trd, 4319111.793, 80
Trd, 4319111.843, 72
Trd, 4319113.043, 64
Trd, 4319113.943, 60
Trd, 4319114.643, 62
Trd, 4319115.043, 122
Trd, 4319115.693, 129
Trd, 4319116.593, 61
Trd, 4319116.743, 100
Trd, 4319117.843, 129
Trd, 4319117.893, 119
Trd, 4319118.793, 61
Trd, 4319119.943, 97
Trd, 4319121.243, 140
Trd, 4319122.793, 140
Trd, 4319123.093, 140
Trd, 4319123.143, 117
Trd, 4319123.443, 132
Trd, 4319124.343, 123
Trd, 4319124.443, 138
Trd, 4319125.743, 97
Trd, 4319126.743, 135
Trd, 4319126.993, 123
Trd, 4319127.093, 90
Trd, 4319127.443, 117
Trd, 4319128.043, 138
Trd, 4319128.293, 107
Trd, 4319129.793, 116
Trd, 4319131.343, 60
Trd, 4319132.143, 111
Trd, 4319132.393, 99
Trd, 4319132.743, 74
Trd, 4319133.093, 120
Trd, 4319133.243, 113
Trd, 4319134.643, 140
Trd, 4319135.043, 136
Trd, 4319135.543, 140
Trd, 4319135.743, 138
Trd, 4319136.043, 139
Trd, 4319136.593, 118
Trd, 4319137.293, 72
Trd, 4319138.043, 118
Trd, 4319139.293, 86
Trd, 4319139.543, 119
Trd, 4319141.093, 101
Trd, 4319141.343, 113
Trd, 4319142.493, 139
Trd, 4319143.593, 138
Trd, 4319145.993, 138
Trd, 4319146.143, 137
Trd, 4319146.393, 120
Trd, 4319146.493, 111
Trd, 4319146.543, 72
Trd, 4319147.793, 139
Trd, 4319149.343, 108
Trd, 4319149.393, 97
Trd, 4319149.743, 135
Trd, 4319150.593, 96
Trd, 4319150.993, 96
Trd, 4319152.843, 106
Trd, 4319153.293, 118
Trd, 4319153.393, 104
Trd, 4319153.793, 95
Trd, 4319155.143, 124
Trd, 4319157.393, 140
Trd, 4319158.393, 139
Trd, 4319158.593, 133
Trd, 4319159.193, 131
Trd, 4319159.493, 140
Trd, 4319160.393, 124
Trd, 4319160.843, 112
Trd, 4319161.543, 95
Trd, 4319161.793, 115
Trd, 4319162.343, 122
Trd, 4319163.093, 71
Trd, 4319163.593, 92
Trd, 4319164.093, 66
Trd, 4319165.743, 69
Trd, 4319166.243, 61
Trd, 4319166.443, 73
Trd, 4319167.243, 136
Trd, 4319168.343, 124
Trd, 4319168.693, 99
Trd, 4319169.143, 104
Trd, 4319169.843, 105
Trd, 4319170.093, 106
Trd, 4319170.243, 89
Trd, 4319171.693, 61
Trd, 4319172.993, 60
Trd, 4319173.093, 63
Trd, 4319173.193, 64
Trd, 4319173.443, 89
Trd, 4319173.593, 75
Trd, 4319175.343, 89
Trd, 4319176.243, 88
Trd, 4319176.793, 111
Trd, 4319177.293, 102
Trd, 4319177.343, 131
Trd, 4319177.843, 118
Trd, 4319178.493, 99
Trd, 4319179.143, 139
Trd, 4319181.193, 137
Trd, 4319181.493, 118
Trd, 4319181.943, 140
Trd, 4319182.043, 101
Trd, 4319182.843, 140
Trd, 4319183.343, 97
Trd, 4319183.693, 124
Trd, 4319184.843, 125
Trd, 4319185.493, 140
Trd, 4319185.943, 118
Trd, 4319187.193, 99
Trd, 4319187.243, 105
Trd, 4319188.793, 89
Trd, 4319189.243, 109
Trd, 4319189.793, 92
Trd, 4319189.843, 77
Trd, 4319190.093, 84
Trd, 4319190.243, 93
Trd, 4319191.743, 63
Trd, 4319192.443, 62
Trd, 4319193.393, 61
Trd, 4319193.943, 68
Trd, 4319194.693, 66
Trd, 4319196.243, 68
Trd, 4319196.343, 69
Trd, 4319197.293, 76
Trd, 4319197.743, 126
Trd, 4319197.943, 113
Trd, 4319198.693, 124
Trd, 4319198.843, 70
Trd, 4319199.193, 69
Trd, 4319199.793, 139
Trd, 4319200.043, 136
Trd, 4319201.493, 79
Trd, 4319201.693, 72
Trd, 4319203.843, 139
Trd, 4319203.993, 128
Trd, 4319205.093, 140
Trd, 4319205.143, 121
Trd, 4319205.393, 118
Trd, 4319206.393, 96
Trd, 4319208.243, 140
Trd, 4319208.543, 130
Trd, 4319209.193, 120
Trd, 4319209.293, 117
Trd, 4319209.343, 105
Trd, 4319210.143, 139
Trd, 4319210.243, 103
Trd, 4319211.093, 139
Trd, 4319211.693, 116
Trd, 4319211.793, 100
Trd, 4319213.843, 139
Trd, 4319213.993, 131
Trd, 4319215.093, 140
Trd, 4319215.343, 122
Trd, 4319215.443, 111
Trd, 4319216.793, 88
Trd, 4319217.293, 123
Trd, 4319218.493, 96
Trd, 4319219.093, 68
Trd, 4319220.293, 140
Trd, 4319220.643, 140
Trd, 4319220.893, 131
Trd, 4319221.593, 139
Trd, 4319222.693, 131
Trd, 4319222.743, 126
Trd, 4319223.293, 138
Trd, 4319223.893, 99
Trd, 4319224.443, 127
Trd, 4319226.843, 96
Trd, 4319226.893, 95
Trd, 4319227.693, 140
Trd, 4319228.343, 131
Trd, 4319228.743, 106
Trd, 4319230.343, 135
Trd, 4319230.543, 112
Trd, 4319230.743, 123
Trd, 4319231.043, 107
Trd, 4319231.143, 135
Trd, 4319232.793, 140
Trd, 4319233.443, 140
Trd, 4319233.793, 138
Trd, 4319234.343, 121
Trd, 4319234.443, 96
Trd, 4319235.393, 65
Trd, 4319236.143, 63
Trd, 4319236.443, 72
Trd, 4319237.193, 61
Trd, 4319237.543, 60
Trd, 4319238.093, 69
Trd, 4319240.143, 138
Trd, 4319240.743, 115
Trd, 4319241.093, 91
Trd, 4319241.293, 108
Trd, 4319241.543, 120
Trd, 4319242.293, 119
Trd, 4319243.393, 65
Trd, 4319243.543, 80
Trd, 4319244.343, 78
Trd, 4319244.393, 76
Trd, 4319245.893, 73
Trd, 4319246.393, 76
Trd, 4319247.193, 123
Trd, 4319247.643, 121
Trd, 4319248.943, 100
Trd, 4319249.393, 72
Trd, 4319249.743, 65
Trd, 4319250.543, 93
Trd, 4319250.793, 62
Trd, 4319251.393, 137
Trd, 4319252.343, 132
Trd, 4319253.593, 62
Trd, 4319255.093, 62
Trd, 4319255.393, 68
Trd, 4319256.493, 115
Trd, 4319257.343, 77
Trd, 4319258.193, 81
Trd, 4319258.293, 112
Trd, 4319258.393, 77
Trd, 4319258.543, 115
Trd, 4319258.843, 139
Trd, 4319259.643, 74
Trd, 4319260.993, 133
Trd, 4319261.493, 128
Trd, 4319262.093, 93
Trd, 4319262.993, 118
Trd, 4319264.293, 140
Trd, 4319264.593, 140
Trd, 4319264.743, 113
Trd, 4319265.593, 98
Trd, 4319266.593, 94
Trd, 4319267.093, 109
Trd, 4319267.293, 77
Trd, 4319267.693, 114
Trd, 4319267.943, 98
Trd, 4319269.843, 139
Trd, 4319272.093, 117
Trd, 4319272.143, 100
Trd, 4319273.343, 131
Trd, 4319273.443, 90
Trd, 4319273.743, 102
Trd, 4319274.443, 62
Trd, 4319274.843, 134
Trd, 4319275.093, 67
Trd, 4319275.443, 79
Trd, 4319276.693, 138
Trd, 4319278.043, 130
Trd, 4319278.693, 117
Trd, 4319280.543, 140
Trd, 4319281.543, 140
Trd, 4319281.793, 112
Trd, 4319281.943, 107
Trd, 4319282.493, 97
Trd, 4319283.293, 125
Trd, 4319283.843, 106
Trd, 4319284.193, 112
Trd, 4319284.593, 67
Trd, 4319286.193, 124
Trd, 4319286.493, 106
Trd, 4319287.343, 64
Trd, 4319289.193, 126
Trd, 4319289.993, 140
Trd, 4319290.293, 140
Trd, 4319291.243, 114
Trd, 4319291.393, 131
Trd, 4319291.693, 75
Trd, 4319292.193, 115
Trd, 4319293.993, 124
Trd, 4319294.693, 111
Trd, 4319294.943, 102
Trd, 4319295.443, 124
Trd, 4319296.043, 102
Trd, 4319296.443, 131
Trd, 4319296.943, 140
Trd, 4319298.993, 139
Trd, 4319299.193, 136
Trd, 4319299.843, 136
Trd, 4319300.393, 122
Trd, 4319300.443, 104
Trd, 4319301.243, 107
Trd, 4319302.143, 139
Trd, 4319302.893, 140
Trd, 4319303.943, 93
Trd, 4319305.693, 140
Trd, 4319305.993, 140
Trd, 4319306.643, 137
Trd, 4319306.993, 119
Trd, 4319307.243, 107
Trd, 4319308.343, 138
Trd, 4319308.393, 105
Trd, 4319309.593, 93
Trd, 4319310.893, 140
Trd, 4319311.043, 139
Trd, 4319311.093, 124
Trd, 4319311.743, 132
Trd, 4319312.643, 124
Trd, 4319313.543, 139
Trd, 4319313.693, 125
Trd, 4319314.793, 97
Trd, 4319315.593, 115
Trd, 4319316.593, 68
Trd, 4319317.593, 77
Trd, 4319317.993, 99
Trd, 4319318.793, 136
Trd, 4319319.693, 136
Trd, 4319319.793, 135
Trd, 4319320.193, 114
Trd, 4319320.493, 102
Trd, 4319321.543, 100
Trd, 4319322.443, 100
Trd, 4319322.943, 68
Trd, 4319323.043, 91
Trd, 4319323.793, 62
Trd, 4319324.593, 60
Trd, 4319325.393, 65
Trd, 4319325.693, 64
Trd, 4319326.443, 79
Trd, 4319326.593, 61
Trd, 4319326.743, 130
Trd, 4319328.643, 63
Trd, 4319328.843, 61
Trd, 4319330.093, 60
Trd, 4319330.493, 81
Trd, 4319331.043, 66
Trd, 4319331.893, 122
Trd, 4319332.593, 106
Trd, 4319333.243, 100
Trd, 4319334.693, 136
Trd, 4319335.493, 118
Trd, 4319335.643, 99
Trd, 4319335.693, 98
Trd, 4319336.893, 140
Trd, 4319337.543, 123
Trd, 4319337.643, 115
Trd, 4319338.093, 114
Trd, 4319338.393, 108
Trd, 4319338.693, 132
Trd, 4319339.693, 86
Trd, 4319340.893, 103
Trd, 4319341.493, 74
Trd, 4319342.543, 62
Trd, 4319343.843, 118
Trd, 4319344.193, 111
Trd, 4319344.793, 110
Trd, 4319345.043, 127
Trd, 4319346.193, 140
Trd, 4319346.743, 106
Trd, 4319347.243, 102
Trd, 4319347.543, 91
Trd, 4319348.243, 129
Trd, 4319348.843, 128
Trd, 4319349.793, 139
Trd, 4319350.543, 129
Trd, 4319350.593, 128
Trd, 4319351.243, 138
Trd, 4319353.593, 102
Trd, 4319354.143, 133
Trd, 4319354.343, 121
Trd, 4319354.393, 114
Trd, 4319355.143, 86
Trd, 4319355.243, 69
Trd, 4319355.493, 61
Trd, 4319358.293, 140
Trd, 4319359.043, 117
Trd, 4319361.343, 140
Trd, 4319361.493, 139
Trd, 4319361.793, 133
Trd, 4319362.193, 127
Trd, 4319363.643, 139
Trd, 4319364.793, 137
Trd, 4319366.143, 140
Trd, 4319366.193, 140
Trd, 4319366.293, 132
Trd, 4319367.243, 119
Trd, 4319367.793, 139
Trd, 4319367.843, 137
Trd, 4319368.643, 140
Trd, 4319370.943, 127
Trd, 4319371.193, 135
Trd, 4319371.493, 124
Trd, 4319372.043, 102
Trd, 4319373.193, 140
Trd, 4319374.093, 135
Trd, 4319374.343, 139
Trd, 4319374.793, 117
Trd, 4319374.893, 105
Trd, 4319375.143, 109
Trd, 4319375.293, 96
Trd, 4319376.043, 124
Trd, 4319377.193, 61
Trd, 4319377.493, 74
Trd, 4319378.493, 140
Trd, 4319379.793, 125
Trd, 4319380.193, 100
Trd, 4319380.593, 140
Trd, 4319381.393, 89
Trd, 4319381.643, 80
Trd, 4319382.843, 138
Trd, 4319383.093, 124
Trd, 4319383.843, 122
Trd, 4319385.943, 140
Trd, 4319386.143, 140
Trd, 4319386.643, 140
Trd, 4319386.793, 111
Trd, 4319387.593, 106
Trd, 4319388.593, 140
Trd, 4319388.743, 109
Trd, 4319389.593, 98
Trd, 4319390.243, 138
Trd, 4319390.843, 92
Trd, 4319391.793, 91
Trd, 4319393.043, 65
Trd, 4319393.343, 63
Trd, 4319394.893, 140
Trd, 4319395.793, 140
Trd, 4319396.243, 140
Trd, 4319397.293, 139
Trd, 4319397.943, 134
Trd, 4319397.993, 118
Trd, 4319398.493, 139
Trd, 4319398.643, 102
Trd, 4319398.843, 98
Trd, 4319399.293, 94
Trd, 4319400.893, 140
Trd, 4319401.193, 139
Trd, 4319401.943, 129
Trd, 4319402.543, 139
Trd, 4319403.493, 106
Trd, 4319404.243, 140
Trd, 4319404.543, 103
Trd, 4319405.543, 139
Trd, 4319405.993, 138
Trd, 4319406.093, 111
Trd, 4319406.893, 103
Trd, 4319407.743, 116
Trd, 4319408.643, 140
Trd, 4319409.143, 122
Trd, 4319411.043, 62
Trd, 4319411.143, 61
Trd, 4319411.343, 65
Trd, 4319411.993, 63
Trd, 4319413.893, 121
Trd, 4319413.943, 119
Trd, 4319415.243, 136
Trd, 4319415.893, 110
Trd, 4319416.243, 140
Trd, 4319416.393, 128
Trd, 4319416.493, 83
Trd, 4319416.743, 128
Trd, 4319417.893, 69
Trd, 4319418.593, 83
Trd, 4319418.793, 140
Trd, 4319420.593, 87
Trd, 4319421.593, 134
Trd, 4319421.843, 119
Trd, 4319422.493, 139
Trd, 4319423.543, 122
Trd, 4319424.093, 110
Trd, 4319425.043, 140
Trd, 4319425.243, 117
Trd, 4319426.393, 135
Trd, 4319426.593, 134
Trd, 4319427.043, 139
Trd, 4319428.543, 119
Trd, 4319428.793, 105
Trd, 4319429.193, 103
Trd, 4319430.093, 114
Trd, 4319430.393, 94
Trd, 4319431.093, 140
Trd, 4319432.093, 98
Trd, 4319432.443, 88
Trd, 4319432.543, 119
Trd, 4319433.593, 91
Trd, 4319434.693, 105
Trd, 4319435.093, 140
Trd, 4319435.293, 126
Trd, 4319436.193, 114
Trd, 4319436.393, 138
Trd, 4319436.493, 139
Trd, 4319437.293, 123
Trd, 4319438.843, 84
Trd, 4319440.093, 111
Trd, 4319441.143, 138
Trd, 4319442.243, 138
Trd, 4319442.293, 130
Trd, 4319442.343, 115
Trd, 4319442.693, 96
Trd, 4319443.393, 93
Trd, 4319444.043, 124
Trd, 4319445.193, 122
Trd, 4319445.543, 87
Trd, 4319446.343, 76
Trd, 4319447.243, 63
Trd, 4319447.943, 73
Trd, 4319448.493, 73
Trd, 4319448.793, 74
Trd, 4319450.743, 60
Trd, 4319450.793, 70
Trd, 4319451.993, 139
Trd, 4319452.843, 135
Trd, 4319453.393, 134
Trd, 4319453.593, 125
Trd, 4319453.843, 106
Trd, 4319455.593, 105
Trd, 4319455.793, 96
Trd, 4319456.093, 136
Trd, 4319456.843, 97
Trd, 4319457.043, 88
Trd, 4319457.293, 70
Trd, 4319459.343, 139
Trd, 4319459.843, 135
Trd, 4319460.393, 134
Trd, 4319460.693, 114
Trd, 4319460.743, 108
Trd, 4319462.043, 138
Trd, 4319463.143, 116
Trd, 4319464.143, 136
Trd, 4319464.493, 130
Trd, 4319464.693, 109
Trd, 4319465.043, 91
Trd, 4319466.593, 140
Trd, 4319467.243, 134
Trd, 4319467.593, 83
Trd, 4319467.993, 140
Trd, 4319468.643, 136
Trd, 4319468.693, 104
Trd, 4319469.193, 95
Trd, 4319469.243, 94
Trd, 4319469.993, 139
Trd, 4319470.093, 122
Trd, 4319473.143, 62
Trd, 4319473.443, 65
Trd, 4319473.793, 61
Trd, 4319473.843, 65
Trd, 4319473.943, 66
Trd, 4319475.743, 140
Trd, 4319476.393, 140
Trd, 4319476.443, 138
Trd, 4319477.693, 139
Trd, 4319477.893, 138
Trd, 4319478.843, 102
Trd, 4319479.293, 140
Trd, 4319479.643, 97
Trd, 4319480.193, 100
Trd, 4319481.293, 139
Trd, 4319483.193, 140
Trd, 4319484.343, 140
Trd, 4319484.593, 139
Trd, 4319485.943, 138
Trd, 4319485.993, 118
Trd, 4319486.343, 110
Trd, 4319486.743, 129
Trd, 4319488.243, 139
Trd, 4319488.643, 112
Trd, 4319488.743, 105
Trd, 4319489.893, 60
Trd, 4319490.443, 139
Trd, 4319490.693, 138
Trd, 4319492.143, 140
Trd, 4319492.293, 140
Trd, 4319492.543, 111
Trd, 4319493.593, 140
Trd, 4319493.793, 123
Trd, 4319494.143, 114
Trd, 4319494.593, 109
Trd, 4319495.743, 102
Trd, 4319496.193, 118
Trd, 4319496.393, 115
Trd, 4319496.943, 125
Trd, 4319498.143, 106
Trd, 4319498.843, 95
Trd, 4319499.893, 94
Trd, 4319500.943, 139
Trd, 4319501.293, 140
Trd, 4319502.343, 131
Trd, 4319502.843, 130
Trd, 4319504.043, 140
Trd, 4319504.743, 140
Trd, 4319505.943, 139
Trd, 4319506.593, 130
Trd, 4319506.743, 122
Trd, 4319506.793, 97
Trd, 4319507.393, 88
Trd, 4319508.543, 140
Trd, 4319509.593, 140
Trd, 4319509.843, 140
Trd, 4319511.043, 129
Trd, 4319511.593, 140
Trd, 4319512.693, 138
Trd, 4319512.893, 119
Trd, 4319513.343, 138
Trd, 4319513.993, 132
Trd, 4319514.093, 86
Trd, 4319514.793, 63
Trd, 4319515.393, 133
Trd, 4319516.443, 93
Trd, 4319517.543, 139
Trd, 4319517.593, 118
Trd, 4319518.143, 140
Trd, 4319519.793, 139
Trd, 4319520.093, 138
Trd, 4319521.343, 120
Trd, 4319522.243, 140
Trd, 4319523.393, 88
Trd, 4319523.493, 80
Trd, 4319523.543, 74
Trd, 4319524.393, 71
Trd, 4319525.693, 89
Trd, 4319526.443, 139
Trd, 4319527.743, 138
Trd, 4319527.893, 110
Trd, 4319528.743, 109
Trd, 4319529.443, 140
Trd, 4319529.493, 119
Trd, 4319530.643, 113
Trd, 4319530.743, 112
Trd, 4319530.843, 97
Trd, 4319533.293, 140
Trd, 4319533.543, 126
Trd, 4319533.643, 123
Trd, 4319534.943, 65
Trd, 4319535.343, 89
Trd, 4319537.393, 123
Trd, 4319538.143, 139
Trd, 4319538.443, 138
Trd, 4319538.943, 121
Trd, 4319538.993, 115
Trd, 4319539.443, 99
Trd, 4319540.593, 116
Trd, 4319542.093, 139
Trd, 4319542.843, 127
Trd, 4319543.543, 104
Trd, 4319543.843, 133
Trd, 4319544.243, 110
Trd, 4319544.493, 107
Trd, 4319545.443, 104
Trd, 4319545.893, 139
Trd, 4319546.343, 139
Trd, 4319546.693, 110
Trd, 4319547.193, 126
Trd, 4319547.893, 76
Trd, 4319548.593, 61
Trd, 4319550.093, 67
Trd, 4319551.343, 60
Trd, 4319551.393, 65
Trd, 4319552.043, 77
Trd, 4319553.193, 99
Trd, 4319553.243, 98
Trd, 4319556.293, 140
Trd, 4319556.393, 140
Trd, 4319556.993, 122
Trd, 4319557.193, 140
Trd, 4319557.843, 108
Trd, 4319558.043, 130
Trd, 4319558.393, 107
Trd, 4319558.793, 104
Trd, 4319559.193, 114
Trd, 4319560.693, 133
Trd, 4319562.193, 140
Trd, 4319562.343, 119
Trd, 4319562.593, 120
Trd, 4319563.893, 121
Trd, 4319564.193, 131
Trd, 4319564.243, 106
Trd, 4319565.293, 103
Trd, 4319566.443, 89
Trd, 4319568.743, 140
Trd, 4319568.993, 139
Trd, 4319569.243, 122
Trd, 4319570.443, 140
Trd, 4319570.743, 138
Trd, 4319570.943, 118
Trd, 4319570.993, 106
Trd, 4319571.193, 95
Trd, 4319573.093, 137
Trd, 4319573.643, 131
Trd, 4319573.843, 116
Trd, 4319574.243, 79
Trd, 4319574.693, 95
Trd, 4319575.043, 78
Trd, 4319576.393, 64
Trd, 4319576.543, 61
Trd, 4319576.943, 137
Trd, 4319577.293, 130
Trd, 4319577.643, 79
Trd, 4319579.193, 75
Trd, 4319579.593, 98
Trd, 4319580.343, 68
Trd, 4319581.643, 139
Trd, 4319582.243, 118
Trd, 4319582.743, 118
Trd, 4319583.243, 117
Trd, 4319583.393, 107
Trd, 4319583.493, 103
Trd, 4319584.793, 63
Trd, 4319585.843, 140
Trd, 4319585.893, 139
Trd, 4319587.043, 129
Trd, 4319587.393, 129
Trd, 4319587.743, 90
Trd, 4319588.443, 72
Trd, 4319588.793, 72
Trd, 4319590.543, 80
Trd, 4319590.593, 96
Trd, 4319591.343, 105
Trd, 4319591.693, 92
Trd, 4319592.143, 107
Trd, 4319592.593, 87
Trd, 4319592.943, 68
Trd, 4319594.893, 61
Trd, 4319595.193, 64
Trd, 4319596.593, 140
Trd, 4319596.793, 140
Trd, 4319597.543, 125
Trd, 4319598.293, 112
Trd, 4319599.493, 138
Trd, 4319599.593, 133
Trd, 4319602.293, 103
Trd, 4319602.743, 112
Trd, 4319603.043, 111
Trd, 4319604.043, 114
Trd, 4319605.393, 140
Trd, 4319605.893, 139
Trd, 4319606.043, 138
Trd, 4319606.093, 133
Trd, 4319606.593, 118
Trd, 4319606.993, 117
Trd, 4319608.443, 112
Trd, 4319608.843, 68
Trd, 4319610.043, 140
Trd, 4319611.293, 140
Trd, 4319611.593, 140
Trd, 4319611.943, 119
Trd, 4319612.293, 105
Trd, 4319614.493, 140
Trd, 4319614.593, 139
Trd, 4319615.693, 117
Trd, 4319616.693, 117
Trd, 4319617.043, 89
Trd, 4319617.693, 140
Trd, 4319617.893, 100
Trd, 4319618.043, 98
Trd, 4319619.543, 86
Trd, 4319619.893, 92
Trd, 4319620.843, 79
Trd, 4319620.893, 134
Trd, 4319622.693, 140
Trd, 4319622.893, 139
Trd, 4319623.743, 110
Trd, 4319624.243, 88
Trd, 4319625.093, 129
Trd, 4319625.693, 128
Trd, 4319627.343, 139
Trd, 4319629.243, 140
Trd, 4319629.893, 134
Trd, 4319630.693, 133
Trd, 4319630.793, 132
Trd, 4319631.643, 97
Trd, 4319632.193, 94
Trd, 4319634.343, 140
Trd, 4319635.643, 119
Trd, 4319635.793, 109
Trd, 4319636.143, 136
Trd, 4319636.643, 123
Trd, 4319636.693, 120
Trd, 4319636.893, 83
Trd, 4319637.893, 63
Trd, 4319639.093, 139
Trd, 4319639.793, 119
Trd, 4319640.343, 140
Trd, 4319640.943, 124
Trd, 4319641.443, 128
Trd, 4319642.693, 140
Trd, 4319643.043, 133
Trd, 4319643.593, 130
Trd, 4319643.993, 108
Trd, 4319644.693, 101
Trd, 4319647.343, 140
Trd, 4319647.543, 134
Trd, 4319647.943, 120
Trd, 4319648.593, 140
Trd, 4319648.993, 118
Trd, 4319650.243, 117
Trd, 4319650.893, 123
Trd, 4319652.243, 137
Trd, 4319652.393, 105
Trd, 4319652.643, 92
Trd, 4319652.893, 140
Trd, 4319653.643, 139
Trd, 4319654.093, 130
Trd, 4319654.243, 108
Trd, 4319655.843, 139
Trd, 4319656.293, 140
Trd, 4319656.593, 135
Trd, 4319659.343, 138
Trd, 4319659.593, 136
Trd, 4319660.443, 135
Trd, 4319661.243, 130
Trd, 4319661.893, 138
Trd, 4319662.193, 136
Trd, 4319662.793, 90
Trd, 4319663.293, 81
Trd, 4319664.043, 69
Trd, 4319664.443, 70
Trd, 4319665.593, 140
Trd, 4319666.093, 140
Trd, 4319666.543, 139
Trd, 4319667.793, 131
Trd, 4319668.093, 115
Trd, 4319669.343, 139
Trd, 4319669.593, 120
Trd, 4319669.793, 125
Trd, 4319672.493, 139
Trd, 4319672.643, 128
Trd, 4319672.843, 126
Trd, 4319673.993, 140
Trd, 4319674.143, 138
Trd, 4319675.243, 133
Trd, 4319675.293, 118
Trd, 4319676.643, 138
Trd, 4319677.093, 107
Trd, 4319677.343, 100
Trd, 4319677.693, 85
Trd, 4319677.893, 92
Trd, 4319678.843, 81
Trd, 4319679.393, 138
Trd, 4319680.443, 64
Trd, 4319680.843, 123
Trd, 4319681.493, 93
Trd, 4319682.343, 67
Trd, 4319682.893, 71
Trd, 4319683.393, 73
Trd, 4319684.243, 67
Trd, 4319686.193, 62
Trd, 4319686.993, 113
Trd, 4319688.043, 127
Trd, 4319689.193, 130
Trd, 4319689.243, 120
Trd, 4319689.393, 124
Trd, 4319690.943, 131
Trd, 4319691.593, 140
Trd, 4319693.293, 63
Trd, 4319693.443, 63
Trd, 4319694.093, 111
Trd, 4319694.493, 72
Trd, 4319695.093, 67
Trd, 4319695.893, 140
Trd, 4319695.993, 115
Trd, 4319696.493, 76
Trd, 4319697.493, 140
Trd, 4319697.843, 118
Trd, 4319698.043, 112
Trd, 4319698.893, 99
Trd, 4319699.293, 137
Trd, 4319700.443, 76
Trd, 4319700.893, 123
Trd, 4319701.243, 129
Trd, 4319702.493, 138
Trd, 4319704.193, 140
Trd, 4319704.293, 111
Trd, 4319704.343, 96
Trd, 4319705.493, 132
Trd, 4319705.593, 117
Trd, 4319706.543, 110
Trd, 4319706.843, 99
Trd, 4319708.093, 140
Trd, 4319708.443, 139
Trd, 4319708.843, 139
Trd, 4319709.593, 134
Trd, 4319709.693, 118
Trd, 4319711.843, 139
Trd, 4319712.093, 134
Trd, 4319712.243, 114
Trd, 4319712.693, 92
Trd, 4319713.593, 90
Trd, 4319714.393, 96
Trd, 4319714.843, 98
Trd, 4319715.843, 140
Trd, 4319717.143, 104
Trd, 4319717.543, 98
Trd, 4319718.043, 95
Trd, 4319718.943, 112
Trd, 4319719.443, 133
Trd, 4319719.693, 121
Trd, 4319720.393, 90
Trd, 4319720.643, 69
Trd, 4319721.143, 65
Trd, 4319722.593, 129
Trd, 4319723.093, 105
Trd, 4319724.193, 134
Trd, 4319724.993, 139
Trd, 4319725.193, 140
Trd, 4319725.293, 140
Trd, 4319726.143, 131
Trd, 4319728.143, 139
Trd, 4319728.493, 134
Trd, 4319728.543, 131
Trd, 4319729.143, 129
Trd, 4319730.093, 103
Trd, 4319730.543, 94
Trd, 4319730.843, 93
Trd, 4319731.343, 91
Trd, 4319731.643, 79
Trd, 4319732.943, 137
Trd, 4319733.243, 132
Trd, 4319733.443, 140
Trd, 4319734.043, 138
Trd, 4319735.093, 126
Trd, 4319736.393, 113
Trd, 4319736.893, 126
Trd, 4319737.393, 137
Trd, 4319738.393, 116
Trd, 4319739.143, 91
Trd, 4319739.243, 82
Trd, 4319739.693, 140
Trd, 4319740.343, 102
Trd, 4319740.543, 87
Trd, 4319741.193, 84
Trd, 4319743.143, 85
Trd, 4319743.493, 134
Trd, 4319743.743, 77
Trd, 4319744.293, 114
Trd, 4319744.443, 110
Trd, 4319745.643, 101
Trd, 4319745.843, 78
Trd, 4319746.443, 139
Trd, 4319746.543, 105
Trd, 4319747.093, 136
Trd, 4319747.843, 78
Trd, 4319748.293, 62
Trd, 4319749.143, 68
Trd, 4319749.593, 65
Trd, 4319750.793, 140
Trd, 4319751.393, 120
Trd, 4319752.993, 106
Trd, 4319753.043, 96
Trd, 4319754.293, 138
Trd, 4319754.543, 133
Trd, 4319754.693, 133
Trd, 4319756.143, 138
Trd, 4319757.393, 130
Trd, 4319757.593, 127
Trd, 4319757.643, 123
Trd, 4319758.843, 123
Trd, 4319758.943, 84
Trd, 4319759.143, 135
Trd, 4319760.293, 78
Trd, 4319760.543, 140
Trd, 4319760.943, 63
Trd, 4319761.143, 121
Trd, 4319762.043, 102
Trd, 4319763.243, 138
Trd, 4319763.943, 117
Trd, 4319764.743, 97
Trd, 4319765.443, 140
Trd, 4319765.743, 132
Trd, 4319766.093, 139
Trd, 4319766.693, 140
Trd, 4319768.643, 140
Trd, 4319769.093, 140
Trd, 4319769.293, 131
Trd, 4319769.643, 126
Trd, 4319770.093, 120
Trd, 4319770.493, 139
Trd, 4319771.143, 125
Trd, 4319772.143, 99
Trd, 4319772.893, 139
Trd, 4319774.193, 115
Trd, 4319774.493, 99
Trd, 4319776.443, 127
Trd, 4319776.943, 124
Trd, 4319777.593, 120
Trd, 4319777.993, 111
Trd, 4319778.443, 139
Trd, 4319779.193, 114
Trd, 4319779.793, 61
Trd, 4319780.693, 139
Trd, 4319780.893, 113
Trd, 4319782.193, 87
Trd, 4319782.443, 119
Trd, 4319783.043, 91
Trd, 4319783.893, 140
Trd, 4319784.843, 129
Trd, 4319785.293, 127
Trd, 4319785.993, 103
Trd, 4319786.593, 94
Trd, 4319786.893, 101
Trd, 4319787.993, 139
Trd, 4319788.043, 110
Trd, 4319790.243, 140
Trd, 4319790.743, 118
Trd, 4319790.843, 116
Trd, 4319790.993, 95
Trd, 4319791.243, 121
Trd, 4319791.443, 116
Trd, 4319791.943, 62
Trd, 4319792.343, 136
Trd, 4319794.243, 76
Trd, 4319794.743, 72
Trd, 4319795.343, 85
Trd, 4319796.443, 71
Trd, 4319796.793, 140
Trd, 4319796.993, 140
Trd, 4319797.993, 133
Trd, 4319798.693, 102
Trd, 4319799.093, 119
Trd, 4319800.193, 139
Trd, 4319800.793, 135
Trd, 4319801.043, 120
Trd, 4319802.493, 115
Trd, 4319802.643, 138
Trd, 4319804.093, 140
Trd, 4319804.393, 140
Trd, 4319804.693, 119
Trd, 4319804.893, 119
Trd, 4319806.543, 140
Trd, 4319806.743, 120
Trd, 4319808.043, 140
Trd, 4319808.093, 139
Trd, 4319808.243, 130
Trd, 4319808.893, 139
Trd, 4319809.293, 124
Trd, 4319810.243, 99
Trd, 4319811.593, 137
Trd, 4319812.093, 111
Trd, 4319812.693, 91
Trd, 4319814.043, 137
Trd, 4319814.543, 122
Trd, 4319814.593, 102
Trd, 4319815.093, 89
Trd, 4319816.843, 140
Trd, 4319817.843, 140
Trd, 4319818.343, 127
Trd, 4319819.743, 135
Trd, 4319820.043, 133
Trd, 4319820.243, 106
Trd, 4319820.993, 139
Trd, 4319821.093, 131
Trd, 4319821.393, 101
Trd, 4319821.643, 98
Trd, 4319821.943, 96
Trd, 4319823.143, 80
Trd, 4319823.793, 68
Trd, 4319824.893, 65
Trd, 4319825.943, 139
Trd, 4319826.493, 122
Trd, 4319827.343, 122
Trd, 4319827.843, 110
Trd, 4319829.143, 138
Trd, 4319829.843, 136
Trd, 4319829.993, 131
Trd, 4319830.593, 107
Trd, 4319830.743, 100
Trd, 4319831.293, 118
Trd, 4319831.443, 94
Trd, 4319834.143, 120
Trd, 4319834.743, 135
Trd, 4319834.893, 117
Trd, 4319835.093, 99
Trd, 4319836.243, 140
Trd, 4319836.693, 139
Trd, 4319838.093, 99
Trd, 4319838.593, 117
Trd, 4319838.793, 109
Trd, 4319840.043, 90
Trd, 4319840.943, 140
Trd, 4319841.293, 108
Trd, 4319841.843, 138
Trd, 4319842.793, 89
Trd, 4319843.243, 75
Trd, 4319844.193, 111
Trd, 4319845.593, 83
Trd, 4319845.843, 138
Trd, 4319846.993, 128
Trd, 4319847.843, 105
Trd, 4319848.293, 129
Trd, 4319848.893, 136
Trd, 4319850.243, 113
Trd, 4319850.393, 140
Trd, 4319850.693, 140
Trd, 4319850.893, 97
Trd, 4319851.793, 139
Trd, 4319852.693, 140
Trd, 4319853.693, 138
Trd, 4319854.443, 120
Trd, 4319855.343, 104
Trd, 4319855.693, 60
Trd, 4319856.243, 70
Trd, 4319857.543, 124
Trd, 4319858.643, 130
Trd, 4319858.693, 119
Trd, 4319858.793, 114
Trd, 4319858.993, 102
Trd, 4319860.443, 91
Trd, 4319860.893, 120
Trd, 4319862.143, 140
Trd, 4319862.243, 115
Trd, 4319862.393, 139
Trd, 4319863.493, 112
Trd, 4319863.843, 140
Trd, 4319864.493, 140
Trd, 4319864.693, 111
Trd, 4319866.143, 95
Trd, 4319866.543, 88
Trd, 4319867.243, 76
Trd, 4319868.343, 84
Trd, 4319868.493, 81
Trd, 4319869.343, 87
Trd, 4319870.793, 60
Trd, 4319871.493, 62
Trd, 4319871.593, 90
Trd, 4319871.643, 60
Trd, 4319871.993, 75
Trd, 4319872.443, 63
Trd, 4319872.793, 61
Trd, 4319873.743, 67
Trd, 4319873.893, 140
Trd, 4319875.593, 66
Trd, 4319875.893, 67
Trd, 4319876.093, 96
Trd, 4319878.293, 61
Trd, 4319878.543, 64
Trd, 4319879.043, 101
Trd, 4319879.343, 139
Trd, 4319880.443, 85
Trd, 4319880.693, 84
Trd, 4319881.293, 78
Trd, 4319882.243, 91
Trd, 4319882.893, 86
Trd, 4319883.243, 140
Trd, 4319883.443, 94
Trd, 4319883.793, 72
Trd, 4319884.993, 69
Trd, 4319885.643, 62
Trd, 4319886.343, 60
Trd, 4319887.343, 140
Trd, 4319887.943, 79
Trd, 4319889.943, 105
Trd, 4319890.293, 139
Trd, 4319890.393, 134
Trd, 4319890.993, 113
Trd, 4319892.093, 125
Trd, 4319892.493, 129
Trd, 4319892.843, 139
Trd, 4319893.393, 124
Trd, 4319894.093, 105
Trd, 4319894.443, 111
Trd, 4319894.643, 92
Trd, 4319895.943, 135
Trd, 4319896.643, 140
Trd, 4319896.743, 139
Trd, 4319898.393, 108
Trd, 4319898.843, 140
Trd, 4319899.593, 121
Trd, 4319900.693, 109
Trd, 4319901.293, 139
Trd, 4319901.643, 140
Trd, 4319901.893, 130
Trd, 4319903.493, 126
Trd, 4319903.893, 137
Trd, 4319904.293, 125
Trd, 4319904.693, 134
Trd, 4319906.693, 136
Trd, 4319907.293, 110
Trd, 4319907.993, 140
Trd, 4319908.143, 117
Trd, 4319909.393, 140
Trd, 4319909.593, 140
Trd, 4319910.293, 139
Trd, 4319910.593, 105
Trd, 4319911.093, 137
Trd, 4319912.343, 112
Trd, 4319912.543, 109
Trd, 4319913.993, 138
Trd, 4319914.043, 115
Trd, 4319914.943, 125
Trd, 4319916.193, 131
Trd, 4319917.343, 140
Trd, 4319917.793, 140
Trd, 4319917.893, 140
Trd, 4319918.143, 111
Trd, 4319919.043, 108
Trd, 4319920.543, 133
Trd, 4319920.993, 97
Trd, 4319921.843, 85
Trd, 4319922.743, 140
Trd, 4319922.993, 102
Trd, 4319923.143, 85
Trd, 4319923.593, 121
Trd, 4319924.693, 100
Trd, 4319924.893, 113
Trd, 4319926.293, 61
Trd, 4319926.843, 60
Trd, 4319926.993, 68
Trd, 4319927.443, 87
Trd, 4319928.343, 129
Trd, 4319928.793, 118
Trd, 4319930.943, 140
Trd, 4319931.143, 139
Trd, 4319931.393, 138
Trd, 4319932.843, 138
Trd, 4319932.943, 137
Trd, 4319933.493, 118
Trd, 4319936.393, 126
Trd, 4319936.543, 84
Trd, 4319938.093, 64
Trd, 4319938.593, 65
Trd, 4319939.093, 83
Trd, 4319939.193, 114
Trd, 4319940.043, 83
Trd, 4319941.043, 70
Trd, 4319941.493, 70
Trd, 4319942.243, 73
Trd, 4319942.943, 138
Trd, 4319943.193, 120
Trd, 4319943.543, 119
Trd, 4319944.093, 136
Trd, 4319944.193, 104
Trd, 4319944.743, 87
Trd, 4319946.143, 71
Trd, 4319946.693, 86
Trd, 4319947.343, 136
Trd, 4319949.243, 75
Trd, 4319949.693, 77
Trd, 4319950.243, 140
Trd, 4319950.593, 62
Trd, 4319951.743, 130
Trd, 4319952.493, 133
Trd, 4319953.143, 140
Trd, 4319953.993, 118
Trd, 4319954.193, 106
Trd, 4319954.593, 93
Trd, 4319954.943, 129
Trd, 4319957.143, 100
Trd, 4319957.443, 101
Trd, 4319957.693, 87
Trd, 4319957.893, 85
Trd, 4319959.143, 95
Trd, 4319961.293, 139
Trd, 4319961.543, 105
Trd, 4319962.143, 119
Trd, 4319962.693, 113
Trd, 4319962.993, 112
Trd, 4319963.143, 86
Trd, 4319963.343, 85
Trd, 4319963.793, 73
Trd, 4319964.793, 62
Trd, 4319965.243, 138
Trd, 4319965.993, 72
Trd, 4319966.943, 131
Trd, 4319967.243, 126
Trd, 4319968.293, 139
Trd, 4319969.293, 140
Trd, 4319970.493, 138
Trd, 4319971.443, 114
Trd, 4319971.793, 135
Trd, 4319972.143, 101
Trd, 4319972.443, 83
Trd, 4319973.943, 125
Trd, 4319975.193, 96
Trd, 4319975.593, 95
Trd, 4319975.693, 136
Trd, 4319976.693, 138
Trd, 4319977.043, 110
Trd, 4319977.093, 106
Trd, 4319977.593, 95
Trd, 4319978.893, 140
Trd, 4319979.143, 119
Trd, 4319979.893, 138
Trd, 4319980.143, 130
Trd, 4319980.893, 104
Trd, 4319982.093, 140
Trd, 4319982.643, 117
Trd, 4319983.893, 111
Trd, 4319983.993, 89
Trd, 4319984.143, 88
Trd, 4319985.193, 139
Trd, 4319985.993, 138
Trd, 4319987.043, 135
Trd, 4319987.993, 140
Trd, 4319989.043, 113
Trd, 4319989.443, 100
Trd, 4319990.643, 128
Trd, 4319991.693, 108
Trd, 4319991.943, 105
Trd, 4319992.243, 124
Trd, 4319992.393, 99
Trd, 4319993.143, 139
Trd, 4319993.443, 134
Trd, 4319993.643, 111
Trd, 4319993.943, 77
Trd, 4319994.593, 134
Trd, 4319994.993, 105
Trd, 4319995.843, 82
Trd, 4319997.943, 62
Trd, 4319998.993, 61
Trd, 4319999.743, 140
Trd, 4319999.993, 109
