Trd, 4318176.193, 101
Trd, 4318176.743, 66
Trd, 4318177.393, 75
Trd, 4318177.993, 87
Trd, 4318178.793, 80
Trd, 4318179.293, 68
Trd, 4318180.293, 77
Trd, 4318180.393, 76
Trd, 4318180.793, 133
Trd, 4318181.193, 93
Trd, 4318181.293, 120
Trd, 4318182.443, 61
Trd, 4318183.193, 90
Trd, 4318183.743, 107
Trd, 4318183.893, 86
Trd, 4318185.493, 138
Trd, 4318186.293, 120
Trd, 4318186.443, 95
Trd, 4318188.343, 64
Trd, 4318188.543, 106
Trd, 4318190.093, 139
Trd, 4318190.443, 136
Trd, 4318190.693, 129
Trd, 4318191.443, 95
Trd, 4318191.493, 94
Trd, 4318192.193, 134
Trd, 4318192.643, 106
Trd, 4318193.093, 89
Trd, 4318193.293, 84
Trd, 4318194.493, 96
Trd, 4318194.743, 104
Trd, 4318195.843, 81
Trd, 4318196.143, 72
Trd, 4318196.543, 86
Trd, 4318198.043, 131
Trd, 4318198.893, 83
Trd, 4318199.143, 100
Trd, 4318200.443, 138
Trd, 4318202.043, 103
Trd, 4318202.593, 116
Trd, 4318202.993, 108
Trd, 4318204.193, 128
Trd, 4318204.543, 93
Trd, 4318204.843, 81
Trd, 4318205.143, 75
Trd, 4318205.643, 66
Trd, 4318206.043, 82
Trd, 4318206.893, 98
Trd, 4318208.643, 93
Trd, 4318208.843, 121
Trd, 4318208.993, 92
Trd, 4318210.043, 91
Trd, 4318211.193, 63
Trd, 4318211.393, 93
Trd, 4318212.193, 66
Trd, 4318212.743, 66
Trd, 4318214.043, 100
Trd, 4318214.393, 65
Trd, 4318214.693, 97
Trd, 4318214.893, 71
Trd, 4318215.043, 118
Trd, 4318216.543, 85
Trd, 4318217.443, 80
Trd, 4318217.943, 105
Trd, 4318218.193, 119
Trd, 4318219.793, 100
Trd, 4318220.193, 69
Trd, 4318220.693, 68
Trd, 4318220.893, 76
Trd, 4318221.293, 80
Trd, 4318221.743, 111
Trd, 4318222.243, 134
Trd, 4318223.143, 86
Trd, 4318223.793, 72
Trd, 4318224.543, 64
Trd, 4318227.643, 71
Trd, 4318228.093, 68
Trd, 4318228.493, 70
Trd, 4318228.543, 83
Trd, 4318228.793, 68
Trd, 4318229.643, 65
Trd, 4318230.443, 97
Trd, 4318230.743, 83
Trd, 4318230.893, 109
Trd, 4318231.393, 110
Trd, 4318231.643, 86
Trd, 4318234.293, 79
Trd, 4318234.393, 105
Trd, 4318236.343, 138
Trd, 4318236.393, 128
Trd, 4318236.643, 122
Trd, 4318237.143, 107
Trd, 4318237.843, 104
Trd, 4318238.293, 94
Trd, 4318239.493, 72
Trd, 4318239.743, 95
Trd, 4318240.443, 111
Trd, 4318240.593, 69
Trd, 4318241.493, 102
Trd, 4318242.093, 80
Trd, 4318242.293, 101
Trd, 4318242.743, 112
Trd, 4318242.793, 80
Trd, 4318243.593, 127
Trd, 4318244.443, 138
Trd, 4318245.143, 92
Trd, 4318245.943, 123
Trd, 4318246.693, 99
Trd, 4318247.643, 75
Trd, 4318248.293, 73
Trd, 4318248.493, 74
Trd, 4318248.543, 100
Trd, 4318249.393, 92
Trd, 4318251.093, 63
Trd, 4318251.643, 81
Trd, 4318252.143, 108
Trd, 4318252.343, 113
Trd, 4318252.543, 97
Trd, 4318252.643, 97
Trd, 4318253.293, 68
Trd, 4318254.493, 83
Trd, 4318254.543, 74
Trd, 4318255.693, 66
Trd, 4318256.343, 69
Trd, 4318256.543, 76
Trd, 4318256.793, 64
Trd, 4318256.893, 73
Trd, 4318257.343, 63
Trd, 4318259.643, 74
Trd, 4318259.693, 86
Trd, 4318259.993, 87
Trd, 4318261.543, 128
Trd, 4318261.943, 94
Trd, 4318262.993, 70
Trd, 4318263.293, 103
Trd, 4318263.993, 95
Trd, 4318265.643, 89
Trd, 4318265.843, 80
Trd, 4318265.993, 78
Trd, 4318266.593, 97
Trd, 4318266.743, 108
Trd, 4318266.893, 95
Trd, 4318267.193, 123
Trd, 4318269.243, 63
Trd, 4318269.543, 81
Trd, 4318269.693, 103
Trd, 4318270.843, 122
Trd, 4318271.693, 89
Trd, 4318272.743, 112
Trd, 4318273.293, 136
Trd, 4318273.593, 104
Trd, 4318273.943, 89
Trd, 4318275.193, 73
Trd, 4318276.093, 62
Trd, 4318276.593, 71
Trd, 4318276.943, 76
Trd, 4318277.543, 60
Trd, 4318277.793, 109
Trd, 4318277.843, 136
Trd, 4318280.243, 68
Trd, 4318281.193, 73
Trd, 4318281.443, 90
Trd, 4318281.943, 72
Trd, 4318282.343, 98
Trd, 4318282.393, 108
Trd, 4318284.143, 113
Trd, 4318284.243, 110
Trd, 4318284.393, 100
Trd, 4318285.043, 119
Trd, 4318286.743, 78
Trd, 4318286.793, 66
Trd, 4318287.743, 105
Trd, 4318287.993, 92
Trd, 4318288.643, 118
Trd, 4318289.093, 89
Trd, 4318289.593, 85
Trd, 4318290.293, 106
Trd, 4318290.543, 120
Trd, 4318290.993, 112
Trd, 4318291.293, 74
Trd, 4318291.393, 118
Trd, 4318292.493, 80
Trd, 4318293.243, 138
Trd, 4318293.943, 130
Trd, 4318294.193, 132
Trd, 4318294.793, 72
Trd, 4318295.943, 73
Trd, 4318296.393, 87
Trd, 4318298.593, 97
Trd, 4318299.093, 69
Trd, 4318299.693, 80
Trd, 4318299.943, 136
Trd, 4318301.143, 67
Trd, 4318301.243, 70
Trd, 4318301.593, 88
Trd, 4318302.343, 79
Trd, 4318302.493, 93
Trd, 4318302.593, 79
Trd, 4318304.143, 66
Trd, 4318304.593, 77
Trd, 4318305.343, 110
Trd, 4318305.893, 76
Trd, 4318306.343, 87
Trd, 4318306.843, 96
Trd, 4318308.193, 99
Trd, 4318308.743, 66
Trd, 4318308.843, 88
Trd, 4318309.743, 84
Trd, 4318310.143, 82
Trd, 4318310.293, 77
Trd, 4318310.893, 124
Trd, 4318312.243, 125
Trd, 4318312.793, 133
Trd, 4318313.743, 140
Trd, 4318314.043, 125
Trd, 4318314.343, 119
Trd, 4318314.643, 95
Trd, 4318314.943, 106
Trd, 4318316.093, 140
Trd, 4318316.793, 93
Trd, 4318318.293, 126
Trd, 4318319.143, 116
Trd, 4318319.743, 109
Trd, 4318320.293, 106
Trd, 4318321.793, 138
Trd, 4318321.893, 110
Trd, 4318322.593, 92
Trd, 4318323.143, 140
Trd, 4318323.293, 99
Trd, 4318323.793, 121
Trd, 4318324.393, 110
Trd, 4318324.593, 119
Trd, 4318324.843, 107
Trd, 4318324.943, 104
Trd, 4318325.643, 101
Trd, 4318325.843, 99
Trd, 4318326.643, 140
Trd, 4318326.893, 139
Trd, 4318327.743, 66
Trd, 4318329.043, 90
Trd, 4318329.543, 139
Trd, 4318329.693, 102
Trd, 4318331.043, 103
Trd, 4318331.543, 121
Trd, 4318332.043, 68
Trd, 4318332.193, 82
Trd, 4318332.293, 86
Trd, 4318334.243, 63
Trd, 4318334.843, 77
Trd, 4318335.543, 73
Trd, 4318336.793, 86
Trd, 4318337.143, 93
Trd, 4318337.443, 76
Trd, 4318339.093, 87
Trd, 4318339.193, 80
Trd, 4318339.493, 128
Trd, 4318340.843, 140
Trd, 4318341.693, 63
Trd, 4318341.743, 104
Trd, 4318342.843, 62
Trd, 4318343.093, 69
Trd, 4318343.343, 71
Trd, 4318344.493, 88
Trd, 4318345.193, 75
Trd, 4318345.293, 75
Trd, 4318346.593, 99
Trd, 4318346.943, 84
Trd, 4318347.793, 114
Trd, 4318348.243, 88
Trd, 4318348.743, 77
Trd, 4318349.093, 81
Trd, 4318349.443, 87
Trd, 4318349.643, 92
Trd, 4318351.143, 70
Trd, 4318351.393, 69
Trd, 4318352.193, 90
Trd, 4318354.043, 74
Trd, 4318354.093, 107
Trd, 4318354.993, 97
Trd, 4318355.043, 94
Trd, 4318355.243, 129
Trd, 4318355.293, 92
Trd, 4318358.143, 92
Trd, 4318358.243, 86
Trd, 4318358.443, 115
Trd, 4318359.293, 82
Trd, 4318360.193, 69
Trd, 4318360.843, 89
Trd, 4318361.693, 107
Trd, 4318361.893, 80
Trd, 4318362.743, 99
Trd, 4318363.893, 101
Trd, 4318364.443, 84
Trd, 4318364.743, 104
Trd, 4318365.293, 112
Trd, 4318366.143, 73
Trd, 4318366.993, 67
Trd, 4318367.993, 74
Trd, 4318368.093, 77
Trd, 4318369.293, 79
Trd, 4318370.043, 80
Trd, 4318370.443, 65
Trd, 4318370.843, 82
Trd, 4318371.593, 65
Trd, 4318372.243, 68
Trd, 4318372.293, 71
Trd, 4318372.743, 60
Trd, 4318374.143, 81
Trd, 4318374.843, 62
Trd, 4318375.193, 95
Trd, 4318375.293, 136
Trd, 4318378.593, 81
Trd, 4318378.643, 89
Trd, 4318378.693, 95
Trd, 4318379.343, 102
Trd, 4318379.843, 125
Trd, 4318380.193, 85
Trd, 4318380.543, 85
Trd, 4318380.693, 78
Trd, 4318382.143, 97
Trd, 4318383.493, 139
Trd, 4318384.493, 82
Trd, 4318385.243, 80
Trd, 4318386.193, 114
Trd, 4318386.543, 99
Trd, 4318387.943, 110
Trd, 4318387.993, 105
Trd, 4318388.693, 95
Trd, 4318389.093, 131
Trd, 4318390.193, 132
Trd, 4318390.343, 93
Trd, 4318390.643, 68
Trd, 4318390.843, 95
Trd, 4318391.593, 67
Trd, 4318391.843, 111
Trd, 4318392.693, 118
Trd, 4318393.393, 135
Trd, 4318393.743, 101
Trd, 4318393.943, 86
Trd, 4318395.293, 79
Trd, 4318396.193, 108
Trd, 4318396.893, 62
Trd, 4318397.693, 65
Trd, 4318397.893, 84
Trd, 4318398.293, 82
Trd, 4318399.243, 69
Trd, 4318400.093, 66
Trd, 4318400.143, 67
Trd, 4318401.043, 95
Trd, 4318401.443, 65
Trd, 4318402.143, 83
Trd, 4318402.993, 86
Trd, 4318403.543, 67
Trd, 4318404.443, 78
Trd, 4318406.243, 110
Trd, 4318406.593, 118
Trd, 4318406.943, 107
Trd, 4318407.093, 88
Trd, 4318409.093, 69
Trd, 4318409.243, 66
Trd, 4318409.543, 68
Trd, 4318409.993, 73
Trd, 4318410.443, 104
Trd, 4318411.143, 107
Trd, 4318412.143, 65
Trd, 4318412.643, 72
Trd, 4318413.093, 131
Trd, 4318414.343, 69
Trd, 4318414.643, 89
Trd, 4318416.343, 63
Trd, 4318416.593, 66
Trd, 4318416.743, 66
Trd, 4318416.843, 112
Trd, 4318417.943, 60
Trd, 4318418.243, 62
Trd, 4318418.893, 85
Trd, 4318419.793, 99
Trd, 4318420.093, 90
Trd, 4318420.293, 86
Trd, 4318421.993, 75
Trd, 4318423.243, 63
Trd, 4318423.543, 65
Trd, 4318423.993, 70
Trd, 4318424.243, 62
Trd, 4318424.293, 75
Trd, 4318424.843, 87
Trd, 4318425.193, 132
Trd, 4318425.443, 85
Trd, 4318425.793, 94
Trd, 4318427.443, 64
Trd, 4318427.543, 128
Trd, 4318428.343, 140
Trd, 4318429.393, 62
Trd, 4318430.843, 67
Trd, 4318431.093, 97
Trd, 4318431.543, 114
Trd, 4318431.793, 88
Trd, 4318433.493, 108
Trd, 4318433.593, 122
Trd, 4318434.293, 108
Trd, 4318434.843, 79
Trd, 4318434.893, 75
Trd, 4318435.143, 78
Trd, 4318437.043, 105
Trd, 4318437.593, 103
Trd, 4318437.943, 93
Trd, 4318439.493, 77
Trd, 4318439.543, 64
Trd, 4318439.593, 122
Trd, 4318439.943, 72
Trd, 4318440.393, 67
Trd, 4318441.793, 60
Trd, 4318443.193, 77
Trd, 4318443.893, 91
Trd, 4318444.043, 87
Trd, 4318444.443, 73
Trd, 4318444.943, 78
Trd, 4318445.293, 71
Trd, 4318445.943, 69
Trd, 4318446.393, 102
Trd, 4318446.993, 73
Trd, 4318447.093, 88
Trd, 4318448.143, 105
Trd, 4318448.943, 102
Trd, 4318449.243, 116
Trd, 4318449.743, 137
Trd, 4318449.893, 140
Trd, 4318450.893, 107
Trd, 4318451.443, 99
Trd, 4318451.643, 91
Trd, 4318452.493, 111
Trd, 4318452.793, 139
Trd, 4318453.443, 137
Trd, 4318454.143, 100
Trd, 4318454.343, 92
Trd, 4318456.443, 79
Trd, 4318456.643, 73
Trd, 4318457.093, 82
Trd, 4318457.943, 82
Trd, 4318459.843, 77
Trd, 4318459.993, 81
Trd, 4318460.243, 125
Trd, 4318461.143, 138
Trd, 4318461.493, 139
Trd, 4318461.693, 118
Trd, 4318462.593, 80
Trd, 4318463.243, 64
Trd, 4318464.293, 70
Trd, 4318464.343, 72
Trd, 4318464.743, 85
Trd, 4318464.993, 79
Trd, 4318466.043, 92
Trd, 4318466.393, 93
Trd, 4318467.093, 65
Trd, 4318467.493, 109
Trd, 4318468.543, 84
Trd, 4318468.693, 83
Trd, 4318469.293, 85
Trd, 4318469.493, 82
Trd, 4318470.643, 76
Trd, 4318470.743, 104
Trd, 4318471.293, 95
Trd, 4318471.593, 70
Trd, 4318472.543, 77
Trd, 4318473.493, 65
Trd, 4318473.643, 68
Trd, 4318473.693, 69
Trd, 4318476.393, 76
Trd, 4318476.593, 87
Trd, 4318476.743, 99
Trd, 4318477.693, 73
Trd, 4318478.293, 70
Trd, 4318478.693, 62
Trd, 4318478.743, 71
Trd, 4318478.943, 83
Trd, 4318479.293, 82
Trd, 4318480.093, 81
Trd, 4318482.093, 82
Trd, 4318483.543, 63
Trd, 4318483.943, 112
Trd, 4318484.243, 71
Trd, 4318484.793, 91
Trd, 4318485.143, 64
Trd, 4318485.793, 79
Trd, 4318486.093, 100
Trd, 4318486.743, 75
Trd, 4318486.843, 105
Trd, 4318487.643, 88
Trd, 4318488.193, 120
Trd, 4318489.593, 123
Trd, 4318490.293, 134
Trd, 4318491.093, 126
Trd, 4318491.243, 107
Trd, 4318491.693, 94
Trd, 4318492.043, 107
Trd, 4318493.093, 70
Trd, 4318493.393, 67
Trd, 4318493.643, 64
Trd, 4318494.443, 76
Trd, 4318494.493, 79
Trd, 4318496.943, 132
Trd, 4318497.043, 113
Trd, 4318497.793, 138
Trd, 4318497.943, 108
Trd, 4318498.243, 97
Trd, 4318498.843, 140
Trd, 4318499.193, 109
Trd, 4318499.343, 94
Trd, 4318500.143, 105
Trd, 4318500.743, 116
Trd, 4318502.143, 116
Trd, 4318502.493, 70
Trd, 4318503.593, 71
Trd, 4318504.843, 72
Trd, 4318505.443, 73
Trd, 4318506.143, 63
Trd, 4318506.243, 64
Trd, 4318508.393, 103
Trd, 4318508.793, 77
Trd, 4318509.293, 64
Trd, 4318510.243, 70
Trd, 4318510.293, 95
Trd, 4318510.593, 65
Trd, 4318510.843, 67
Trd, 4318511.043, 77
Trd, 4318512.343, 86
Trd, 4318512.743, 136
Trd, 4318512.793, 75
Trd, 4318513.593, 122
Trd, 4318514.393, 137
Trd, 4318514.643, 101
Trd, 4318515.693, 96
Trd, 4318515.843, 93
Trd, 4318517.093, 92
Trd, 4318517.893, 98
Trd, 4318518.293, 84
Trd, 4318519.643, 87
Trd, 4318519.943, 98
Trd, 4318520.293, 69
Trd, 4318520.443, 68
Trd, 4318520.793, 82
Trd, 4318521.343, 83
Trd, 4318522.343, 71
Trd, 4318523.043, 90
Trd, 4318523.843, 93
Trd, 4318524.493, 78
Trd, 4318524.893, 108
Trd, 4318524.993, 117
Trd, 4318525.693, 99
Trd, 4318525.743, 75
Trd, 4318526.543, 90
Trd, 4318528.443, 131
Trd, 4318529.493, 131
Trd, 4318529.543, 108
Trd, 4318529.943, 95
Trd, 4318531.743, 93
Trd, 4318531.893, 128
Trd, 4318532.043, 138
Trd, 4318532.543, 80
Trd, 4318532.843, 68
Trd, 4318534.543, 70
Trd, 4318535.543, 85
Trd, 4318535.943, 80
Trd, 4318536.943, 67
Trd, 4318537.093, 70
Trd, 4318537.243, 62
Trd, 4318540.093, 87
Trd, 4318540.743, 98
Trd, 4318540.793, 115
Trd, 4318541.293, 92
Trd, 4318541.643, 100
Trd, 4318542.393, 103
Trd, 4318543.593, 118
Trd, 4318544.243, 83
Trd, 4318544.743, 107
Trd, 4318544.793, 99
Trd, 4318545.443, 77
Trd, 4318547.243, 100
Trd, 4318547.593, 104
Trd, 4318547.793, 103
Trd, 4318547.993, 94
Trd, 4318548.743, 69
Trd, 4318549.193, 75
Trd, 4318549.643, 73
Trd, 4318550.143, 108
Trd, 4318551.693, 140
Trd, 4318552.043, 123
Trd, 4318552.143, 122
Trd, 4318552.743, 65
Trd, 4318552.793, 137
Trd, 4318553.743, 99
Trd, 4318554.243, 88
Trd, 4318555.293, 95
Trd, 4318555.793, 123
Trd, 4318556.043, 119
Trd, 4318556.243, 115
Trd, 4318557.643, 87
Trd, 4318557.893, 86
Trd, 4318558.193, 79
Trd, 4318558.893, 97
Trd, 4318560.093, 140
Trd, 4318560.693, 135
Trd, 4318561.193, 114
Trd, 4318562.643, 129
Trd, 4318562.943, 102
Trd, 4318563.293, 138
Trd, 4318563.493, 120
Trd, 4318564.043, 89
Trd, 4318565.493, 116
Trd, 4318566.193, 104
Trd, 4318566.443, 89
Trd, 4318566.693, 127
Trd, 4318569.343, 97
Trd, 4318569.793, 91
Trd, 4318570.243, 95
Trd, 4318570.343, 115
Trd, 4318571.293, 60
Trd, 4318572.193, 98
Trd, 4318574.043, 124
Trd, 4318574.293, 99
Trd, 4318574.793, 132
Trd, 4318575.493, 108
Trd, 4318576.043, 125
Trd, 4318576.293, 117
Trd, 4318576.693, 138
Trd, 4318577.143, 82
Trd, 4318578.043, 138
Trd, 4318579.043, 63
Trd, 4318580.893, 75
Trd, 4318581.393, 78
Trd, 4318581.643, 77
Trd, 4318581.893, 97
Trd, 4318582.143, 120
Trd, 4318582.593, 104
Trd, 4318583.143, 62
Trd, 4318583.593, 134
Trd, 4318585.193, 88
Trd, 4318586.093, 91
Trd, 4318586.293, 96
Trd, 4318586.793, 118
Trd, 4318586.843, 86
Trd, 4318588.293, 68
Trd, 4318589.193, 105
Trd, 4318589.443, 108
Trd, 4318589.893, 135
Trd, 4318590.143, 82
Trd, 4318591.693, 84
Trd, 4318592.793, 63
Trd, 4318593.943, 65
Trd, 4318594.293, 74
Trd, 4318595.093, 86
Trd, 4318595.243, 87
Trd, 4318595.893, 110
Trd, 4318596.043, 73
Trd, 4318597.943, 78
Trd, 4318597.993, 86
Trd, 4318599.893, 104
Trd, 4318600.093, 102
Trd, 4318600.143, 85
Trd, 4318601.293, 80
Trd, 4318602.643, 92
Trd, 4318602.693, 110
Trd, 4318602.893, 90
Trd, 4318603.543, 67
Trd, 4318605.243, 68
Trd, 4318605.593, 61
Trd, 4318605.943, 99
Trd, 4318607.143, 80
Trd, 4318607.643, 88
Trd, 4318607.693, 91
Trd, 4318609.343, 78
Trd, 4318609.643, 90
Trd, 4318609.693, 98
Trd, 4318610.393, 92
Trd, 4318611.043, 66
Trd, 4318611.343, 133
Trd, 4318612.093, 110
Trd, 4318612.793, 77
Trd, 4318613.393, 89
Trd, 4318613.743, 95
Trd, 4318614.793, 82
Trd, 4318615.193, 85
Trd, 4318615.343, 106
Trd, 4318616.193, 89
Trd, 4318616.393, 84
Trd, 4318616.943, 140
Trd, 4318617.193, 74
Trd, 4318618.043, 119
Trd, 4318618.643, 80
Trd, 4318620.743, 135
Trd, 4318620.793, 81
Trd, 4318621.343, 139
Trd, 4318622.193, 138
Trd, 4318622.293, 116
Trd, 4318622.343, 100
Trd, 4318623.393, 119
Trd, 4318624.243, 67
Trd, 4318624.943, 81
Trd, 4318626.093, 107
Trd, 4318626.593, 89
Trd, 4318627.643, 99
Trd, 4318628.343, 139
Trd, 4318628.393, 128
Trd, 4318629.093, 72
Trd, 4318629.743, 64
Trd, 4318630.543, 79
Trd, 4318631.193, 91
Trd, 4318631.293, 113
Trd, 4318632.093, 111
Trd, 4318632.443, 85
Trd, 4318632.993, 90
Trd, 4318633.643, 77
Trd, 4318634.243, 105
Trd, 4318634.393, 117
Trd, 4318634.693, 98
Trd, 4318634.943, 97
Trd, 4318637.093, 137
Trd, 4318637.593, 124
Trd, 4318638.243, 133
Trd, 4318639.493, 115
Trd, 4318639.693, 71
Trd, 4318640.493, 82
Trd, 4318641.143, 87
Trd, 4318641.593, 80
Trd, 4318642.043, 80
Trd, 4318643.143, 62
Trd, 4318643.343, 61
Trd, 4318645.543, 93
Trd, 4318646.543, 84
Trd, 4318647.093, 131
Trd, 4318647.293, 139
Trd, 4318647.743, 136
Trd, 4318648.393, 115
Trd, 4318648.593, 110
Trd, 4318649.893, 113
Trd, 4318650.143, 103
Trd, 4318650.243, 77
Trd, 4318650.743, 140
Trd, 4318651.393, 93
Trd, 4318651.743, 72
Trd, 4318653.343, 90
Trd, 4318654.543, 69
Trd, 4318654.593, 76
Trd, 4318655.493, 124
Trd, 4318655.793, 111
Trd, 4318657.043, 135
Trd, 4318657.143, 128
Trd, 4318658.143, 104
Trd, 4318658.243, 99
Trd, 4318658.793, 115
Trd, 4318660.343, 80
Trd, 4318660.543, 104
Trd, 4318660.743, 106
Trd, 4318660.843, 71
Trd, 4318661.593, 65
Trd, 4318662.143, 124
Trd, 4318662.293, 86
Trd, 4318663.143, 110
Trd, 4318664.093, 140
Trd, 4318664.993, 136
Trd, 4318665.193, 114
Trd, 4318665.543, 74
Trd, 4318666.243, 69
Trd, 4318666.943, 70
Trd, 4318667.543, 76
Trd, 4318667.993, 106
Trd, 4318668.843, 61
Trd, 4318670.043, 79
Trd, 4318671.193, 61
Trd, 4318672.043, 75
Trd, 4318672.693, 62
Trd, 4318673.093, 76
Trd, 4318673.293, 77
Trd, 4318673.393, 84
Trd, 4318675.443, 64
Trd, 4318676.893, 101
Trd, 4318677.793, 101
Trd, 4318677.893, 88
Trd, 4318678.593, 83
Trd, 4318678.793, 81
Trd, 4318679.943, 140
Trd, 4318680.393, 127
Trd, 4318680.893, 129
Trd, 4318681.693, 126
Trd, 4318682.043, 105
Trd, 4318682.693, 114
Trd, 4318683.793, 117
Trd, 4318683.993, 60
Trd, 4318685.143, 98
Trd, 4318685.243, 88
Trd, 4318685.793, 99
Trd, 4318687.093, 135
Trd, 4318688.193, 126
Trd, 4318689.443, 109
Trd, 4318690.293, 105
Trd, 4318690.443, 98
Trd, 4318691.093, 121
Trd, 4318691.643, 138
Trd, 4318692.543, 132
Trd, 4318693.193, 103
Trd, 4318693.293, 70
Trd, 4318693.893, 128
Trd, 4318693.993, 107
Trd, 4318694.443, 100
Trd, 4318695.793, 101
Trd, 4318696.243, 89
Trd, 4318696.593, 100
Trd, 4318696.893, 72
Trd, 4318698.243, 102
Trd, 4318698.443, 97
Trd, 4318698.793, 97
Trd, 4318699.543, 69
Trd, 4318700.643, 64
Trd, 4318702.093, 90
Trd, 4318702.193, 77
Trd, 4318702.593, 76
Trd, 4318702.943, 129
Trd, 4318703.443, 98
Trd, 4318703.543, 95
Trd, 4318703.893, 62
Trd, 4318705.093, 97
Trd, 4318705.893, 96
Trd, 4318706.043, 92
Trd, 4318706.743, 72
Trd, 4318707.293, 64
Trd, 4318707.843, 75
Trd, 4318708.393, 60
Trd, 4318709.443, 90
Trd, 4318709.943, 69
Trd, 4318710.393, 134
Trd, 4318710.643, 97
Trd, 4318711.493, 82
Trd, 4318712.693, 60
Trd, 4318713.243, 69
Trd, 4318713.893, 92
Trd, 4318714.693, 140
Trd, 4318715.143, 139
Trd, 4318715.193, 133
Trd, 4318715.943, 131
Trd, 4318716.043, 119
Trd, 4318717.143, 104
Trd, 4318717.443, 116
Trd, 4318718.193, 108
Trd, 4318719.643, 128
Trd, 4318720.443, 120
Trd, 4318720.893, 109
Trd, 4318721.343, 104
Trd, 4318721.493, 114
Trd, 4318721.943, 132
Trd, 4318722.593, 99
Trd, 4318722.693, 95
Trd, 4318723.443, 119
Trd, 4318723.743, 106
Trd, 4318724.493, 136
Trd, 4318724.743, 103
Trd, 4318726.693, 140
Trd, 4318727.043, 127
Trd, 4318727.443, 139
Trd, 4318727.993, 120
Trd, 4318728.293, 119
Trd, 4318729.843, 66
Trd, 4318730.443, 68
Trd, 4318731.293, 72
Trd, 4318731.893, 82
Trd, 4318732.793, 63
Trd, 4318733.393, 101
Trd, 4318733.793, 109
Trd, 4318734.293, 113
Trd, 4318735.343, 120
Trd, 4318736.243, 95
Trd, 4318736.493, 71
Trd, 4318736.943, 94
Trd, 4318737.893, 62
Trd, 4318739.193, 74
Trd, 4318739.743, 84
Trd, 4318739.793, 88
Trd, 4318740.343, 87
Trd, 4318740.793, 65
Trd, 4318740.843, 95
Trd, 4318741.843, 69
Trd, 4318743.043, 78
Trd, 4318743.393, 95
Trd, 4318743.793, 73
Trd, 4318744.243, 72
Trd, 4318745.693, 67
Trd, 4318745.893, 68
Trd, 4318746.293, 140
Trd, 4318746.593, 68
Trd, 4318746.993, 71
Trd, 4318748.443, 90
Trd, 4318749.293, 137
Trd, 4318750.293, 120
Trd, 4318750.393, 100
Trd, 4318751.343, 61
Trd, 4318752.143, 72
Trd, 4318752.243, 90
Trd, 4318752.993, 63
Trd, 4318753.393, 106
Trd, 4318753.793, 60
Trd, 4318754.593, 78
Trd, 4318755.543, 64
Trd, 4318755.943, 69
Trd, 4318756.643, 61
Trd, 4318757.243, 72
Trd, 4318758.143, 88
Trd, 4318758.743, 101
Trd, 4318759.593, 112
Trd, 4318759.893, 79
Trd, 4318760.143, 76
Trd, 4318760.293, 114
Trd, 4318762.193, 60
Trd, 4318762.993, 140
Trd, 4318763.643, 66
Trd, 4318764.393, 107
Trd, 4318765.893, 77
Trd, 4318765.943, 68
Trd, 4318766.443, 72
Trd, 4318766.493, 97
Trd, 4318768.043, 61
Trd, 4318768.843, 73
Trd, 4318769.493, 73
Trd, 4318769.843, 135
Trd, 4318770.043, 115
Trd, 4318770.093, 111
Trd, 4318771.993, 84
Trd, 4318772.443, 107
Trd, 4318772.643, 111
Trd, 4318772.893, 77
Trd, 4318773.443, 99
Trd, 4318774.093, 60
Trd, 4318775.793, 94
Trd, 4318776.093, 92
Trd, 4318776.193, 85
Trd, 4318776.893, 101
Trd, 4318777.293, 116
Trd, 4318777.493, 92
Trd, 4318777.993, 63
Trd, 4318778.493, 76
Trd, 4318779.293, 67
Trd, 4318780.593, 80
Trd, 4318781.493, 70
Trd, 4318782.143, 73
Trd, 4318782.593, 65
Trd, 4318783.093, 73
Trd, 4318783.343, 84
Trd, 4318784.343, 94
Trd, 4318785.543, 89
Trd, 4318786.393, 110
Trd, 4318786.693, 87
Trd, 4318787.443, 87
Trd, 4318787.593, 138
Trd, 4318787.643, 84
Trd, 4318788.693, 81
Trd, 4318789.593, 140
Trd, 4318789.743, 128
Trd, 4318789.993, 107
Trd, 4318790.693, 70
Trd, 4318792.293, 65
Trd, 4318792.343, 115
Trd, 4318793.343, 81
Trd, 4318793.443, 124
Trd, 4318793.943, 66
Trd, 4318794.693, 70
Trd, 4318795.443, 64
Trd, 4318796.593, 61
Trd, 4318797.993, 91
Trd, 4318798.343, 79
Trd, 4318798.843, 129
Trd, 4318798.893, 97
Trd, 4318799.543, 112
Trd, 4318799.643, 91
Trd, 4318801.443, 121
Trd, 4318801.643, 103
Trd, 4318802.843, 125
Trd, 4318803.543, 68
Trd, 4318803.643, 125
Trd, 4318804.243, 71
Trd, 4318804.393, 127
Trd, 4318805.893, 133
Trd, 4318805.943, 91
Trd, 4318807.493, 94
Trd, 4318807.593, 105
Trd, 4318808.093, 101
Trd, 4318808.993, 122
Trd, 4318809.443, 103
Trd, 4318810.543, 97
Trd, 4318810.993, 140
Trd, 4318811.093, 104
Trd, 4318811.543, 81
Trd, 4318812.593, 67
Trd, 4318813.343, 133
Trd, 4318814.143, 63
Trd, 4318815.593, 74
Trd, 4318815.993, 108
Trd, 4318816.793, 102
Trd, 4318817.093, 91
Trd, 4318817.493, 73
Trd, 4318818.893, 80
Trd, 4318819.893, 88
Trd, 4318819.993, 78
Trd, 4318821.393, 82
Trd, 4318822.043, 79
Trd, 4318822.443, 75
Trd, 4318822.743, 81
Trd, 4318823.593, 85
Trd, 4318824.543, 96
Trd, 4318825.043, 89
Trd, 4318825.643, 60
Trd, 4318826.193, 72
Trd, 4318826.643, 102
Trd, 4318827.943, 140
Trd, 4318828.243, 128
Trd, 4318829.243, 88
Trd, 4318829.543, 90
Trd, 4318830.143, 108
Trd, 4318830.793, 92
Trd, 4318831.293, 85
Trd, 4318831.743, 107
Trd, 4318832.193, 137
Trd, 4318832.993, 70
Trd, 4318833.193, 97
Trd, 4318834.393, 98
Trd, 4318834.993, 90
Trd, 4318835.943, 115
Trd, 4318835.993, 102
Trd, 4318836.443, 114
Trd, 4318838.093, 134
Trd, 4318838.143, 91
Trd, 4318838.343, 91
Trd, 4318839.293, 90
Trd, 4318839.443, 91
Trd, 4318840.493, 101
Trd, 4318840.893, 100
Trd, 4318841.843, 123
Trd, 4318842.693, 139
Trd, 4318843.393, 101
Trd, 4318843.993, 129
Trd, 4318844.393, 87
Trd, 4318845.243, 140
Trd, 4318845.643, 130
Trd, 4318846.443, 118
Trd, 4318846.593, 111
Trd, 4318846.993, 127
Trd, 4318848.343, 106
Trd, 4318848.543, 77
Trd, 4318849.293, 73
Trd, 4318849.643, 71
Trd, 4318850.193, 100
Trd, 4318852.293, 65
Trd, 4318852.893, 63
Trd, 4318853.043, 64
Trd, 4318853.393, 104
Trd, 4318854.143, 71
Trd, 4318854.293, 129
Trd, 4318854.993, 101
Trd, 4318855.293, 98
Trd, 4318855.793, 90
Trd, 4318856.043, 76
Trd, 4318856.693, 74
Trd, 4318858.893, 90
Trd, 4318859.543, 81
Trd, 4318860.193, 95
Trd, 4318860.443, 96
Trd, 4318860.493, 82
Trd, 4318861.493, 73
Trd, 4318863.293, 72
Trd, 4318863.543, 74
Trd, 4318863.943, 83
Trd, 4318864.043, 68
Trd, 4318864.743, 103
Trd, 4318865.493, 100
Trd, 4318867.643, 81
Trd, 4318868.643, 82
Trd, 4318868.993, 84
Trd, 4318869.893, 70
Trd, 4318870.243, 114
Trd, 4318870.693, 97
Trd, 4318870.743, 104
Trd, 4318870.943, 140
Trd, 4318871.543, 130
Trd, 4318871.893, 135
Trd, 4318871.993, 122
Trd, 4318872.443, 99
Trd, 4318873.343, 131
Trd, 4318874.093, 106
Trd, 4318875.743, 78
Trd, 4318877.643, 64
Trd, 4318877.943, 68
Trd, 4318878.293, 70
Trd, 4318878.593, 71
Trd, 4318878.793, 84
Trd, 4318879.243, 72
Trd, 4318879.493, 94
Trd, 4318881.043, 132
Trd, 4318881.343, 65
Trd, 4318882.643, 82
Trd, 4318883.093, 82
Trd, 4318883.693, 76
Trd, 4318883.793, 75
Trd, 4318884.993, 84
Trd, 4318885.393, 92
Trd, 4318886.743, 67
Trd, 4318888.343, 96
Trd, 4318888.593, 103
Trd, 4318888.943, 71
Trd, 4318889.193, 95
Trd, 4318889.943, 96
Trd, 4318890.043, 89
Trd, 4318890.693, 105
Trd, 4318890.793, 76
Trd, 4318891.993, 61
Trd, 4318892.093, 62
Trd, 4318892.543, 76
Trd, 4318892.993, 73
Trd, 4318894.043, 73
Trd, 4318894.243, 88
Trd, 4318894.593, 93
Trd, 4318896.243, 61
Trd, 4318896.443, 66
Trd, 4318897.143, 90
Trd, 4318898.393, 135
Trd, 4318898.643, 96
Trd, 4318898.943, 95
Trd, 4318899.593, 72
Trd, 4318900.293, 89
Trd, 4318900.693, 131
Trd, 4318901.443, 87
Trd, 4318902.093, 86
Trd, 4318902.543, 118
Trd, 4318902.693, 118
Trd, 4318903.193, 79
Trd, 4318904.643, 140
Trd, 4318904.893, 129
Trd, 4318904.943, 113
Trd, 4318905.493, 98
Trd, 4318906.893, 78
Trd, 4318908.143, 61
Trd, 4318908.293, 79
Trd, 4318908.643, 74
Trd, 4318909.143, 85
Trd, 4318910.093, 85
Trd, 4318910.143, 88
Trd, 4318911.643, 72
Trd, 4318911.743, 75
Trd, 4318912.593, 83
Trd, 4318913.443, 69
Trd, 4318914.443, 117
Trd, 4318915.343, 81
Trd, 4318915.543, 91
Trd, 4318916.193, 74
Trd, 4318916.443, 65
Trd, 4318917.843, 71
Trd, 4318917.893, 98
Trd, 4318918.593, 94
Trd, 4318918.743, 63
Trd, 4318920.293, 74
Trd, 4318921.143, 112
Trd, 4318921.493, 93
Trd, 4318921.843, 81
Trd, 4318922.343, 85
Trd, 4318922.943, 126
Trd, 4318923.043, 114
Trd, 4318923.343, 139
Trd, 4318923.993, 102
Trd, 4318924.043, 80
Trd, 4318924.743, 65
Trd, 4318925.593, 68
Trd, 4318926.643, 98
Trd, 4318927.893, 73
Trd, 4318928.543, 67
Trd, 4318929.343, 81
Trd, 4318930.343, 122
Trd, 4318930.443, 105
Trd, 4318931.193, 90
Trd, 4318931.543, 66
Trd, 4318932.343, 104
Trd, 4318932.543, 95
Trd, 4318932.893, 127
Trd, 4318933.543, 132
Trd, 4318933.943, 102
Trd, 4318935.193, 127
Trd, 4318936.593, 114
Trd, 4318937.143, 110
Trd, 4318937.243, 105
Trd, 4318937.943, 106
Trd, 4318938.743, 97
Trd, 4318938.843, 88
Trd, 4318938.943, 74
Trd, 4318939.993, 98
Trd, 4318940.143, 94
Trd, 4318941.793, 130
Trd, 4318942.693, 137
Trd, 4318942.943, 126
Trd, 4318943.543, 127
Trd, 4318943.793, 111
Trd, 4318944.143, 84
Trd, 4318944.493, 86
Trd, 4318945.643, 75
Trd, 4318946.543, 83
Trd, 4318947.143, 75
Trd, 4318948.343, 71
Trd, 4318950.093, 65
Trd, 4318950.193, 78
Trd, 4318951.093, 97
Trd, 4318951.143, 101
Trd, 4318951.493, 61
Trd, 4318952.693, 105
Trd, 4318953.043, 110
Trd, 4318953.093, 96
Trd, 4318953.243, 132
Trd, 4318955.193, 99
Trd, 4318955.893, 71
Trd, 4318956.943, 68
Trd, 4318957.293, 71
Trd, 4318957.793, 60
Trd, 4318958.093, 72
Trd, 4318958.893, 139
Trd, 4318960.693, 85
Trd, 4318960.893, 83
Trd, 4318961.143, 105
Trd, 4318962.143, 77
Trd, 4318962.943, 72
Trd, 4318963.243, 62
Trd, 4318964.543, 82
Trd, 4318965.443, 81
Trd, 4318965.793, 82
Trd, 4318966.243, 80
Trd, 4318966.543, 74
Trd, 4318967.043, 85
Trd, 4318968.193, 70
Trd, 4318968.593, 82
Trd, 4318969.193, 70
Trd, 4318969.243, 81
Trd, 4318969.693, 81
Trd, 4318971.093, 104
Trd, 4318971.393, 120
Trd, 4318972.143, 107
Trd, 4318972.393, 96
Trd, 4318973.693, 112
Trd, 4318974.043, 100
Trd, 4318974.293, 112
Trd, 4318974.643, 119
Trd, 4318975.593, 90
Trd, 4318976.443, 91
Trd, 4318976.793, 103
Trd, 4318977.843, 72
Trd, 4318978.893, 94
Trd, 4318979.043, 140
Trd, 4318979.493, 84
Trd, 4318980.643, 89
Trd, 4318981.143, 106
Trd, 4318981.243, 104
Trd, 4318981.393, 97
Trd, 4318981.943, 71
Trd, 4318982.493, 84
Trd, 4318983.043, 64
Trd, 4318984.143, 70
Trd, 4318984.643, 86
Trd, 4318984.893, 68
Trd, 4318985.543, 139
Trd, 4318986.143, 86
Trd, 4318986.543, 74
Trd, 4318987.443, 98
Trd, 4318988.093, 76
Trd, 4318988.643, 91
Trd, 4318988.793, 92
Trd, 4318990.843, 61
Trd, 4318991.093, 67
Trd, 4318992.093, 95
Trd, 4318992.543, 66
Trd, 4318992.743, 75
Trd, 4318993.493, 109
Trd, 4318994.893, 137
Trd, 4318994.943, 126
Trd, 4318995.243, 106
Trd, 4318995.943, 60
Trd, 4318996.643, 63
Trd, 4318997.093, 99
Trd, 4318998.293, 80
Trd, 4318998.943, 115
Trd, 4318999.943, 99
Trd, 4319000.043, 87
Trd, 4319001.193, 113
Trd, 4319001.993, 131
Trd, 4319002.193, 134
Trd, 4319002.293, 74
Trd, 4319003.243, 64
Trd, 4319003.943, 83
Trd, 4319005.693, 86
Trd, 4319005.793, 91
Trd, 4319006.293, 65
Trd, 4319006.993, 130
Trd, 4319007.343, 99
Trd, 4319007.543, 69
Trd, 4319008.393, 60
Trd, 4319009.743, 63
Trd, 4319009.843, 70
Trd, 4319010.293, 61
Trd, 4319011.543, 96
Trd, 4319012.643, 79
Trd, 4319013.443, 81
Trd, 4319013.493, 111
Trd, 4319014.593, 70
Trd, 4319015.293, 63
Trd, 4319015.743, 71
Trd, 4319016.843, 74
Trd, 4319018.643, 72
Trd, 4319019.243, 134
Trd, 4319019.593, 140
Trd, 4319019.893, 114
Trd, 4319020.743, 85
Trd, 4319021.243, 85
Trd, 4319021.843, 92
Trd, 4319023.043, 69
Trd, 4319023.243, 103
Trd, 4319024.193, 81
Trd, 4319024.393, 86
Trd, 4319024.693, 105
Trd, 4319024.743, 127
Trd, 4319025.393, 97
Trd, 4319025.543, 66
Trd, 4319027.093, 107
Trd, 4319027.243, 128
Trd, 4319028.143, 66
Trd, 4319029.393, 64
Trd, 4319030.243, 65
Trd, 4319030.693, 66
Trd, 4319030.743, 74
Trd, 4319031.493, 88
Trd, 4319033.043, 61
Trd, 4319033.093, 96
Trd, 4319033.543, 65
Trd, 4319034.443, 77
Trd, 4319034.943, 67
Trd, 4319035.843, 96
Trd, 4319036.743, 138
Trd, 4319037.393, 101
Trd, 4319037.743, 106
Trd, 4319038.293, 107
Trd, 4319039.143, 88
Trd, 4319039.393, 140
Trd, 4319040.993, 111
Trd, 4319041.193, 97
Trd, 4319041.293, 110
Trd, 4319041.693, 94
Trd, 4319043.893, 91
Trd, 4319044.243, 139
Trd, 4319044.693, 128
Trd, 4319044.843, 118
Trd, 4319044.893, 112
Trd, 4319045.393, 66
Trd, 4319046.243, 60
Trd, 4319047.193, 65
Trd, 4319048.093, 77
Trd, 4319048.193, 78
Trd, 4319050.043, 72
Trd, 4319050.593, 91
Trd, 4319051.343, 79
Trd, 4319051.543, 61
Trd, 4319051.643, 67
Trd, 4319052.793, 60
Trd, 4319052.843, 62
Trd, 4319053.143, 130
Trd, 4319054.493, 94
Trd, 4319054.943, 101
Trd, 4319055.343, 79
Trd, 4319055.893, 131
Trd, 4319056.093, 140
Trd, 4319057.093, 96
Trd, 4319058.693, 70
Trd, 4319058.943, 66
Trd, 4319059.643, 85
Trd, 4319061.793, 81
Trd, 4319062.143, 67
Trd, 4319062.193, 102
Trd, 4319062.343, 115
Trd, 4319062.943, 136
Trd, 4319062.993, 69
Trd, 4319063.493, 105
Trd, 4319064.843, 68
Trd, 4319064.943, 78
Trd, 4319066.393, 80
Trd, 4319066.893, 122
Trd, 4319066.993, 117
Trd, 4319067.093, 78
Trd, 4319067.543, 103
Trd, 4319068.893, 122
Trd, 4319069.043, 98
Trd, 4319069.393, 89
Trd, 4319070.293, 64
Trd, 4319071.793, 61
Trd, 4319071.993, 79
Trd, 4319072.243, 76
Trd, 4319072.843, 83
Trd, 4319073.843, 71
Trd, 4319075.393, 65
Trd, 4319075.493, 78
Trd, 4319075.943, 76
Trd, 4319076.093, 64
Trd, 4319076.443, 76
Trd, 4319077.743, 92
Trd, 4319078.143, 125
Trd, 4319078.343, 122
Trd, 4319078.893, 86
Trd, 4319079.043, 80
Trd, 4319079.893, 61
Trd, 4319079.993, 61
Trd, 4319080.543, 81
Trd, 4319082.343, 87
Trd, 4319083.543, 88
Trd, 4319083.993, 93
Trd, 4319084.293, 67
Trd, 4319084.693, 68
Trd, 4319085.143, 106
Trd, 4319085.443, 84
Trd, 4319085.843, 76
Trd, 4319086.343, 135
Trd, 4319088.793, 130
Trd, 4319088.843, 103
Trd, 4319088.993, 92
Trd, 4319089.643, 127
Trd, 4319089.693, 78
Trd, 4319091.343, 71
Trd, 4319091.543, 95
Trd, 4319092.893, 75
Trd, 4319093.893, 68
Trd, 4319094.593, 62
Trd, 4319094.843, 69
Trd, 4319096.093, 120
Trd, 4319097.343, 114
Trd, 4319098.143, 113
Trd, 4319099.443, 101
Trd, 4319099.493, 100
Trd, 4319099.593, 114
Trd, 4319100.143, 86
Trd, 4319101.893, 114
Trd, 4319102.393, 118
Trd, 4319102.943, 139
Trd, 4319103.193, 118
Trd, 4319103.393, 106
Trd, 4319104.593, 77
Trd, 4319104.793, 73
Trd, 4319106.293, 105
Trd, 4319106.943, 113
Trd, 4319107.043, 89
Trd, 4319107.693, 103
Trd, 4319107.893, 81
Trd, 4319107.993, 111
Trd, 4319108.293, 105
Trd, 4319108.943, 103
Trd, 4319109.443, 92
Trd, 4319109.943, 113
Trd, 4319110.693, 111
Trd, 4319111.293, 105
Trd, 4319112.343, 99
Trd, 4319112.843, 103
Trd, 4319113.243, 92
Trd, 4319113.393, 81
Trd, 4319114.543, 108
Trd, 4319115.493, 77
Trd, 4319115.643, 125
Trd, 4319116.493, 81
Trd, 4319117.543, 116
Trd, 4319117.743, 115
Trd, 4319118.343, 105
Trd, 4319118.793, 84
Trd, 4319119.843, 77
Trd, 4319120.493, 127
Trd, 4319120.543, 87
Trd, 4319121.393, 67
Trd, 4319121.643, 107
Trd, 4319121.993, 107
Trd, 4319122.593, 138
Trd, 4319123.293, 93
Trd, 4319123.443, 93
Trd, 4319124.543, 128
Trd, 4319124.693, 118
Trd, 4319124.743, 115
Trd, 4319125.943, 67
Trd, 4319127.993, 61
Trd, 4319128.843, 113
Trd, 4319128.943, 101
Trd, 4319129.243, 116
Trd, 4319130.243, 64
Trd, 4319130.443, 73
Trd, 4319131.043, 87
Trd, 4319131.693, 124
Trd, 4319132.493, 101
Trd, 4319134.193, 119
Trd, 4319134.593, 112
Trd, 4319135.043, 96
Trd, 4319135.493, 114
Trd, 4319135.793, 92
Trd, 4319136.693, 77
Trd, 4319137.293, 134
Trd, 4319137.693, 85
Trd, 4319138.843, 139
Trd, 4319139.243, 128
Trd, 4319139.393, 117
Trd, 4319140.443, 134
Trd, 4319141.343, 132
Trd, 4319141.443, 124
Trd, 4319142.043, 115
Trd, 4319142.393, 100
Trd, 4319142.693, 83
Trd, 4319143.593, 114
Trd, 4319144.443, 134
Trd, 4319144.843, 90
Trd, 4319145.043, 85
Trd, 4319145.393, 92
Trd, 4319146.393, 122
Trd, 4319147.293, 109
Trd, 4319147.893, 122
Trd, 4319148.993, 86
Trd, 4319150.843, 79
Trd, 4319152.443, 93
Trd, 4319152.643, 81
Trd, 4319153.443, 96
Trd, 4319153.593, 78
Trd, 4319154.093, 122
Trd, 4319154.343, 95
Trd, 4319154.443, 88
Trd, 4319155.693, 113
Trd, 4319155.893, 111
Trd, 4319155.993, 87
Trd, 4319156.443, 128
Trd, 4319157.143, 103
Trd, 4319157.993, 96
Trd, 4319158.393, 67
Trd, 4319159.243, 118
Trd, 4319159.543, 74
Trd, 4319159.843, 112
Trd, 4319161.093, 135
Trd, 4319162.593, 110
Trd, 4319163.943, 71
Trd, 4319164.343, 82
Trd, 4319164.543, 86
Trd, 4319164.743, 71
Trd, 4319165.093, 68
Trd, 4319165.393, 113
Trd, 4319166.143, 104
Trd, 4319166.893, 138
Trd, 4319167.243, 127
Trd, 4319168.243, 126
Trd, 4319168.443, 109
Trd, 4319168.493, 88
Trd, 4319169.243, 90
Trd, 4319170.593, 139
Trd, 4319170.893, 128
Trd, 4319171.193, 91
Trd, 4319172.493, 70
Trd, 4319172.793, 85
Trd, 4319173.043, 69
Trd, 4319174.093, 89
Trd, 4319174.443, 103
Trd, 4319174.643, 107
Trd, 4319175.343, 72
Trd, 4319176.443, 85
Trd, 4319178.093, 129
Trd, 4319178.193, 120
Trd, 4319179.293, 81
Trd, 4319179.543, 77
Trd, 4319180.093, 65
Trd, 4319180.293, 65
Trd, 4319180.493, 133
Trd, 4319180.993, 105
Trd, 4319181.793, 115
Trd, 4319183.443, 115
Trd, 4319183.793, 123
Trd, 4319184.493, 120
Trd, 4319185.493, 99
Trd, 4319185.793, 79
Trd, 4319186.343, 109
Trd, 4319187.343, 60
Trd, 4319188.043, 80
Trd, 4319188.393, 81
Trd, 4319188.693, 94
Trd, 4319189.893, 67
Trd, 4319191.193, 68
Trd, 4319191.493, 99
Trd, 4319191.993, 73
Trd, 4319194.543, 78
Trd, 4319194.643, 89
Trd, 4319194.943, 82
Trd, 4319195.493, 89
Trd, 4319195.743, 84
Trd, 4319197.043, 73
Trd, 4319197.393, 80
Trd, 4319197.743, 112
Trd, 4319199.243, 75
Trd, 4319199.343, 75
Trd, 4319199.693, 102
Trd, 4319200.193, 86
Trd, 4319200.393, 85
Trd, 4319201.093, 73
Trd, 4319201.793, 122
Trd, 4319202.793, 89
Trd, 4319203.143, 92
Trd, 4319203.443, 88
Trd, 4319203.693, 86
Trd, 4319204.943, 72
Trd, 4319205.843, 79
Trd, 4319206.393, 75
Trd, 4319206.993, 64
Trd, 4319207.193, 67
Trd, 4319207.793, 105
Trd, 4319208.593, 62
Trd, 4319209.293, 88
Trd, 4319209.793, 84
Trd, 4319210.043, 80
Trd, 4319210.243, 119
Trd, 4319210.293, 99
Trd, 4319210.643, 109
Trd, 4319212.043, 92
Trd, 4319212.193, 64
Trd, 4319212.843, 124
Trd, 4319214.193, 64
Trd, 4319214.843, 62
Trd, 4319215.443, 78
Trd, 4319216.043, 113
Trd, 4319216.743, 87
Trd, 4319216.943, 116
Trd, 4319217.043, 64
Trd, 4319217.893, 63
Trd, 4319218.543, 67
Trd, 4319219.043, 61
Trd, 4319219.193, 95
Trd, 4319220.343, 121
Trd, 4319221.593, 78
Trd, 4319222.193, 94
Trd, 4319222.693, 69
Trd, 4319223.143, 77
Trd, 4319223.493, 73
Trd, 4319223.843, 103
Trd, 4319224.693, 66
Trd, 4319225.543, 70
Trd, 4319225.693, 75
Trd, 4319226.543, 81
Trd, 4319229.243, 61
Trd, 4319230.093, 76
Trd, 4319230.443, 79
Trd, 4319230.643, 85
Trd, 4319231.043, 86
Trd, 4319231.543, 89
Trd, 4319232.193, 78
Trd, 4319232.293, 80
Trd, 4319232.493, 88
Trd, 4319233.343, 92
Trd, 4319233.493, 99
Trd, 4319233.943, 71
Trd, 4319235.693, 102
Trd, 4319237.093, 72
Trd, 4319238.893, 106
Trd, 4319238.943, 80
Trd, 4319240.243, 69
Trd, 4319240.593, 68
Trd, 4319241.093, 70
Trd, 4319241.493, 71
Trd, 4319241.993, 83
Trd, 4319242.043, 98
Trd, 4319242.543, 105
Trd, 4319243.693, 76
Trd, 4319243.993, 65
Trd, 4319244.293, 86
Trd, 4319245.043, 102
Trd, 4319245.993, 104
Trd, 4319247.893, 140
Trd, 4319247.943, 129
Trd, 4319248.593, 116
Trd, 4319248.693, 106
Trd, 4319249.043, 96
Trd, 4319250.593, 94
Trd, 4319251.493, 128
Trd, 4319251.843, 108
Trd, 4319252.393, 140
Trd, 4319252.493, 119
Trd, 4319253.393, 122
Trd, 4319253.793, 113
Trd, 4319254.943, 107
Trd, 4319255.043, 105
Trd, 4319256.093, 81
Trd, 4319256.693, 77
Trd, 4319256.793, 135
Trd, 4319257.643, 76
Trd, 4319258.393, 114
Trd, 4319259.393, 103
Trd, 4319259.693, 110
Trd, 4319259.743, 96
Trd, 4319260.443, 91
Trd, 4319260.543, 99
Trd, 4319261.143, 118
Trd, 4319261.893, 119
Trd, 4319262.243, 76
Trd, 4319263.543, 104
Trd, 4319265.293, 63
Trd, 4319266.043, 88
Trd, 4319266.693, 93
Trd, 4319266.793, 124
Trd, 4319267.693, 113
Trd, 4319268.343, 138
Trd, 4319268.943, 91
Trd, 4319269.543, 84
Trd, 4319270.093, 96
Trd, 4319270.243, 76
Trd, 4319271.143, 66
Trd, 4319271.493, 97
Trd, 4319272.193, 93
Trd, 4319272.393, 92
Trd, 4319272.693, 90
Trd, 4319272.943, 113
Trd, 4319274.593, 140
Trd, 4319275.993, 84
Trd, 4319276.343, 84
Trd, 4319276.693, 96
Trd, 4319278.843, 80
Trd, 4319279.893, 92
Trd, 4319280.193, 87
Trd, 4319281.143, 88
Trd, 4319281.393, 85
Trd, 4319281.643, 63
Trd, 4319282.093, 61
Trd, 4319282.343, 73
Trd, 4319282.643, 115
Trd, 4319284.043, 136
Trd, 4319284.593, 137
Trd, 4319284.793, 120
Trd, 4319285.943, 112
Trd, 4319286.343, 109
Trd, 4319287.593, 76
Trd, 4319288.043, 66
Trd, 4319288.343, 138
Trd, 4319288.743, 96
Trd, 4319289.043, 95
Trd, 4319289.093, 108
Trd, 4319289.943, 101
Trd, 4319289.993, 100
Trd, 4319292.393, 96
Trd, 4319292.643, 91
Trd, 4319293.093, 78
Trd, 4319293.793, 71
Trd, 4319293.893, 96
Trd, 4319294.493, 110
Trd, 4319295.593, 108
Trd, 4319295.693, 92
Trd, 4319296.093, 118
Trd, 4319296.943, 109
Trd, 4319298.793, 83
Trd, 4319299.093, 82
Trd, 4319300.743, 68
Trd, 4319300.793, 80
Trd, 4319301.293, 135
Trd, 4319302.293, 69
Trd, 4319302.493, 74
Trd, 4319303.393, 60
Trd, 4319303.593, 65
Trd, 4319304.643, 106
Trd, 4319304.843, 92
Trd, 4319305.143, 82
Trd, 4319305.393, 73
Trd, 4319306.793, 138
Trd, 4319306.943, 128
Trd, 4319307.243, 121
Trd, 4319308.293, 109
Trd, 4319309.343, 100
Trd, 4319309.493, 90
Trd, 4319310.193, 106
Trd, 4319310.743, 77
Trd, 4319311.143, 87
Trd, 4319311.593, 92
Trd, 4319312.393, 79
Trd, 4319312.793, 104
Trd, 4319313.493, 76
Trd, 4319315.143, 77
Trd, 4319315.393, 125
Trd, 4319315.643, 137
Trd, 4319315.943, 71
Trd, 4319316.743, 87
Trd, 4319317.043, 114
Trd, 4319317.793, 62
Trd, 4319319.393, 61
Trd, 4319320.093, 67
Trd, 4319320.793, 72
Trd, 4319321.843, 87
Trd, 4319322.243, 90
Trd, 4319323.593, 105
Trd, 4319323.693, 75
Trd, 4319323.793, 75
Trd, 4319324.243, 113
Trd, 4319325.093, 79
Trd, 4319325.193, 94
Trd, 4319325.693, 70
Trd, 4319326.943, 66
Trd, 4319327.043, 100
Trd, 4319328.443, 73
Trd, 4319329.043, 76
Trd, 4319329.693, 101
Trd, 4319330.093, 72
Trd, 4319330.543, 95
Trd, 4319331.193, 89
Trd, 4319331.993, 108
Trd, 4319332.393, 139
Trd, 4319333.243, 92
Trd, 4319333.293, 90
Trd, 4319333.743, 98
Trd, 4319335.143, 93
Trd, 4319336.693, 102
Trd, 4319337.443, 85
Trd, 4319337.543, 85
Trd, 4319337.643, 82
Trd, 4319337.993, 89
Trd, 4319338.343, 140
Trd, 4319339.343, 91
Trd, 4319339.693, 109
Trd, 4319339.793, 94
Trd, 4319341.393, 67
Trd, 4319343.393, 90
Trd, 4319343.643, 99
Trd, 4319344.643, 124
Trd, 4319345.393, 116
Trd, 4319345.993, 140
Trd, 4319346.093, 127
Trd, 4319346.193, 109
Trd, 4319346.393, 83
Trd, 4319346.693, 80
Trd, 4319348.993, 93
Trd, 4319349.143, 86
Trd, 4319350.293, 72
Trd, 4319350.643, 96
Trd, 4319351.393, 70
Trd, 4319351.443, 61
Trd, 4319352.343, 122
Trd, 4319352.393, 126
Trd, 4319352.693, 85
Trd, 4319354.143, 70
Trd, 4319354.393, 73
Trd, 4319355.093, 115
Trd, 4319356.093, 117
Trd, 4319357.243, 92
Trd, 4319357.343, 102
Trd, 4319357.743, 64
Trd, 4319357.893, 68
Trd, 4319358.043, 139
Trd, 4319358.893, 84
Trd, 4319359.643, 80
Trd, 4319360.243, 140
Trd, 4319360.443, 127
Trd, 4319361.143, 65
Trd, 4319362.693, 85
Trd, 4319363.243, 99
Trd, 4319363.793, 109
Trd, 4319363.943, 98
Trd, 4319366.193, 72
Trd, 4319366.393, 71
Trd, 4319367.043, 70
Trd, 4319367.093, 74
Trd, 4319367.293, 83
Trd, 4319367.743, 79
Trd, 4319369.043, 81
Trd, 4319369.143, 80
Trd, 4319369.493, 113
Trd, 4319370.443, 95
Trd, 4319370.493, 80
Trd, 4319372.143, 112
Trd, 4319372.543, 91
Trd, 4319374.493, 76
Trd, 4319374.793, 105
Trd, 4319375.393, 81
Trd, 4319375.743, 65
Trd, 4319376.293, 73
Trd, 4319376.343, 116
Trd, 4319378.143, 86
Trd, 4319378.443, 76
Trd, 4319379.543, 140
Trd, 4319379.793, 137
Trd, 4319379.893, 128
Trd, 4319380.593, 90
Trd, 4319380.893, 113
Trd, 4319382.093, 77
Trd, 4319382.693, 103
Trd, 4319382.943, 73
Trd, 4319383.543, 80
Trd, 4319383.993, 85
Trd, 4319384.593, 73
Trd, 4319387.293, 108
Trd, 4319387.393, 119
Trd, 4319387.643, 131
Trd, 4319387.843, 118
Trd, 4319388.943, 75
Trd, 4319390.093, 77
Trd, 4319390.493, 99
Trd, 4319390.593, 78
Trd, 4319390.893, 103
Trd, 4319391.193, 100
Trd, 4319392.493, 81
Trd, 4319393.493, 92
Trd, 4319393.693, 73
Trd, 4319393.993, 74
Trd, 4319394.293, 78
Trd, 4319395.143, 64
Trd, 4319395.743, 138
Trd, 4319397.293, 100
Trd, 4319397.343, 93
Trd, 4319397.543, 70
Trd, 4319398.093, 112
Trd, 4319398.843, 98
Trd, 4319399.093, 126
Trd, 4319399.193, 86
Trd, 4319399.843, 134
Trd, 4319400.743, 140
Trd, 4319402.743, 110
Trd, 4319403.093, 106
Trd, 4319403.443, 78
Trd, 4319404.243, 128
Trd, 4319404.693, 93
Trd, 4319405.093, 62
Trd, 4319405.693, 70
Trd, 4319406.143, 87
Trd, 4319408.093, 94
Trd, 4319408.543, 86
Trd, 4319408.693, 96
Trd, 4319409.393, 75
Trd, 4319410.143, 67
Trd, 4319410.293, 65
Trd, 4319410.643, 78
Trd, 4319411.843, 63
Trd, 4319412.043, 85
Trd, 4319412.193, 140
Trd, 4319415.193, 97
Trd, 4319415.243, 90
Trd, 4319415.293, 89
Trd, 4319416.543, 113
Trd, 4319416.593, 114
Trd, 4319416.643, 110
Trd, 4319417.393, 82
Trd, 4319417.443, 107
Trd, 4319417.543, 81
Trd, 4319417.793, 79
Trd, 4319418.393, 104
Trd, 4319418.693, 118
Trd, 4319421.193, 72
Trd, 4319422.193, 72
Trd, 4319422.593, 83
Trd, 4319423.143, 65
Trd, 4319423.243, 70
Trd, 4319423.593, 92
Trd, 4319424.593, 69
Trd, 4319424.843, 109
Trd, 4319425.543, 73
Trd, 4319425.843, 72
Trd, 4319426.293, 120
Trd, 4319428.393, 69
Trd, 4319428.943, 96
Trd, 4319429.393, 106
Trd, 4319429.643, 109
Trd, 4319430.443, 90
Trd, 4319431.943, 78
Trd, 4319432.093, 74
Trd, 4319432.393, 73
Trd, 4319433.193, 75
Trd, 4319433.493, 100
Trd, 4319434.993, 74
Trd, 4319435.093, 75
Trd, 4319435.943, 68
Trd, 4319436.793, 67
Trd, 4319436.943, 91
Trd, 4319437.893, 86
Trd, 4319438.293, 87
Trd, 4319439.043, 140
Trd, 4319439.543, 119
Trd, 4319439.693, 113
Trd, 4319440.193, 78
Trd, 4319440.843, 61
Trd, 4319441.793, 79
Trd, 4319442.293, 88
Trd, 4319442.793, 72
Trd, 4319443.093, 125
Trd, 4319443.693, 92
Trd, 4319444.493, 140
Trd, 4319445.143, 78
Trd, 4319445.293, 70
Trd, 4319445.543, 102
Trd, 4319447.093, 67
Trd, 4319447.543, 70
Trd, 4319447.893, 79
Trd, 4319449.293, 77
Trd, 4319449.393, 79
Trd, 4319449.443, 82
Trd, 4319450.943, 122
Trd, 4319451.293, 112
Trd, 4319452.543, 90
Trd, 4319452.693, 120
Trd, 4319453.443, 98
Trd, 4319454.243, 73
Trd, 4319454.493, 108
Trd, 4319455.343, 61
Trd, 4319455.443, 82
Trd, 4319457.343, 87
Trd, 4319457.993, 76
Trd, 4319458.243, 75
Trd, 4319458.943, 75
Trd, 4319459.543, 99
Trd, 4319459.693, 81
Trd, 4319460.993, 92
Trd, 4319461.043, 68
Trd, 4319462.093, 63
Trd, 4319462.343, 67
Trd, 4319462.493, 104
Trd, 4319464.143, 66
Trd, 4319464.643, 81
Trd, 4319464.843, 108
Trd, 4319466.393, 74
Trd, 4319467.143, 84
Trd, 4319467.593, 107
Trd, 4319468.743, 140
Trd, 4319468.993, 117
Trd, 4319469.793, 107
Trd, 4319470.443, 99
Trd, 4319470.843, 84
Trd, 4319471.243, 86
Trd, 4319472.043, 136
Trd, 4319472.693, 66
Trd, 4319473.593, 137
Trd, 4319474.193, 117
Trd, 4319474.793, 84
Trd, 4319475.193, 83
Trd, 4319475.793, 132
Trd, 4319476.243, 61
Trd, 4319476.893, 71
Trd, 4319477.293, 131
Trd, 4319478.243, 86
Trd, 4319478.843, 88
Trd, 4319479.593, 130
Trd, 4319479.843, 85
Trd, 4319480.293, 129
Trd, 4319481.043, 90
Trd, 4319481.393, 87
Trd, 4319482.843, 140
Trd, 4319483.193, 118
Trd, 4319484.093, 76
Trd, 4319484.293, 72
Trd, 4319484.493, 78
Trd, 4319484.593, 64
Trd, 4319484.993, 128
Trd, 4319485.143, 101
Trd, 4319487.043, 110
Trd, 4319487.343, 111
Trd, 4319487.443, 103
Trd, 4319488.293, 140
Trd, 4319489.243, 106
Trd, 4319491.193, 66
Trd, 4319491.393, 65
Trd, 4319491.693, 81
Trd, 4319492.343, 88
Trd, 4319492.843, 88
Trd, 4319493.843, 110
Trd, 4319494.093, 97
Trd, 4319494.443, 89
Trd, 4319495.443, 102
Trd, 4319495.543, 126
Trd, 4319496.193, 137
Trd, 4319496.893, 124
Trd, 4319496.993, 115
Trd, 4319497.293, 91
Trd, 4319498.593, 66
Trd, 4319498.893, 60
Trd, 4319499.343, 72
Trd, 4319499.993, 120
Trd, 4319500.643, 116
Trd, 4319501.293, 91
Trd, 4319502.893, 76
Trd, 4319503.543, 81
Trd, 4319503.593, 76
Trd, 4319504.093, 65
Trd, 4319504.643, 66
Trd, 4319505.243, 75
Trd, 4319505.493, 80
Trd, 4319506.893, 66
Trd, 4319506.943, 114
Trd, 4319507.743, 80
Trd, 4319508.993, 140
Trd, 4319510.193, 70
Trd, 4319511.443, 66
Trd, 4319511.493, 68
Trd, 4319511.743, 83
Trd, 4319513.293, 83
Trd, 4319514.843, 78
Trd, 4319515.343, 97
Trd, 4319515.393, 103
Trd, 4319515.693, 73
Trd, 4319515.843, 74
Trd, 4319516.143, 71
Trd, 4319516.593, 77
Trd, 4319517.393, 74
Trd, 4319517.743, 65
Trd, 4319518.043, 67
Trd, 4319519.743, 106
Trd, 4319520.093, 76
Trd, 4319520.243, 82
Trd, 4319520.593, 95
Trd, 4319521.693, 113
Trd, 4319522.443, 98
Trd, 4319523.293, 100
Trd, 4319524.793, 86
Trd, 4319525.493, 101
Trd, 4319525.943, 104
Trd, 4319526.343, 140
Trd, 4319527.093, 114
Trd, 4319527.143, 110
Trd, 4319527.393, 105
Trd, 4319527.493, 126
Trd, 4319529.293, 68
Trd, 4319529.693, 69
Trd, 4319529.793, 76
Trd, 4319530.143, 95
Trd, 4319530.943, 98
Trd, 4319530.993, 79
Trd, 4319531.343, 137
Trd, 4319532.093, 105
Trd, 4319532.743, 111
Trd, 4319533.193, 90
Trd, 4319534.093, 68
Trd, 4319534.493, 102
Trd, 4319534.743, 99
Trd, 4319537.343, 89
Trd, 4319537.893, 66
Trd, 4319539.043, 77
Trd, 4319539.293, 118
Trd, 4319539.843, 97
Trd, 4319540.243, 113
Trd, 4319541.493, 63
Trd, 4319541.643, 117
Trd, 4319541.993, 121
Trd, 4319542.543, 101
Trd, 4319542.743, 94
Trd, 4319544.243, 114
Trd, 4319544.393, 80
Trd, 4319545.043, 91
Trd, 4319546.143, 63
Trd, 4319546.993, 72
Trd, 4319547.593, 71
Trd, 4319548.293, 98
Trd, 4319548.993, 69
Trd, 4319549.343, 77
Trd, 4319550.293, 70
Trd, 4319550.943, 83
Trd, 4319551.093, 68
Trd, 4319551.593, 109
Trd, 4319551.843, 140
Trd, 4319552.943, 70
Trd, 4319553.143, 71
Trd, 4319554.393, 97
Trd, 4319555.443, 81
Trd, 4319556.493, 66
Trd, 4319557.043, 81
Trd, 4319557.343, 89
Trd, 4319557.793, 93
Trd, 4319559.043, 68
Trd, 4319559.443, 60
Trd, 4319560.093, 70
Trd, 4319560.743, 74
Trd, 4319560.793, 71
Trd, 4319562.143, 89
Trd, 4319562.643, 70
Trd, 4319563.093, 89
Trd, 4319563.693, 133
Trd, 4319564.393, 104
Trd, 4319564.543, 77
Trd, 4319565.293, 80
Trd, 4319565.393, 68
Trd, 4319565.793, 76
Trd, 4319566.693, 75
Trd, 4319568.243, 82
Trd, 4319568.893, 64
Trd, 4319568.943, 85
Trd, 4319570.543, 97
Trd, 4319570.593, 86
Trd, 4319571.143, 93
Trd, 4319571.543, 99
Trd, 4319572.693, 86
Trd, 4319573.543, 76
Trd, 4319574.143, 140
Trd, 4319574.843, 123
Trd, 4319575.593, 116
Trd, 4319576.243, 94
Trd, 4319576.443, 68
Trd, 4319577.593, 80
Trd, 4319577.993, 127
Trd, 4319578.493, 83
Trd, 4319579.743, 127
Trd, 4319580.693, 138
Trd, 4319581.543, 95
Trd, 4319582.193, 98
Trd, 4319582.293, 140
Trd, 4319583.693, 97
Trd, 4319585.193, 126
Trd, 4319585.393, 112
Trd, 4319586.793, 87
Trd, 4319586.843, 103
Trd, 4319586.893, 125
Trd, 4319587.493, 79
Trd, 4319588.893, 105
Trd, 4319589.093, 109
Trd, 4319589.193, 83
Trd, 4319589.393, 81
Trd, 4319589.893, 81
Trd, 4319591.143, 105
Trd, 4319591.343, 74
Trd, 4319592.243, 79
Trd, 4319592.543, 102
Trd, 4319593.093, 87
Trd, 4319593.343, 97
Trd, 4319594.043, 75
Trd, 4319594.393, 75
Trd, 4319594.993, 63
Trd, 4319596.193, 114
Trd, 4319597.593, 64
Trd, 4319598.393, 140
Trd, 4319598.993, 64
Trd, 4319599.443, 71
Trd, 4319599.543, 97
Trd, 4319599.893, 99
Trd, 4319600.243, 107
Trd, 4319600.693, 99
Trd, 4319601.593, 64
Trd, 4319602.143, 94
Trd, 4319602.493, 93
Trd, 4319602.793, 68
Trd, 4319602.943, 70
Trd, 4319603.493, 131
Trd, 4319604.693, 71
Trd, 4319605.443, 94
Trd, 4319605.543, 79
Trd, 4319606.643, 107
Trd, 4319607.793, 131
Trd, 4319608.393, 92
Trd, 4319608.443, 88
Trd, 4319609.043, 90
Trd, 4319609.543, 91
Trd, 4319611.393, 140
Trd, 4319611.543, 139
Trd, 4319612.443, 123
Trd, 4319612.943, 96
Trd, 4319613.243, 82
Trd, 4319613.843, 140
Trd, 4319615.543, 60
Trd, 4319616.293, 70
Trd, 4319616.343, 73
Trd, 4319616.843, 92
Trd, 4319616.993, 94
Trd, 4319617.193, 120
Trd, 4319617.743, 74
Trd, 4319618.743, 64
Trd, 4319619.193, 79
Trd, 4319620.693, 61
Trd, 4319621.493, 116
Trd, 4319622.143, 101
Trd, 4319622.793, 101
Trd, 4319623.343, 140
Trd, 4319623.593, 120
Trd, 4319623.843, 117
Trd, 4319626.243, 140
Trd, 4319627.193, 95
Trd, 4319627.443, 95
Trd, 4319627.993, 118
Trd, 4319628.743, 95
Trd, 4319628.943, 70
Trd, 4319629.543, 68
Trd, 4319630.593, 113
Trd, 4319630.693, 108
Trd, 4319631.943, 82
Trd, 4319632.193, 82
Trd, 4319632.243, 88
Trd, 4319633.193, 78
Trd, 4319633.293, 82
Trd, 4319634.243, 86
Trd, 4319635.093, 114
Trd, 4319635.793, 82
Trd, 4319636.443, 78
Trd, 4319636.643, 75
Trd, 4319637.193, 107
Trd, 4319638.693, 84
Trd, 4319639.543, 102
Trd, 4319639.593, 112
Trd, 4319639.693, 73
Trd, 4319640.593, 109
Trd, 4319641.543, 114
Trd, 4319642.493, 106
Trd, 4319642.643, 104
Trd, 4319642.743, 98
Trd, 4319642.993, 92
Trd, 4319643.493, 139
Trd, 4319645.243, 119
Trd, 4319645.843, 78
Trd, 4319646.843, 61
Trd, 4319647.893, 114
Trd, 4319648.193, 113
Trd, 4319648.343, 112
Trd, 4319648.943, 139
Trd, 4319649.193, 102
Trd, 4319649.543, 102
Trd, 4319649.793, 95
Trd, 4319650.543, 65
Trd, 4319651.243, 77
Trd, 4319652.593, 92
Trd, 4319653.593, 136
Trd, 4319653.743, 71
Trd, 4319655.443, 103
Trd, 4319656.393, 110
Trd, 4319656.993, 119
Trd, 4319657.043, 77
Trd, 4319657.443, 67
Trd, 4319657.593, 94
Trd, 4319658.243, 105
Trd, 4319659.393, 98
Trd, 4319659.793, 125
Trd, 4319660.043, 131
Trd, 4319661.693, 130
Trd, 4319662.393, 126
Trd, 4319662.493, 122
Trd, 4319662.543, 117
Trd, 4319662.793, 111
Trd, 4319664.293, 86
Trd, 4319664.693, 77
Trd, 4319664.993, 84
Trd, 4319665.493, 77
Trd, 4319665.943, 82
Trd, 4319666.243, 111
Trd, 4319667.143, 139
Trd, 4319668.843, 110
Trd, 4319669.143, 113
Trd, 4319669.243, 104
Trd, 4319670.243, 86
Trd, 4319670.943, 82
Trd, 4319671.043, 67
Trd, 4319671.993, 82
Trd, 4319673.193, 89
Trd, 4319674.493, 130
Trd, 4319675.193, 105
Trd, 4319676.243, 135
Trd, 4319676.893, 100
Trd, 4319676.943, 98
Trd, 4319678.193, 79
Trd, 4319678.243, 83
Trd, 4319679.543, 78
Trd, 4319679.743, 82
Trd, 4319680.043, 75
Trd, 4319680.893, 113
Trd, 4319681.793, 88
Trd, 4319682.293, 97
Trd, 4319682.993, 120
Trd, 4319684.243, 82
Trd, 4319684.893, 113
Trd, 4319685.193, 95
Trd, 4319685.743, 91
Trd, 4319685.793, 89
Trd, 4319686.493, 90
Trd, 4319687.043, 95
Trd, 4319688.593, 80
Trd, 4319689.443, 71
Trd, 4319689.893, 96
Trd, 4319690.293, 61
Trd, 4319691.343, 96
Trd, 4319691.393, 71
Trd, 4319691.643, 114
Trd, 4319692.493, 113
Trd, 4319692.993, 87
Trd, 4319693.043, 100
Trd, 4319694.043, 74
Trd, 4319694.293, 140
Trd, 4319695.193, 140
Trd, 4319696.493, 124
Trd, 4319697.093, 123
Trd, 4319697.243, 113
Trd, 4319697.593, 87
Trd, 4319698.693, 109
Trd, 4319698.893, 120
Trd, 4319699.743, 75
Trd, 4319700.443, 139
Trd, 4319701.143, 120
Trd, 4319701.293, 112
Trd, 4319702.693, 131
Trd, 4319703.443, 135
Trd, 4319703.693, 122
Trd, 4319704.893, 125
Trd, 4319705.143, 104
Trd, 4319705.293, 93
Trd, 4319706.243, 79
Trd, 4319707.643, 86
Trd, 4319707.893, 108
Trd, 4319708.493, 116
Trd, 4319709.593, 139
Trd, 4319709.643, 134
Trd, 4319709.893, 140
Trd, 4319709.943, 130
Trd, 4319710.043, 113
Trd, 4319710.543, 69
Trd, 4319711.893, 140
Trd, 4319713.293, 66
Trd, 4319713.493, 68
Trd, 4319713.943, 84
Trd, 4319714.143, 94
Trd, 4319714.593, 87
Trd, 4319714.893, 61
Trd, 4319715.443, 73
Trd, 4319716.943, 127
Trd, 4319717.793, 108
Trd, 4319718.193, 70
Trd, 4319718.493, 67
Trd, 4319718.743, 72
Trd, 4319719.593, 102
Trd, 4319719.893, 97
Trd, 4319720.543, 123
Trd, 4319722.193, 139
Trd, 4319722.343, 120
Trd, 4319723.193, 107
Trd, 4319723.543, 100
Trd, 4319724.443, 137
Trd, 4319725.343, 116
Trd, 4319725.893, 103
Trd, 4319725.993, 139
Trd, 4319726.293, 96
Trd, 4319727.443, 91
Trd, 4319728.343, 107
Trd, 4319729.193, 78
Trd, 4319729.893, 95
Trd, 4319730.393, 120
Trd, 4319730.443, 111
Trd, 4319730.943, 93
Trd, 4319732.293, 89
Trd, 4319732.493, 71
Trd, 4319732.743, 102
Trd, 4319733.143, 113
Trd, 4319734.243, 104
Trd, 4319734.543, 86
Trd, 4319734.593, 68
Trd, 4319736.743, 66
Trd, 4319736.843, 76
Trd, 4319738.443, 62
Trd, 4319738.493, 74
Trd, 4319738.643, 66
Trd, 4319739.693, 97
Trd, 4319740.293, 107
Trd, 4319741.343, 84
Trd, 4319742.143, 98
Trd, 4319743.393, 84
Trd, 4319743.793, 123
Trd, 4319744.043, 91
Trd, 4319744.443, 83
Trd, 4319744.593, 108
Trd, 4319745.343, 61
Trd, 4319745.893, 77
Trd, 4319747.293, 117
Trd, 4319748.293, 137
Trd, 4319748.593, 136
Trd, 4319748.993, 122
Trd, 4319749.193, 77
Trd, 4319749.643, 107
Trd, 4319749.943, 72
Trd, 4319750.293, 136
Trd, 4319751.143, 70
Trd, 4319751.293, 75
Trd, 4319752.543, 61
Trd, 4319753.643, 83
Trd, 4319753.993, 87
Trd, 4319755.493, 70
Trd, 4319755.943, 139
Trd, 4319756.143, 128
Trd, 4319757.043, 96
Trd, 4319757.893, 80
Trd, 4319758.093, 92
Trd, 4319758.493, 78
Trd, 4319759.543, 138
Trd, 4319761.193, 75
Trd, 4319761.293, 98
Trd, 4319761.443, 71
Trd, 4319761.943, 77
Trd, 4319762.143, 110
Trd, 4319763.443, 67
Trd, 4319763.643, 116
Trd, 4319765.243, 111
Trd, 4319765.893, 80
Trd, 4319765.993, 67
Trd, 4319766.443, 96
Trd, 4319767.893, 73
Trd, 4319768.543, 68
Trd, 4319768.643, 76
Trd, 4319768.693, 82
Trd, 4319770.443, 76
Trd, 4319770.943, 84
Trd, 4319771.693, 87
Trd, 4319772.193, 92
Trd, 4319773.043, 111
Trd, 4319773.293, 66
Trd, 4319775.193, 63
Trd, 4319775.643, 102
Trd, 4319776.243, 94
Trd, 4319776.443, 137
Trd, 4319776.943, 137
Trd, 4319777.643, 96
Trd, 4319778.593, 75
Trd, 4319778.843, 63
Trd, 4319778.943, 64
Trd, 4319779.193, 81
Trd, 4319780.193, 139
Trd, 4319781.043, 133
Trd, 4319781.193, 104
Trd, 4319781.393, 121
Trd, 4319783.143, 113
Trd, 4319783.243, 115
Trd, 4319783.643, 138
Trd, 4319784.093, 89
Trd, 4319784.393, 76
Trd, 4319785.743, 72
Trd, 4319785.993, 60
Trd, 4319788.443, 91
Trd, 4319788.643, 66
Trd, 4319789.193, 105
Trd, 4319789.243, 75
Trd, 4319789.543, 93
Trd, 4319789.693, 108
Trd, 4319789.793, 110
Trd, 4319790.593, 125
Trd, 4319791.793, 106
Trd, 4319792.193, 101
Trd, 4319792.393, 94
Trd, 4319794.293, 99
Trd, 4319794.843, 124
Trd, 4319795.143, 76
Trd, 4319795.743, 105
Trd, 4319796.843, 95
Trd, 4319797.943, 68
Trd, 4319797.993, 90
Trd, 4319799.243, 78
Trd, 4319799.693, 93
Trd, 4319800.643, 71
Trd, 4319800.843, 72
Trd, 4319802.143, 74
Trd, 4319802.193, 76
Trd, 4319802.743, 106
Trd, 4319803.093, 138
Trd, 4319803.293, 111
Trd, 4319804.043, 62
Trd, 4319804.243, 65
Trd, 4319805.443, 112
Trd, 4319805.993, 114
Trd, 4319806.293, 94
Trd, 4319807.193, 87
Trd, 4319808.343, 108
Trd, 4319809.243, 128
Trd, 4319809.593, 90
Trd, 4319810.493, 74
Trd, 4319810.543, 72
Trd, 4319811.143, 100
Trd, 4319811.443, 112
Trd, 4319811.793, 74
Trd, 4319811.843, 68
Trd, 4319812.543, 70
Trd, 4319813.143, 111
Trd, 4319813.593, 121
Trd, 4319814.193, 93
Trd, 4319816.193, 93
Trd, 4319816.243, 98
Trd, 4319816.993, 69
Trd, 4319817.593, 138
Trd, 4319818.093, 127
Trd, 4319818.543, 111
Trd, 4319818.743, 121
Trd, 4319819.393, 105
Trd, 4319819.693, 138
Trd, 4319820.593, 118
Trd, 4319820.643, 113
Trd, 4319821.293, 129
Trd, 4319821.493, 119
Trd, 4319821.593, 117
Trd, 4319823.243, 84
Trd, 4319824.193, 86
Trd, 4319824.243, 91
Trd, 4319825.043, 120
Trd, 4319825.443, 101
Trd, 4319826.143, 91
Trd, 4319827.243, 88
Trd, 4319827.293, 94
Trd, 4319827.943, 71
Trd, 4319828.643, 95
Trd, 4319829.343, 72
Trd, 4319830.743, 90
Trd, 4319830.843, 92
Trd, 4319832.393, 137
Trd, 4319832.543, 126
Trd, 4319832.593, 110
Trd, 4319832.793, 112
Trd, 4319833.743, 60
Trd, 4319834.543, 140
Trd, 4319834.943, 119
Trd, 4319835.643, 111
Trd, 4319835.743, 100
Trd, 4319835.793, 99
Trd, 4319836.293, 94
Trd, 4319838.893, 95
Trd, 4319839.243, 113
Trd, 4319839.993, 114
Trd, 4319841.193, 73
Trd, 4319841.493, 104
Trd, 4319841.793, 102
Trd, 4319842.843, 72
Trd, 4319843.943, 74
Trd, 4319844.493, 138
Trd, 4319845.293, 105
Trd, 4319845.843, 83
Trd, 4319845.943, 85
Trd, 4319846.843, 102
Trd, 4319847.843, 82
Trd, 4319848.393, 134
Trd, 4319848.793, 128
Trd, 4319849.443, 116
Trd, 4319849.943, 140
Trd, 4319851.393, 113
Trd, 4319851.993, 112
Trd, 4319852.393, 140
Trd, 4319852.443, 121
Trd, 4319852.793, 118
Trd, 4319853.693, 69
Trd, 4319853.943, 103
Trd, 4319855.293, 140
Trd, 4319855.743, 128
Trd, 4319856.343, 96
Trd, 4319858.043, 85
Trd, 4319858.143, 104
Trd, 4319858.993, 95
Trd, 4319859.293, 78
Trd, 4319859.843, 115
Trd, 4319860.593, 87
Trd, 4319862.043, 140
Trd, 4319862.093, 136
Trd, 4319862.293, 128
Trd, 4319862.493, 101
Trd, 4319863.293, 98
Trd, 4319863.543, 97
Trd, 4319863.693, 127
Trd, 4319866.043, 104
Trd, 4319866.143, 116
Trd, 4319866.293, 110
Trd, 4319867.493, 103
Trd, 4319867.693, 93
Trd, 4319868.443, 110
Trd, 4319870.043, 76
Trd, 4319870.143, 83
Trd, 4319870.343, 85
Trd, 4319870.593, 67
Trd, 4319871.493, 87
Trd, 4319872.943, 76
Trd, 4319873.743, 104
Trd, 4319874.143, 65
Trd, 4319874.943, 72
Trd, 4319875.193, 72
Trd, 4319875.293, 79
Trd, 4319876.143, 85
Trd, 4319877.343, 84
Trd, 4319877.543, 76
Trd, 4319877.843, 109
Trd, 4319878.493, 65
Trd, 4319880.443, 70
Trd, 4319880.493, 70
Trd, 4319880.793, 91
Trd, 4319881.643, 140
Trd, 4319881.993, 71
Trd, 4319882.143, 71
Trd, 4319883.693, 61
Trd, 4319883.743, 71
Trd, 4319884.243, 113
Trd, 4319884.943, 112
Trd, 4319887.393, 135
Trd, 4319887.543, 113
Trd, 4319887.643, 113
Trd, 4319887.793, 96
Trd, 4319887.893, 115
Trd, 4319888.593, 87
Trd, 4319889.043, 67
Trd, 4319889.843, 95
Trd, 4319891.143, 60
Trd, 4319891.693, 86
Trd, 4319891.993, 109
Trd, 4319892.343, 83
Trd, 4319893.393, 61
Trd, 4319893.493, 69
Trd, 4319893.643, 130
Trd, 4319895.093, 87
Trd, 4319896.243, 91
Trd, 4319896.693, 93
Trd, 4319896.793, 102
Trd, 4319897.093, 82
Trd, 4319897.293, 80
Trd, 4319898.193, 95
Trd, 4319898.943, 93
Trd, 4319899.843, 138
Trd, 4319901.793, 78
Trd, 4319902.493, 91
Trd, 4319902.843, 74
Trd, 4319904.093, 65
Trd, 4319904.293, 70
Trd, 4319904.893, 102
Trd, 4319905.443, 68
Trd, 4319906.093, 84
Trd, 4319906.143, 67
Trd, 4319906.843, 73
Trd, 4319906.943, 92
Trd, 4319907.343, 101
Trd, 4319908.243, 75
Trd, 4319909.243, 63
Trd, 4319909.643, 78
Trd, 4319910.643, 109
Trd, 4319910.693, 99
Trd, 4319910.943, 119
Trd, 4319911.343, 61
Trd, 4319912.493, 80
Trd, 4319913.243, 117
Trd, 4319914.743, 91
Trd, 4319916.193, 64
Trd, 4319916.993, 75
Trd, 4319917.393, 74
Trd, 4319917.543, 93
Trd, 4319917.843, 96
Trd, 4319918.293, 73
Trd, 4319919.093, 71
Trd, 4319919.143, 75
Trd, 4319919.243, 135
Trd, 4319921.043, 131
Trd, 4319921.093, 111
Trd, 4319921.943, 75
Trd, 4319924.543, 90
Trd, 4319924.743, 111
Trd, 4319924.843, 74
Trd, 4319924.993, 113
Trd, 4319926.193, 121
Trd, 4319927.143, 139
Trd, 4319927.693, 97
Trd, 4319928.043, 86
Trd, 4319929.593, 88
Trd, 4319930.793, 140
Trd, 4319931.043, 115
Trd, 4319931.493, 99
Trd, 4319931.743, 99
Trd, 4319931.843, 98
Trd, 4319932.943, 73
Trd, 4319933.343, 100
Trd, 4319934.343, 61
Trd, 4319934.943, 92
Trd, 4319935.193, 80
Trd, 4319936.293, 107
Trd, 4319936.493, 79
Trd, 4319937.543, 121
Trd, 4319937.593, 118
Trd, 4319937.693, 134
Trd, 4319939.193, 88
Trd, 4319939.643, 112
Trd, 4319940.543, 65
Trd, 4319941.493, 75
Trd, 4319942.393, 79
Trd, 4319943.043, 84
Trd, 4319943.093, 112
Trd, 4319943.493, 81
Trd, 4319943.993, 113
Trd, 4319944.443, 112
Trd, 4319945.143, 110
Trd, 4319945.443, 108
Trd, 4319945.843, 97
Trd, 4319947.093, 126
Trd, 4319947.443, 91
Trd, 4319947.793, 85
Trd, 4319948.143, 74
Trd, 4319950.843, 74
Trd, 4319951.643, 97
Trd, 4319951.893, 93
Trd, 4319952.493, 84
Trd, 4319953.493, 77
Trd, 4319953.743, 71
Trd, 4319953.843, 73
Trd, 4319954.093, 121
Trd, 4319954.993, 73
Trd, 4319956.043, 77
Trd, 4319956.393, 113
Trd, 4319957.293, 71
Trd, 4319958.393, 61
Trd, 4319958.843, 90
Trd, 4319960.393, 88
Trd, 4319960.793, 77
Trd, 4319960.843, 74
Trd, 4319962.493, 139
Trd, 4319963.193, 117
Trd, 4319963.693, 121
Trd, 4319963.743, 104
Trd, 4319964.043, 99
Trd, 4319964.193, 95
Trd, 4319964.743, 86
Trd, 4319965.093, 89
Trd, 4319967.543, 71
Trd, 4319968.843, 96
Trd, 4319969.293, 121
Trd, 4319969.593, 131
Trd, 4319969.693, 106
Trd, 4319970.143, 117
Trd, 4319970.943, 117
Trd, 4319971.143, 76
Trd, 4319971.193, 73
Trd, 4319972.193, 66
Trd, 4319973.143, 70
Trd, 4319973.993, 87
Trd, 4319974.343, 82
Trd, 4319975.143, 120
Trd, 4319975.843, 96
Trd, 4319976.343, 139
Trd, 4319976.493, 114
Trd, 4319977.243, 117
Trd, 4319977.293, 107
Trd, 4319977.993, 106
Trd, 4319978.493, 85
Trd, 4319980.693, 69
Trd, 4319981.543, 97
Trd, 4319981.693, 84
Trd, 4319982.193, 73
Trd, 4319982.893, 92
Trd, 4319982.993, 114
Trd, 4319983.293, 116
Trd, 4319984.193, 107
Trd, 4319984.793, 97
Trd, 4319985.443, 139
Trd, 4319985.543, 96
Trd, 4319985.693, 112
Trd, 4319986.343, 108
Trd, 4319986.443, 102
Trd, 4319987.593, 138
Trd, 4319989.493, 126
Trd, 4319989.543, 126
Trd, 4319990.443, 123
Trd, 4319991.143, 113
Trd, 4319991.943, 131
Trd, 4319992.293, 108
Trd, 4319992.893, 139
Trd, 4319994.293, 78
Trd, 4319994.443, 109
Trd, 4319995.293, 63
Trd, 4319995.393, 64
Trd, 4319996.693, 60
Trd, 4319996.943, 64
Trd, 4319997.343, 60
Trd, 4319997.793, 62
Trd, 4319997.893, 78
Trd, 4319998.943, 92
