Trd, 4318103.293, 61
Trd, 4318104.193, 91
Trd, 4318104.543, 98
Trd, 4318105.643, 85
Trd, 4318106.493, 140
Trd, 4318107.793, 115
Trd, 4318107.943, 101
Trd, 4318108.293, 103
Trd, 4318108.443, 76
Trd, 4318108.543, 75
Trd, 4318109.493, 123
Trd, 4318109.593, 95
Trd, 4318109.843, 76
Trd, 4318111.193, 78
Trd, 4318112.343, 84
Trd, 4318113.093, 94
Trd, 4318114.693, 100
Trd, 4318115.193, 96
Trd, 4318115.693, 116
Trd, 4318117.293, 61
Trd, 4318117.543, 95
Trd, 4318118.243, 114
Trd, 4318119.093, 134
Trd, 4318119.143, 133
Trd, 4318119.743, 98
Trd, 4318120.393, 111
Trd, 4318121.393, 82
Trd, 4318122.443, 61
Trd, 4318124.293, 76
Trd, 4318124.893, 112
Trd, 4318124.993, 111
Trd, 4318125.793, 114
Trd, 4318125.893, 111
Trd, 4318126.543, 91
Trd, 4318126.693, 88
Trd, 4318127.643, 82
Trd, 4318127.993, 90
Trd, 4318128.793, 81
Trd, 4318130.293, 134
Trd, 4318131.043, 92
Trd, 4318131.093, 97
Trd, 4318132.243, 80
Trd, 4318132.593, 95
Trd, 4318133.143, 80
Trd, 4318133.793, 88
Trd, 4318134.843, 90
Trd, 4318135.443, 90
Trd, 4318135.643, 90
Trd, 4318137.793, 91
Trd, 4318137.843, 99
Trd, 4318138.193, 92
Trd, 4318138.393, 89
Trd, 4318139.443, 103
Trd, 4318139.793, 97
Trd, 4318141.243, 101
Trd, 4318142.193, 102
Trd, 4318142.343, 122
Trd, 4318142.443, 85
Trd, 4318143.843, 106
Trd, 4318144.243, 128
Trd, 4318145.643, 124
Trd, 4318145.693, 123
Trd, 4318146.893, 132
Trd, 4318147.843, 117
Trd, 4318148.093, 118
Trd, 4318149.293, 99
Trd, 4318149.793, 99
Trd, 4318150.593, 111
Trd, 4318151.943, 112
Trd, 4318152.093, 95
Trd, 4318153.193, 108
Trd, 4318153.443, 107
Trd, 4318155.093, 130
Trd, 4318155.193, 129
Trd, 4318155.443, 129
Trd, 4318156.143, 128
Trd, 4318156.643, 127
Trd, 4318157.643, 120
Trd, 4318158.093, 132
Trd, 4318158.643, 130
Trd, 4318158.693, 129
Trd, 4318158.943, 128
Trd, 4318159.493, 111
Trd, 4318160.893, 78
Trd, 4318161.793, 76
Trd, 4318162.043, 104
Trd, 4318164.293, 78
Trd, 4318165.043, 84
Trd, 4318165.793, 113
Trd, 4318166.543, 87
Trd, 4318167.743, 89
Trd, 4318168.343, 132
Trd, 4318170.443, 93
Trd, 4318170.693, 93
Trd, 4318171.193, 93
Trd, 4318171.793, 97
Trd, 4318171.993, 92
Trd, 4318173.643, 93
Trd, 4318174.843, 111
Trd, 4318174.893, 95
Trd, 4318175.793, 118
Trd, 4318176.393, 119
Trd, 4318176.443, 118
Trd, 4318177.443, 105
Trd, 4318177.943, 63
Trd, 4318178.893, 79
Trd, 4318180.043, 137
Trd, 4318180.943, 136
Trd, 4318182.243, 140
Trd, 4318182.393, 140
Trd, 4318182.743, 138
Trd, 4318182.943, 119
Trd, 4318183.393, 100
Trd, 4318184.943, 69
Trd, 4318185.993, 88
Trd, 4318186.643, 81
Trd, 4318186.993, 118
Trd, 4318187.043, 78
Trd, 4318187.943, 125
Trd, 4318190.143, 122
Trd, 4318190.443, 122
Trd, 4318190.493, 121
Trd, 4318190.543, 110
Trd, 4318191.293, 87
Trd, 4318191.343, 86
Trd, 4318192.243, 117
Trd, 4318192.943, 95
Trd, 4318195.493, 100
Trd, 4318196.093, 84
Trd, 4318196.693, 118
Trd, 4318197.943, 110
Trd, 4318197.993, 109
Trd, 4318198.193, 107
Trd, 4318198.693, 82
Trd, 4318200.243, 92
Trd, 4318200.493, 89
Trd, 4318201.143, 97
Trd, 4318202.743, 96
Trd, 4318203.493, 127
Trd, 4318203.843, 127
Trd, 4318204.243, 128
Trd, 4318204.443, 126
Trd, 4318205.893, 116
Trd, 4318206.093, 107
Trd, 4318206.343, 92
Trd, 4318207.093, 127
Trd, 4318207.343, 118
Trd, 4318208.293, 93
Trd, 4318209.193, 103
Trd, 4318210.693, 114
Trd, 4318212.193, 138
Trd, 4318212.943, 137
Trd, 4318213.193, 123
Trd, 4318213.443, 114
Trd, 4318213.893, 101
Trd, 4318215.593, 126
Trd, 4318216.043, 116
Trd, 4318216.543, 119
Trd, 4318216.893, 86
Trd, 4318218.043, 98
Trd, 4318219.043, 131
Trd, 4318219.543, 131
Trd, 4318220.893, 133
Trd, 4318220.943, 132
Trd, 4318221.893, 128
Trd, 4318223.643, 107
Trd, 4318224.593, 119
Trd, 4318224.943, 100
Trd, 4318225.243, 103
Trd, 4318225.593, 115
Trd, 4318225.843, 105
Trd, 4318226.343, 102
Trd, 4318226.393, 100
Trd, 4318226.543, 96
Trd, 4318228.543, 128
Trd, 4318228.893, 86
Trd, 4318229.493, 131
Trd, 4318230.593, 99
Trd, 4318231.343, 100
Trd, 4318231.793, 99
Trd, 4318232.593, 95
Trd, 4318233.143, 96
Trd, 4318233.443, 96
Trd, 4318234.193, 76
Trd, 4318234.493, 88
Trd, 4318235.443, 116
Trd, 4318235.943, 93
Trd, 4318237.893, 88
Trd, 4318238.793, 82
Trd, 4318240.293, 104
Trd, 4318240.743, 93
Trd, 4318241.193, 92
Trd, 4318241.693, 87
Trd, 4318241.843, 75
Trd, 4318241.993, 89
Trd, 4318242.943, 76
Trd, 4318243.843, 92
Trd, 4318244.493, 114
Trd, 4318244.943, 97
Trd, 4318245.643, 126
Trd, 4318246.443, 126
Trd, 4318247.043, 125
Trd, 4318247.343, 108
Trd, 4318248.393, 88
Trd, 4318250.643, 133
Trd, 4318251.793, 134
Trd, 4318251.843, 131
Trd, 4318251.993, 124
Trd, 4318252.143, 115
Trd, 4318252.493, 77
Trd, 4318254.443, 93
Trd, 4318254.643, 116
Trd, 4318254.693, 97
Trd, 4318255.143, 91
Trd, 4318256.543, 122
Trd, 4318257.143, 123
Trd, 4318257.593, 122
Trd, 4318258.393, 137
Trd, 4318259.443, 136
Trd, 4318259.593, 134
Trd, 4318260.343, 117
Trd, 4318261.043, 122
Trd, 4318262.093, 102
Trd, 4318262.693, 89
Trd, 4318262.893, 101
Trd, 4318264.793, 119
Trd, 4318266.143, 137
Trd, 4318266.643, 137
Trd, 4318266.993, 139
Trd, 4318267.943, 138
Trd, 4318268.143, 137
Trd, 4318268.593, 136
Trd, 4318269.243, 124
Trd, 4318269.393, 123
Trd, 4318270.493, 108
Trd, 4318271.443, 123
Trd, 4318271.843, 87
Trd, 4318272.193, 87
Trd, 4318272.593, 85
Trd, 4318273.043, 80
Trd, 4318273.443, 81
Trd, 4318273.493, 106
Trd, 4318273.993, 139
Trd, 4318274.643, 128
Trd, 4318276.893, 68
Trd, 4318277.843, 99
Trd, 4318277.943, 98
Trd, 4318278.393, 104
Trd, 4318278.693, 97
Trd, 4318279.593, 113
Trd, 4318280.493, 116
Trd, 4318282.343, 121
Trd, 4318282.793, 120
Trd, 4318284.343, 120
Trd, 4318285.243, 117
Trd, 4318285.593, 116
Trd, 4318285.893, 137
Trd, 4318287.143, 136
Trd, 4318288.193, 128
Trd, 4318288.993, 121
Trd, 4318290.143, 109
Trd, 4318290.593, 140
Trd, 4318290.693, 133
Trd, 4318291.593, 99
Trd, 4318291.743, 91
Trd, 4318291.943, 73
Trd, 4318293.293, 95
Trd, 4318294.143, 119
Trd, 4318295.343, 132
Trd, 4318296.293, 132
Trd, 4318296.493, 131
Trd, 4318296.643, 131
Trd, 4318297.493, 134
Trd, 4318299.093, 132
Trd, 4318299.393, 132
Trd, 4318300.243, 127
Trd, 4318302.093, 136
Trd, 4318302.793, 125
Trd, 4318303.193, 116
Trd, 4318303.343, 115
Trd, 4318303.493, 109
Trd, 4318303.943, 97
Trd, 4318304.543, 101
Trd, 4318305.993, 92
Trd, 4318306.543, 131
Trd, 4318307.493, 114
Trd, 4318308.693, 101
Trd, 4318308.893, 102
Trd, 4318309.793, 112
Trd, 4318310.043, 101
Trd, 4318310.243, 100
Trd, 4318310.693, 101
Trd, 4318311.593, 100
Trd, 4318313.143, 117
Trd, 4318313.243, 82
Trd, 4318313.843, 103
Trd, 4318315.243, 126
Trd, 4318315.593, 93
Trd, 4318316.593, 94
Trd, 4318316.943, 97
Trd, 4318317.543, 123
Trd, 4318319.343, 137
Trd, 4318319.443, 132
Trd, 4318319.593, 115
Trd, 4318320.393, 130
Trd, 4318320.543, 105
Trd, 4318320.793, 63
Trd, 4318323.043, 126
Trd, 4318324.143, 105
Trd, 4318325.293, 120
Trd, 4318325.443, 121
Trd, 4318325.593, 120
Trd, 4318326.643, 120
Trd, 4318327.043, 103
Trd, 4318327.443, 108
Trd, 4318327.793, 117
Trd, 4318327.893, 95
Trd, 4318329.893, 96
Trd, 4318330.093, 94
Trd, 4318330.393, 79
Trd, 4318331.893, 69
Trd, 4318334.093, 135
Trd, 4318334.343, 133
Trd, 4318334.593, 115
Trd, 4318334.793, 113
Trd, 4318335.593, 118
Trd, 4318336.093, 107
Trd, 4318338.293, 113
Trd, 4318338.393, 113
Trd, 4318339.593, 98
Trd, 4318340.093, 112
Trd, 4318340.243, 88
Trd, 4318341.443, 105
Trd, 4318341.743, 115
Trd, 4318342.343, 99
Trd, 4318342.593, 93
Trd, 4318342.943, 101
Trd, 4318345.193, 96
Trd, 4318345.243, 94
Trd, 4318346.443, 108
Trd, 4318346.793, 106
Trd, 4318346.943, 94
Trd, 4318347.593, 118
Trd, 4318348.943, 110
Trd, 4318349.443, 109
Trd, 4318349.793, 109
Trd, 4318350.793, 89
Trd, 4318351.743, 122
Trd, 4318352.443, 70
Trd, 4318352.943, 71
Trd, 4318353.093, 88
Trd, 4318353.643, 97
Trd, 4318355.193, 116
Trd, 4318355.293, 79
Trd, 4318355.643, 112
Trd, 4318356.293, 79
Trd, 4318356.743, 79
Trd, 4318357.943, 67
Trd, 4318358.493, 101
Trd, 4318358.843, 85
Trd, 4318359.393, 95
Trd, 4318360.793, 73
Trd, 4318360.843, 72
Trd, 4318361.043, 94
Trd, 4318362.143, 121
Trd, 4318363.793, 71
Trd, 4318363.993, 138
Trd, 4318365.343, 136
Trd, 4318366.893, 133
Trd, 4318366.943, 132
Trd, 4318366.993, 106
Trd, 4318368.193, 65
Trd, 4318368.693, 106
Trd, 4318369.693, 120
Trd, 4318370.593, 128
Trd, 4318370.993, 123
Trd, 4318372.343, 123
Trd, 4318372.393, 101
Trd, 4318373.543, 124
Trd, 4318374.093, 108
Trd, 4318374.743, 124
Trd, 4318375.943, 120
Trd, 4318376.493, 127
Trd, 4318376.593, 119
Trd, 4318377.093, 119
Trd, 4318377.643, 94
Trd, 4318378.843, 98
Trd, 4318379.593, 81
Trd, 4318380.093, 129
Trd, 4318380.293, 128
Trd, 4318380.843, 86
Trd, 4318381.693, 75
Trd, 4318383.693, 96
Trd, 4318383.993, 74
Trd, 4318385.293, 90
Trd, 4318385.843, 125
Trd, 4318388.493, 114
Trd, 4318388.993, 114
Trd, 4318389.143, 128
Trd, 4318389.443, 111
Trd, 4318389.493, 81
Trd, 4318390.143, 109
Trd, 4318390.193, 98
Trd, 4318391.343, 104
Trd, 4318391.643, 90
Trd, 4318392.293, 134
Trd, 4318392.843, 139
Trd, 4318392.993, 134
Trd, 4318393.343, 131
Trd, 4318395.743, 116
Trd, 4318397.393, 140
Trd, 4318397.443, 139
Trd, 4318397.843, 123
Trd, 4318398.293, 118
Trd, 4318398.443, 102
Trd, 4318399.443, 102
Trd, 4318399.893, 130
Trd, 4318401.493, 120
Trd, 4318401.543, 80
Trd, 4318402.393, 122
Trd, 4318402.843, 97
Trd, 4318403.243, 84
Trd, 4318404.543, 129
Trd, 4318404.743, 106
Trd, 4318405.593, 94
Trd, 4318406.143, 131
Trd, 4318406.493, 109
Trd, 4318407.493, 61
Trd, 4318408.843, 66
Trd, 4318409.743, 61
Trd, 4318410.293, 89
Trd, 4318412.393, 104
Trd, 4318414.043, 87
Trd, 4318414.343, 87
Trd, 4318414.743, 86
Trd, 4318414.843, 119
Trd, 4318415.593, 113
Trd, 4318415.893, 92
Trd, 4318416.493, 78
Trd, 4318416.543, 73
Trd, 4318418.343, 77
Trd, 4318418.743, 99
Trd, 4318419.093, 64
Trd, 4318419.643, 95
Trd, 4318419.893, 136
Trd, 4318421.293, 79
Trd, 4318423.243, 104
Trd, 4318423.493, 105
Trd, 4318423.993, 102
Trd, 4318424.443, 108
Trd, 4318424.593, 112
Trd, 4318424.843, 129
Trd, 4318426.793, 114
Trd, 4318428.043, 122
Trd, 4318429.093, 120
Trd, 4318429.193, 120
Trd, 4318429.243, 103
Trd, 4318429.493, 68
Trd, 4318430.093, 125
Trd, 4318430.243, 103
Trd, 4318431.293, 65
Trd, 4318431.993, 72
Trd, 4318432.893, 85
Trd, 4318434.193, 90
Trd, 4318434.843, 116
Trd, 4318435.143, 107
Trd, 4318435.943, 109
Trd, 4318437.043, 136
Trd, 4318437.093, 135
Trd, 4318437.343, 118
Trd, 4318438.693, 123
Trd, 4318439.493, 135
Trd, 4318440.943, 130
Trd, 4318441.143, 121
Trd, 4318443.343, 125
Trd, 4318443.643, 125
Trd, 4318443.993, 134
Trd, 4318444.393, 99
Trd, 4318444.643, 97
Trd, 4318445.593, 127
Trd, 4318445.693, 120
Trd, 4318447.443, 133
Trd, 4318447.743, 129
Trd, 4318448.093, 118
Trd, 4318448.893, 115
Trd, 4318449.543, 91
Trd, 4318449.643, 87
Trd, 4318449.893, 82
Trd, 4318450.343, 84
Trd, 4318451.293, 61
Trd, 4318452.943, 69
Trd, 4318454.093, 66
Trd, 4318455.293, 82
Trd, 4318455.843, 110
Trd, 4318456.393, 74
Trd, 4318456.593, 61
Trd, 4318456.993, 79
Trd, 4318458.193, 110
Trd, 4318459.393, 112
Trd, 4318459.893, 103
Trd, 4318460.693, 78
Trd, 4318462.143, 94
Trd, 4318462.593, 90
Trd, 4318462.993, 106
Trd, 4318464.893, 124
Trd, 4318465.743, 114
Trd, 4318465.843, 113
Trd, 4318466.043, 122
Trd, 4318466.843, 73
Trd, 4318468.493, 130
Trd, 4318468.793, 129
Trd, 4318469.493, 108
Trd, 4318470.293, 109
Trd, 4318470.693, 109
Trd, 4318471.893, 139
Trd, 4318472.043, 138
Trd, 4318473.093, 121
Trd, 4318473.643, 122
Trd, 4318474.543, 136
Trd, 4318475.093, 89
Trd, 4318476.693, 92
Trd, 4318476.993, 81
Trd, 4318477.443, 104
Trd, 4318478.743, 111
Trd, 4318479.143, 109
Trd, 4318480.793, 118
Trd, 4318481.293, 124
Trd, 4318481.893, 130
Trd, 4318482.043, 123
Trd, 4318482.493, 140
Trd, 4318483.643, 129
Trd, 4318484.643, 106
Trd, 4318485.393, 126
Trd, 4318485.493, 121
Trd, 4318486.243, 130
Trd, 4318486.793, 135
Trd, 4318488.343, 115
Trd, 4318489.143, 131
Trd, 4318489.893, 133
Trd, 4318489.993, 132
Trd, 4318490.143, 130
Trd, 4318490.843, 110
Trd, 4318491.093, 105
Trd, 4318493.443, 127
Trd, 4318494.443, 96
Trd, 4318494.493, 87
Trd, 4318495.543, 109
Trd, 4318495.693, 87
Trd, 4318496.893, 118
Trd, 4318497.093, 112
Trd, 4318498.693, 84
Trd, 4318499.343, 126
Trd, 4318499.993, 101
Trd, 4318500.693, 107
Trd, 4318501.993, 111
Trd, 4318502.243, 113
Trd, 4318503.243, 134
Trd, 4318504.593, 136
Trd, 4318504.643, 135
Trd, 4318504.993, 107
Trd, 4318506.493, 89
Trd, 4318507.193, 133
Trd, 4318509.093, 125
Trd, 4318509.793, 129
Trd, 4318509.943, 123
Trd, 4318510.343, 114
Trd, 4318510.793, 109
Trd, 4318510.943, 108
Trd, 4318511.593, 105
Trd, 4318513.193, 69
Trd, 4318513.443, 61
Trd, 4318515.443, 108
Trd, 4318515.893, 107
Trd, 4318516.043, 124
Trd, 4318516.543, 98
Trd, 4318517.693, 112
Trd, 4318518.643, 96
Trd, 4318518.893, 75
Trd, 4318519.393, 98
Trd, 4318520.143, 72
Trd, 4318520.943, 96
Trd, 4318521.493, 68
Trd, 4318521.593, 121
Trd, 4318522.343, 123
Trd, 4318523.393, 121
Trd, 4318524.443, 72
Trd, 4318526.243, 86
Trd, 4318526.793, 61
Trd, 4318527.593, 69
Trd, 4318528.693, 81
Trd, 4318529.893, 70
Trd, 4318530.243, 63
Trd, 4318530.543, 129
Trd, 4318530.743, 96
Trd, 4318533.943, 85
Trd, 4318534.243, 89
Trd, 4318535.443, 86
Trd, 4318535.593, 94
Trd, 4318535.693, 85
Trd, 4318537.843, 60
Trd, 4318538.343, 67
Trd, 4318538.993, 97
Trd, 4318539.243, 93
Trd, 4318540.093, 94
Trd, 4318540.393, 94
Trd, 4318541.443, 118
Trd, 4318542.193, 121
Trd, 4318542.943, 112
Trd, 4318543.093, 94
Trd, 4318543.493, 88
Trd, 4318543.643, 99
Trd, 4318544.293, 88
Trd, 4318544.943, 115
Trd, 4318546.443, 89
Trd, 4318547.493, 60
Trd, 4318548.293, 76
Trd, 4318549.093, 79
Trd, 4318549.143, 112
Trd, 4318550.593, 63
Trd, 4318550.693, 103
Trd, 4318551.293, 127
Trd, 4318551.943, 85
Trd, 4318552.793, 76
Trd, 4318553.693, 65
Trd, 4318555.493, 66
Trd, 4318556.093, 75
Trd, 4318556.793, 107
Trd, 4318556.843, 112
Trd, 4318557.943, 118
Trd, 4318558.393, 100
Trd, 4318560.193, 104
Trd, 4318560.593, 101
Trd, 4318560.743, 97
Trd, 4318561.693, 96
Trd, 4318561.793, 94
Trd, 4318562.443, 92
Trd, 4318562.843, 97
Trd, 4318564.343, 137
Trd, 4318565.843, 135
Trd, 4318566.043, 128
Trd, 4318566.993, 119
Trd, 4318567.793, 139
Trd, 4318568.093, 137
Trd, 4318568.143, 103
Trd, 4318569.943, 118
Trd, 4318569.993, 117
Trd, 4318570.593, 104
Trd, 4318571.793, 116
Trd, 4318572.693, 105
Trd, 4318573.693, 129
Trd, 4318574.043, 90
Trd, 4318575.193, 84
Trd, 4318575.643, 83
Trd, 4318575.743, 103
Trd, 4318577.893, 101
Trd, 4318578.143, 108
Trd, 4318579.043, 101
Trd, 4318579.193, 130
Trd, 4318579.743, 101
Trd, 4318580.393, 98
Trd, 4318580.443, 109
Trd, 4318581.443, 106
Trd, 4318582.093, 93
Trd, 4318584.093, 119
Trd, 4318584.193, 107
Trd, 4318584.693, 88
Trd, 4318584.943, 88
Trd, 4318585.343, 83
Trd, 4318587.843, 67
Trd, 4318588.043, 68
Trd, 4318588.943, 63
Trd, 4318589.143, 88
Trd, 4318589.693, 77
Trd, 4318589.893, 66
Trd, 4318590.293, 70
Trd, 4318591.193, 66
Trd, 4318592.293, 67
Trd, 4318593.643, 122
Trd, 4318593.843, 121
Trd, 4318593.943, 91
Trd, 4318595.693, 64
Trd, 4318596.143, 108
Trd, 4318596.693, 102
Trd, 4318596.993, 91
Trd, 4318597.693, 140
Trd, 4318598.443, 90
Trd, 4318600.093, 96
Trd, 4318601.593, 129
Trd, 4318602.343, 101
Trd, 4318602.793, 121
Trd, 4318603.593, 109
Trd, 4318604.393, 134
Trd, 4318606.993, 137
Trd, 4318607.093, 137
Trd, 4318607.343, 134
Trd, 4318607.743, 129
Trd, 4318607.943, 117
Trd, 4318608.243, 115
Trd, 4318608.443, 139
Trd, 4318610.993, 127
Trd, 4318611.493, 123
Trd, 4318612.493, 123
Trd, 4318613.193, 122
Trd, 4318613.893, 89
Trd, 4318613.943, 82
Trd, 4318615.143, 112
Trd, 4318615.493, 86
Trd, 4318616.043, 131
Trd, 4318616.793, 121
Trd, 4318617.593, 112
Trd, 4318618.043, 109
Trd, 4318618.143, 108
Trd, 4318618.343, 102
Trd, 4318620.343, 71
Trd, 4318620.643, 93
Trd, 4318621.593, 128
Trd, 4318621.693, 127
Trd, 4318622.293, 130
Trd, 4318622.943, 112
Trd, 4318623.093, 108
Trd, 4318624.693, 103
Trd, 4318624.793, 93
Trd, 4318626.493, 91
Trd, 4318626.843, 91
Trd, 4318628.143, 127
Trd, 4318628.343, 127
Trd, 4318629.193, 138
Trd, 4318629.243, 116
Trd, 4318630.343, 135
Trd, 4318630.793, 115
Trd, 4318631.343, 140
Trd, 4318631.393, 111
Trd, 4318632.243, 95
Trd, 4318632.643, 94
Trd, 4318633.143, 77
Trd, 4318633.293, 77
Trd, 4318634.143, 64
Trd, 4318634.293, 99
Trd, 4318635.493, 76
Trd, 4318636.693, 107
Trd, 4318637.343, 111
Trd, 4318637.393, 91
Trd, 4318638.493, 122
Trd, 4318638.843, 107
Trd, 4318639.893, 110
Trd, 4318641.193, 113
Trd, 4318641.493, 110
Trd, 4318641.743, 91
Trd, 4318643.493, 69
Trd, 4318643.593, 102
Trd, 4318644.143, 112
Trd, 4318645.393, 68
Trd, 4318646.343, 69
Trd, 4318647.843, 73
Trd, 4318648.593, 76
Trd, 4318649.143, 129
Trd, 4318649.643, 92
Trd, 4318650.743, 95
Trd, 4318650.943, 75
Trd, 4318651.693, 66
Trd, 4318652.643, 81
Trd, 4318653.793, 98
Trd, 4318654.443, 116
Trd, 4318654.693, 103
Trd, 4318656.593, 132
Trd, 4318656.693, 131
Trd, 4318657.893, 112
Trd, 4318658.693, 115
Trd, 4318658.843, 113
Trd, 4318660.293, 136
Trd, 4318660.543, 129
Trd, 4318661.393, 109
Trd, 4318662.243, 139
Trd, 4318663.043, 122
Trd, 4318663.243, 105
Trd, 4318664.293, 115
Trd, 4318664.393, 108
Trd, 4318664.643, 107
Trd, 4318665.143, 116
Trd, 4318666.193, 108
Trd, 4318667.443, 138
Trd, 4318667.743, 139
Trd, 4318667.843, 137
Trd, 4318668.093, 70
Trd, 4318668.343, 78
Trd, 4318669.893, 83
Trd, 4318670.243, 79
Trd, 4318670.693, 105
Trd, 4318672.193, 131
Trd, 4318672.343, 114
Trd, 4318673.493, 81
Trd, 4318675.143, 95
Trd, 4318675.443, 94
Trd, 4318676.093, 93
Trd, 4318677.593, 103
Trd, 4318678.343, 104
Trd, 4318678.943, 121
Trd, 4318679.743, 110
Trd, 4318679.793, 103
Trd, 4318680.843, 92
Trd, 4318681.743, 101
Trd, 4318682.243, 100
Trd, 4318683.343, 98
Trd, 4318683.393, 91
Trd, 4318683.893, 105
Trd, 4318685.493, 90
Trd, 4318685.543, 87
Trd, 4318687.043, 135
Trd, 4318688.143, 115
Trd, 4318688.393, 104
Trd, 4318688.693, 104
Trd, 4318690.943, 110
Trd, 4318691.443, 111
Trd, 4318692.043, 134
Trd, 4318692.643, 133
Trd, 4318693.243, 104
Trd, 4318693.793, 108
Trd, 4318694.843, 96
Trd, 4318695.243, 95
Trd, 4318696.743, 97
Trd, 4318697.793, 85
Trd, 4318698.543, 96
Trd, 4318699.443, 120
Trd, 4318700.293, 122
Trd, 4318700.693, 93
Trd, 4318701.993, 74
Trd, 4318704.093, 66
Trd, 4318705.393, 60
Trd, 4318705.843, 67
Trd, 4318705.943, 139
Trd, 4318706.093, 90
Trd, 4318706.243, 81
Trd, 4318707.543, 115
Trd, 4318709.593, 69
Trd, 4318710.243, 71
Trd, 4318710.643, 82
Trd, 4318710.993, 70
Trd, 4318712.393, 70
Trd, 4318713.793, 96
Trd, 4318714.143, 69
Trd, 4318714.693, 71
Trd, 4318714.793, 72
Trd, 4318715.093, 99
Trd, 4318715.393, 88
Trd, 4318715.743, 96
Trd, 4318715.893, 69
Trd, 4318718.393, 67
Trd, 4318719.143, 76
Trd, 4318720.193, 118
Trd, 4318720.543, 110
Trd, 4318721.193, 126
Trd, 4318722.393, 105
Trd, 4318723.243, 108
Trd, 4318723.343, 102
Trd, 4318723.843, 94
Trd, 4318724.343, 93
Trd, 4318724.943, 85
Trd, 4318725.343, 67
Trd, 4318726.043, 131
Trd, 4318726.443, 77
Trd, 4318727.193, 91
Trd, 4318727.343, 90
Trd, 4318727.893, 73
Trd, 4318728.543, 75
Trd, 4318730.793, 114
Trd, 4318730.993, 132
Trd, 4318731.293, 128
Trd, 4318732.243, 106
Trd, 4318732.743, 118
Trd, 4318733.393, 118
Trd, 4318734.293, 118
Trd, 4318734.893, 123
Trd, 4318735.643, 123
Trd, 4318736.393, 116
Trd, 4318736.993, 79
Trd, 4318737.893, 112
Trd, 4318738.943, 131
Trd, 4318740.793, 132
Trd, 4318740.993, 130
Trd, 4318741.593, 131
Trd, 4318742.943, 123
Trd, 4318744.293, 121
Trd, 4318744.343, 120
Trd, 4318746.293, 122
Trd, 4318746.693, 127
Trd, 4318746.993, 135
Trd, 4318747.643, 117
Trd, 4318747.843, 110
Trd, 4318748.343, 110
Trd, 4318748.443, 100
Trd, 4318748.993, 132
Trd, 4318750.143, 100
Trd, 4318751.243, 90
Trd, 4318751.643, 96
Trd, 4318753.243, 92
Trd, 4318753.443, 91
Trd, 4318753.843, 90
Trd, 4318754.393, 127
Trd, 4318754.893, 120
Trd, 4318755.343, 78
Trd, 4318759.943, 129
Trd, 4318760.193, 127
Trd, 4318760.743, 98
Trd, 4318760.843, 97
Trd, 4318761.143, 90
Trd, 4318761.493, 93
Trd, 4318761.893, 137
Trd, 4318762.293, 101
Trd, 4318763.043, 102
Trd, 4318763.093, 88
Trd, 4318764.643, 73
Trd, 4318764.693, 82
Trd, 4318764.793, 84
Trd, 4318765.143, 97
Trd, 4318766.593, 119
Trd, 4318767.343, 73
Trd, 4318767.693, 125
Trd, 4318768.193, 90
Trd, 4318768.893, 89
Trd, 4318769.093, 89
Trd, 4318769.993, 89
Trd, 4318771.493, 73
Trd, 4318771.793, 79
Trd, 4318772.293, 62
Trd, 4318772.343, 112
Trd, 4318772.943, 61
Trd, 4318774.743, 66
Trd, 4318775.593, 62
Trd, 4318775.893, 61
Trd, 4318776.493, 75
Trd, 4318778.043, 64
Trd, 4318778.743, 68
Trd, 4318779.193, 101
Trd, 4318779.743, 108
Trd, 4318780.193, 101
Trd, 4318781.543, 117
Trd, 4318782.793, 136
Trd, 4318783.593, 134
Trd, 4318783.843, 133
Trd, 4318785.043, 95
Trd, 4318785.843, 130
Trd, 4318787.343, 95
Trd, 4318789.293, 115
Trd, 4318789.343, 100
Trd, 4318790.193, 101
Trd, 4318790.343, 100
Trd, 4318790.943, 84
Trd, 4318791.843, 121
Trd, 4318792.343, 106
Trd, 4318793.393, 108
Trd, 4318793.843, 120
Trd, 4318794.093, 102
Trd, 4318795.843, 121
Trd, 4318796.943, 112
Trd, 4318797.543, 110
Trd, 4318799.593, 122
Trd, 4318799.943, 115
Trd, 4318800.493, 85
Trd, 4318801.393, 119
Trd, 4318801.493, 118
Trd, 4318804.043, 111
Trd, 4318804.343, 110
Trd, 4318804.693, 133
Trd, 4318804.993, 112
Trd, 4318805.693, 110
Trd, 4318806.093, 92
Trd, 4318807.743, 119
Trd, 4318808.693, 118
Trd, 4318810.793, 121
Trd, 4318810.943, 120
Trd, 4318812.243, 121
Trd, 4318812.443, 115
Trd, 4318812.493, 113
Trd, 4318813.693, 83
Trd, 4318814.043, 122
Trd, 4318814.393, 99
Trd, 4318814.793, 100
Trd, 4318815.943, 79
Trd, 4318816.143, 97
Trd, 4318817.143, 101
Trd, 4318818.093, 107
Trd, 4318818.493, 140
Trd, 4318819.193, 127
Trd, 4318820.443, 129
Trd, 4318820.643, 127
Trd, 4318820.743, 106
Trd, 4318822.493, 133
Trd, 4318822.793, 131
Trd, 4318823.743, 101
Trd, 4318824.693, 131
Trd, 4318824.843, 126
Trd, 4318824.943, 123
Trd, 4318826.143, 123
Trd, 4318827.543, 122
Trd, 4318828.093, 112
Trd, 4318828.493, 119
Trd, 4318828.993, 122
Trd, 4318830.243, 123
Trd, 4318830.843, 119
Trd, 4318832.043, 117
Trd, 4318833.093, 107
Trd, 4318833.593, 118
Trd, 4318833.693, 134
Trd, 4318834.443, 80
Trd, 4318837.193, 135
Trd, 4318837.343, 115
Trd, 4318838.393, 118
Trd, 4318839.343, 118
Trd, 4318840.093, 118
Trd, 4318840.643, 135
Trd, 4318841.093, 129
Trd, 4318841.143, 100
Trd, 4318841.443, 117
Trd, 4318841.893, 100
Trd, 4318842.443, 96
Trd, 4318843.493, 96
Trd, 4318844.443, 92
Trd, 4318845.743, 112
Trd, 4318846.043, 86
Trd, 4318846.943, 91
Trd, 4318849.093, 68
Trd, 4318849.643, 86
Trd, 4318850.043, 70
Trd, 4318850.243, 88
Trd, 4318854.143, 113
Trd, 4318854.243, 113
Trd, 4318854.343, 118
Trd, 4318854.893, 102
Trd, 4318855.043, 91
Trd, 4318855.093, 76
Trd, 4318855.593, 73
Trd, 4318856.043, 60
Trd, 4318857.443, 96
Trd, 4318858.993, 92
Trd, 4318859.843, 118
Trd, 4318860.543, 73
Trd, 4318860.943, 61
Trd, 4318861.393, 124
Trd, 4318862.593, 62
Trd, 4318864.593, 134
Trd, 4318864.893, 83
Trd, 4318866.543, 76
Trd, 4318867.943, 116
Trd, 4318868.243, 132
Trd, 4318868.593, 130
Trd, 4318868.843, 139
Trd, 4318869.043, 138
Trd, 4318869.743, 92
Trd, 4318871.043, 97
Trd, 4318871.093, 94
Trd, 4318871.543, 83
Trd, 4318873.443, 75
Trd, 4318873.593, 76
Trd, 4318874.543, 107
Trd, 4318874.843, 91
Trd, 4318875.843, 82
Trd, 4318876.893, 83
Trd, 4318877.393, 105
Trd, 4318878.093, 106
Trd, 4318878.543, 122
Trd, 4318879.443, 130
Trd, 4318880.193, 132
Trd, 4318881.043, 74
Trd, 4318881.193, 72
Trd, 4318882.243, 88
Trd, 4318884.343, 117
Trd, 4318885.143, 109
Trd, 4318885.643, 116
Trd, 4318886.393, 111
Trd, 4318886.643, 126
Trd, 4318886.943, 133
Trd, 4318888.043, 108
Trd, 4318888.393, 109
Trd, 4318889.293, 108
Trd, 4318889.493, 93
Trd, 4318891.243, 67
Trd, 4318892.493, 136
Trd, 4318893.793, 132
Trd, 4318894.393, 133
Trd, 4318894.993, 137
Trd, 4318895.093, 136
Trd, 4318895.243, 132
Trd, 4318895.993, 140
Trd, 4318896.293, 111
Trd, 4318897.843, 107
Trd, 4318898.443, 111
Trd, 4318898.843, 106
Trd, 4318898.943, 114
Trd, 4318898.993, 105
Trd, 4318899.343, 82
Trd, 4318900.143, 87
Trd, 4318900.593, 82
Trd, 4318901.293, 84
Trd, 4318902.193, 129
Trd, 4318904.143, 113
Trd, 4318904.543, 113
Trd, 4318904.893, 93
Trd, 4318905.093, 105
Trd, 4318905.293, 104
Trd, 4318905.593, 111
Trd, 4318906.543, 69
Trd, 4318908.943, 108
Trd, 4318909.243, 97
Trd, 4318910.143, 110
Trd, 4318912.193, 98
Trd, 4318913.093, 98
Trd, 4318913.193, 105
Trd, 4318913.593, 98
Trd, 4318914.543, 115
Trd, 4318914.593, 138
Trd, 4318915.243, 104
Trd, 4318915.993, 100
Trd, 4318916.493, 89
Trd, 4318916.543, 89
Trd, 4318918.243, 92
Trd, 4318918.543, 82
Trd, 4318918.593, 119
Trd, 4318919.243, 90
Trd, 4318919.443, 89
Trd, 4318921.143, 137
Trd, 4318922.843, 121
Trd, 4318924.843, 112
Trd, 4318925.293, 111
Trd, 4318925.793, 111
Trd, 4318925.943, 106
Trd, 4318927.193, 130
Trd, 4318927.543, 97
Trd, 4318928.293, 118
Trd, 4318929.493, 105
Trd, 4318931.193, 138
Trd, 4318931.293, 112
Trd, 4318931.893, 90
Trd, 4318932.043, 118
Trd, 4318933.443, 105
Trd, 4318933.593, 105
Trd, 4318933.743, 86
Trd, 4318934.793, 117
Trd, 4318936.293, 116
Trd, 4318937.443, 115
Trd, 4318939.193, 116
Trd, 4318939.243, 115
Trd, 4318939.943, 120
Trd, 4318941.243, 113
Trd, 4318942.543, 110
Trd, 4318943.143, 93
Trd, 4318944.443, 108
Trd, 4318944.543, 88
Trd, 4318944.993, 69
Trd, 4318945.143, 105
Trd, 4318945.643, 128
Trd, 4318947.243, 87
Trd, 4318947.393, 87
Trd, 4318947.743, 90
Trd, 4318947.993, 125
Trd, 4318948.143, 86
Trd, 4318949.193, 140
Trd, 4318949.643, 134
Trd, 4318950.693, 97
Trd, 4318951.293, 99
Trd, 4318952.043, 116
Trd, 4318953.693, 107
Trd, 4318953.893, 108
Trd, 4318953.943, 105
Trd, 4318954.043, 80
Trd, 4318955.693, 124
Trd, 4318955.843, 85
Trd, 4318958.143, 128
Trd, 4318958.243, 127
Trd, 4318958.593, 127
Trd, 4318958.743, 120
Trd, 4318959.843, 114
Trd, 4318960.943, 113
Trd, 4318961.043, 113
Trd, 4318963.043, 100
Trd, 4318963.193, 100
Trd, 4318963.943, 98
Trd, 4318964.393, 87
Trd, 4318964.893, 116
Trd, 4318966.193, 62
Trd, 4318966.743, 104
Trd, 4318966.893, 82
Trd, 4318967.343, 91
Trd, 4318967.843, 100
Trd, 4318968.693, 112
Trd, 4318969.543, 111
Trd, 4318969.893, 91
Trd, 4318970.293, 117
Trd, 4318973.343, 93
Trd, 4318973.443, 93
Trd, 4318973.693, 117
Trd, 4318973.743, 78
Trd, 4318974.693, 105
Trd, 4318974.993, 66
Trd, 4318977.343, 86
Trd, 4318977.393, 95
Trd, 4318977.743, 88
Trd, 4318977.993, 113
Trd, 4318978.943, 122
Trd, 4318979.093, 84
Trd, 4318979.793, 100
Trd, 4318981.343, 120
Trd, 4318981.643, 123
Trd, 4318982.143, 117
Trd, 4318982.893, 126
Trd, 4318983.593, 131
Trd, 4318983.643, 77
Trd, 4318985.193, 88
Trd, 4318986.693, 86
Trd, 4318987.643, 116
Trd, 4318988.143, 113
Trd, 4318988.593, 68
Trd, 4318989.943, 77
Trd, 4318990.493, 102
Trd, 4318990.543, 106
Trd, 4318991.343, 82
Trd, 4318991.493, 81
Trd, 4318992.393, 138
Trd, 4318994.843, 115
Trd, 4318995.143, 128
Trd, 4318995.393, 99
Trd, 4318995.843, 105
Trd, 4318996.493, 113
Trd, 4318997.693, 129
Trd, 4318997.943, 129
Trd, 4318998.443, 117
Trd, 4318999.193, 118
Trd, 4318999.493, 97
Trd, 4318999.893, 92
Trd, 4319000.343, 124
Trd, 4319001.943, 114
Trd, 4319002.993, 129
Trd, 4319003.393, 128
Trd, 4319004.093, 127
Trd, 4319004.143, 126
Trd, 4319005.643, 130
Trd, 4319006.093, 130
Trd, 4319006.493, 120
Trd, 4319006.993, 96
Trd, 4319009.043, 88
Trd, 4319009.243, 88
Trd, 4319010.093, 87
Trd, 4319010.243, 94
Trd, 4319012.093, 74
Trd, 4319013.043, 111
Trd, 4319013.143, 111
Trd, 4319013.493, 76
Trd, 4319014.693, 114
Trd, 4319015.443, 83
Trd, 4319015.693, 112
Trd, 4319016.843, 94
Trd, 4319016.893, 91
Trd, 4319017.293, 108
Trd, 4319019.493, 128
Trd, 4319019.543, 110
Trd, 4319019.993, 120
Trd, 4319020.643, 120
Trd, 4319020.693, 104
Trd, 4319021.593, 107
Trd, 4319021.843, 106
Trd, 4319021.943, 131
Trd, 4319023.043, 113
Trd, 4319025.643, 92
Trd, 4319026.243, 86
Trd, 4319027.243, 116
Trd, 4319028.743, 140
Trd, 4319029.543, 125
Trd, 4319029.593, 122
Trd, 4319029.943, 121
Trd, 4319030.393, 113
Trd, 4319030.943, 88
Trd, 4319031.793, 109
Trd, 4319032.643, 104
Trd, 4319034.193, 128
Trd, 4319034.643, 121
Trd, 4319034.943, 108
Trd, 4319035.043, 107
Trd, 4319035.543, 98
Trd, 4319035.743, 82
Trd, 4319037.693, 99
Trd, 4319038.993, 96
Trd, 4319039.443, 120
Trd, 4319039.643, 115
Trd, 4319040.393, 125
Trd, 4319040.843, 97
Trd, 4319041.643, 78
Trd, 4319041.743, 130
Trd, 4319043.243, 121
Trd, 4319043.543, 121
Trd, 4319043.593, 93
Trd, 4319044.793, 97
Trd, 4319045.793, 85
Trd, 4319046.493, 139
Trd, 4319047.243, 121
Trd, 4319047.343, 120
Trd, 4319048.543, 90
Trd, 4319048.993, 66
Trd, 4319049.393, 119
Trd, 4319050.993, 126
Trd, 4319052.843, 122
Trd, 4319053.093, 124
Trd, 4319055.343, 136
Trd, 4319055.593, 118
Trd, 4319055.993, 133
Trd, 4319056.093, 119
Trd, 4319056.493, 120
Trd, 4319057.743, 85
Trd, 4319057.993, 78
Trd, 4319058.543, 86
Trd, 4319059.693, 103
Trd, 4319060.543, 79
Trd, 4319060.693, 79
Trd, 4319061.243, 90
Trd, 4319062.093, 75
Trd, 4319064.093, 101
Trd, 4319064.693, 107
Trd, 4319064.943, 126
Trd, 4319065.843, 122
Trd, 4319066.843, 107
Trd, 4319068.143, 110
Trd, 4319068.843, 122
Trd, 4319069.693, 114
Trd, 4319070.793, 115
Trd, 4319071.743, 110
Trd, 4319071.893, 74
Trd, 4319072.193, 72
Trd, 4319073.643, 61
Trd, 4319073.843, 71
Trd, 4319074.943, 94
Trd, 4319075.093, 93
Trd, 4319075.493, 101
Trd, 4319075.943, 118
Trd, 4319077.243, 66
Trd, 4319078.843, 85
Trd, 4319080.193, 98
Trd, 4319080.243, 78
Trd, 4319080.643, 104
Trd, 4319080.993, 95
Trd, 4319081.193, 118
Trd, 4319083.093, 92
Trd, 4319083.543, 94
Trd, 4319083.743, 92
Trd, 4319084.893, 113
Trd, 4319085.143, 97
Trd, 4319086.293, 109
Trd, 4319086.493, 130
Trd, 4319086.793, 129
Trd, 4319087.093, 115
Trd, 4319087.643, 96
Trd, 4319087.893, 90
Trd, 4319090.493, 113
Trd, 4319090.593, 112
Trd, 4319090.893, 111
Trd, 4319091.693, 93
Trd, 4319092.243, 78
Trd, 4319092.343, 90
Trd, 4319092.543, 108
Trd, 4319093.093, 61
Trd, 4319093.593, 118
Trd, 4319095.293, 76
Trd, 4319095.393, 115
Trd, 4319097.743, 65
Trd, 4319098.193, 62
Trd, 4319098.443, 96
Trd, 4319099.543, 128
Trd, 4319100.143, 127
Trd, 4319100.643, 94
Trd, 4319101.143, 112
Trd, 4319102.943, 125
Trd, 4319103.693, 127
Trd, 4319104.743, 127
Trd, 4319104.793, 126
Trd, 4319106.493, 130
Trd, 4319106.693, 119
Trd, 4319107.943, 101
Trd, 4319108.843, 101
Trd, 4319108.893, 100
Trd, 4319109.043, 100
Trd, 4319109.443, 103
Trd, 4319109.593, 100
Trd, 4319109.893, 89
Trd, 4319110.843, 125
Trd, 4319111.293, 122
Trd, 4319115.393, 102
Trd, 4319116.093, 103
Trd, 4319116.193, 102
Trd, 4319117.793, 117
Trd, 4319118.093, 131
Trd, 4319118.593, 115
Trd, 4319118.843, 114
Trd, 4319120.293, 139
Trd, 4319120.893, 135
Trd, 4319121.143, 85
Trd, 4319121.393, 133
Trd, 4319121.843, 121
Trd, 4319122.793, 123
Trd, 4319124.943, 99
Trd, 4319125.993, 126
Trd, 4319126.593, 110
Trd, 4319127.143, 109
Trd, 4319128.043, 110
Trd, 4319128.393, 63
Trd, 4319131.093, 126
Trd, 4319131.143, 124
Trd, 4319131.693, 121
Trd, 4319131.893, 108
Trd, 4319133.793, 124
Trd, 4319134.943, 125
Trd, 4319135.293, 140
Trd, 4319136.143, 125
Trd, 4319136.593, 106
Trd, 4319136.643, 105
Trd, 4319137.243, 94
Trd, 4319137.543, 87
Trd, 4319139.293, 120
Trd, 4319139.993, 123
Trd, 4319140.093, 122
Trd, 4319141.643, 127
Trd, 4319142.543, 114
Trd, 4319142.793, 115
Trd, 4319143.693, 137
Trd, 4319144.293, 116
Trd, 4319144.643, 114
Trd, 4319144.893, 94
Trd, 4319145.843, 122
Trd, 4319146.793, 132
Trd, 4319147.043, 123
Trd, 4319149.043, 135
Trd, 4319149.243, 132
Trd, 4319149.843, 114
Trd, 4319149.893, 113
Trd, 4319150.193, 102
Trd, 4319150.943, 138
Trd, 4319151.743, 111
Trd, 4319152.243, 114
Trd, 4319152.793, 112
Trd, 4319152.843, 111
Trd, 4319153.593, 130
Trd, 4319154.293, 98
Trd, 4319155.443, 115
Trd, 4319158.293, 98
Trd, 4319158.543, 98
Trd, 4319159.443, 103
Trd, 4319160.343, 129
Trd, 4319160.593, 134
Trd, 4319160.793, 128
Trd, 4319160.943, 124
Trd, 4319162.993, 133
Trd, 4319163.193, 132
Trd, 4319163.693, 131
Trd, 4319163.843, 110
Trd, 4319165.343, 85
Trd, 4319165.843, 121
Trd, 4319167.193, 74
Trd, 4319167.543, 69
Trd, 4319167.943, 70
Trd, 4319168.743, 93
Trd, 4319168.843, 140
Trd, 4319170.993, 110
Trd, 4319173.293, 122
Trd, 4319173.493, 121
Trd, 4319173.693, 120
Trd, 4319173.943, 131
Trd, 4319174.643, 125
Trd, 4319174.743, 124
Trd, 4319176.343, 64
Trd, 4319176.593, 67
Trd, 4319178.043, 82
Trd, 4319179.193, 61
Trd, 4319179.843, 70
Trd, 4319180.093, 72
Trd, 4319180.693, 77
Trd, 4319181.293, 78
Trd, 4319181.493, 74
Trd, 4319182.043, 82
Trd, 4319183.843, 126
Trd, 4319184.493, 128
Trd, 4319184.843, 126
Trd, 4319185.993, 112
Trd, 4319187.443, 125
Trd, 4319188.343, 129
Trd, 4319189.043, 117
Trd, 4319189.743, 117
Trd, 4319190.043, 103
Trd, 4319190.543, 97
Trd, 4319191.593, 98
Trd, 4319192.593, 98
Trd, 4319194.443, 98
Trd, 4319194.943, 97
Trd, 4319196.793, 129
Trd, 4319197.593, 120
Trd, 4319197.693, 130
Trd, 4319197.793, 106
Trd, 4319197.943, 104
Trd, 4319198.043, 103
Trd, 4319198.643, 95
Trd, 4319200.493, 101
Trd, 4319200.543, 101
Trd, 4319201.293, 100
Trd, 4319202.643, 87
Trd, 4319203.543, 87
Trd, 4319203.993, 84
Trd, 4319206.193, 127
Trd, 4319206.343, 124
Trd, 4319207.243, 125
Trd, 4319207.293, 111
Trd, 4319208.243, 107
Trd, 4319208.593, 91
Trd, 4319209.493, 105
Trd, 4319210.243, 105
Trd, 4319210.543, 96
Trd, 4319210.743, 92
Trd, 4319211.493, 84
Trd, 4319211.743, 61
Trd, 4319213.143, 108
Trd, 4319214.693, 78
Trd, 4319214.793, 98
Trd, 4319215.743, 87
Trd, 4319216.093, 85
Trd, 4319216.143, 77
Trd, 4319216.593, 75
Trd, 4319218.093, 98
Trd, 4319219.843, 113
Trd, 4319219.893, 95
Trd, 4319220.293, 123
Trd, 4319221.193, 113
Trd, 4319221.393, 107
Trd, 4319222.043, 92
Trd, 4319222.743, 91
Trd, 4319223.643, 93
Trd, 4319223.893, 75
Trd, 4319224.843, 100
Trd, 4319226.893, 140
Trd, 4319227.043, 138
Trd, 4319228.143, 118
Trd, 4319228.843, 117
Trd, 4319228.943, 119
Trd, 4319229.093, 116
Trd, 4319229.143, 106
Trd, 4319230.443, 138
Trd, 4319231.493, 127
Trd, 4319231.693, 99
Trd, 4319232.143, 66
Trd, 4319232.643, 84
Trd, 4319232.993, 94
Trd, 4319234.693, 127
Trd, 4319235.743, 124
Trd, 4319235.793, 123
Trd, 4319236.043, 117
Trd, 4319237.743, 136
Trd, 4319238.243, 135
Trd, 4319238.593, 134
Trd, 4319239.293, 124
Trd, 4319240.143, 110
Trd, 4319240.343, 108
Trd, 4319241.893, 85
Trd, 4319242.993, 129
Trd, 4319243.343, 99
Trd, 4319244.593, 105
Trd, 4319244.943, 109
Trd, 4319245.093, 105
Trd, 4319246.893, 94
Trd, 4319248.193, 124
Trd, 4319248.243, 111
Trd, 4319248.543, 83
Trd, 4319249.643, 76
Trd, 4319250.443, 124
Trd, 4319250.693, 129
Trd, 4319251.443, 74
Trd, 4319252.243, 123
Trd, 4319253.543, 104
Trd, 4319253.943, 104
Trd, 4319254.343, 87
Trd, 4319256.443, 93
Trd, 4319256.643, 80
Trd, 4319257.443, 122
Trd, 4319257.743, 109
Trd, 4319257.943, 108
Trd, 4319259.293, 116
Trd, 4319261.193, 98
Trd, 4319263.493, 132
Trd, 4319263.893, 123
Trd, 4319264.293, 120
Trd, 4319264.543, 120
Trd, 4319264.843, 112
Trd, 4319265.143, 109
Trd, 4319266.143, 105
Trd, 4319266.643, 113
Trd, 4319266.943, 104
Trd, 4319267.343, 96
Trd, 4319268.343, 103
Trd, 4319268.443, 98
Trd, 4319268.693, 96
Trd, 4319272.043, 114
Trd, 4319272.943, 100
Trd, 4319273.043, 99
Trd, 4319273.493, 87
Trd, 4319275.543, 74
Trd, 4319276.243, 120
Trd, 4319277.193, 80
Trd, 4319277.793, 76
Trd, 4319278.793, 106
Trd, 4319278.993, 105
Trd, 4319279.393, 95
Trd, 4319280.693, 119
Trd, 4319280.793, 118
Trd, 4319280.893, 113
Trd, 4319282.293, 94
Trd, 4319282.643, 104
Trd, 4319283.343, 111
Trd, 4319284.493, 115
Trd, 4319285.843, 131
Trd, 4319285.993, 129
Trd, 4319287.793, 114
Trd, 4319289.643, 120
Trd, 4319290.343, 116
Trd, 4319291.193, 118
Trd, 4319291.343, 117
Trd, 4319291.543, 116
Trd, 4319292.043, 113
Trd, 4319292.443, 102
Trd, 4319292.843, 94
Trd, 4319293.393, 72
Trd, 4319294.693, 96
Trd, 4319294.943, 134
Trd, 4319296.093, 131
Trd, 4319297.193, 112
Trd, 4319298.193, 110
Trd, 4319298.843, 110
Trd, 4319299.643, 84
Trd, 4319301.093, 105
Trd, 4319301.293, 74
Trd, 4319301.793, 105
Trd, 4319302.193, 104
Trd, 4319302.743, 129
Trd, 4319303.093, 133
Trd, 4319303.493, 71
Trd, 4319303.743, 71
Trd, 4319305.393, 86
Trd, 4319305.593, 85
Trd, 4319306.993, 112
Trd, 4319307.143, 109
Trd, 4319308.243, 76
Trd, 4319310.143, 85
Trd, 4319311.593, 76
Trd, 4319312.093, 76
Trd, 4319312.743, 98
Trd, 4319313.143, 76
Trd, 4319313.743, 83
Trd, 4319314.093, 110
Trd, 4319314.293, 107
Trd, 4319315.393, 72
Trd, 4319316.593, 72
Trd, 4319316.643, 80
Trd, 4319318.043, 98
Trd, 4319318.643, 72
Trd, 4319319.593, 77
Trd, 4319320.393, 101
Trd, 4319322.243, 87
Trd, 4319322.893, 129
Trd, 4319323.043, 94
Trd, 4319324.193, 126
Trd, 4319324.343, 118
Trd, 4319326.193, 123
Trd, 4319328.293, 86
Trd, 4319329.243, 87
Trd, 4319329.343, 75
Trd, 4319330.743, 114
Trd, 4319330.843, 90
Trd, 4319332.693, 115
Trd, 4319332.893, 107
Trd, 4319332.943, 124
Trd, 4319332.993, 78
Trd, 4319334.393, 60
Trd, 4319334.693, 92
Trd, 4319335.193, 90
Trd, 4319337.443, 102
Trd, 4319338.693, 106
Trd, 4319338.993, 134
Trd, 4319339.643, 105
Trd, 4319339.843, 105
Trd, 4319339.993, 100
Trd, 4319340.543, 106
Trd, 4319340.743, 123
Trd, 4319341.343, 74
Trd, 4319341.643, 126
Trd, 4319342.043, 135
Trd, 4319343.393, 104
Trd, 4319343.793, 61
Trd, 4319344.643, 111
Trd, 4319344.943, 111
Trd, 4319345.093, 110
Trd, 4319345.293, 100
Trd, 4319347.243, 97
Trd, 4319349.293, 117
Trd, 4319349.693, 88
Trd, 4319351.043, 94
Trd, 4319351.593, 129
Trd, 4319351.743, 101
Trd, 4319351.993, 99
Trd, 4319352.843, 100
Trd, 4319353.193, 99
Trd, 4319353.243, 101
Trd, 4319354.543, 133
Trd, 4319355.393, 104
Trd, 4319356.643, 104
Trd, 4319356.793, 103
Trd, 4319357.143, 101
Trd, 4319357.543, 109
Trd, 4319359.593, 88
Trd, 4319360.343, 70
Trd, 4319362.493, 76
Trd, 4319363.143, 105
Trd, 4319363.643, 109
Trd, 4319364.343, 96
Trd, 4319365.143, 72
Trd, 4319366.343, 120
Trd, 4319366.843, 75
Trd, 4319366.993, 75
Trd, 4319367.443, 112
Trd, 4319367.843, 74
Trd, 4319369.743, 125
Trd, 4319370.093, 101
Trd, 4319370.243, 99
Trd, 4319371.443, 105
Trd, 4319371.693, 122
Trd, 4319373.243, 120
Trd, 4319374.543, 99
Trd, 4319374.593, 86
Trd, 4319375.893, 74
Trd, 4319376.793, 70
Trd, 4319378.193, 100
Trd, 4319378.593, 106
Trd, 4319378.993, 119
Trd, 4319379.243, 91
Trd, 4319380.393, 66
Trd, 4319382.343, 122
Trd, 4319383.543, 125
Trd, 4319383.693, 136
Trd, 4319384.943, 113
Trd, 4319385.143, 106
Trd, 4319386.093, 91
Trd, 4319387.093, 139
Trd, 4319387.843, 138
Trd, 4319388.243, 122
Trd, 4319388.493, 122
Trd, 4319388.793, 121
Trd, 4319390.693, 70
Trd, 4319390.843, 102
Trd, 4319391.843, 85
Trd, 4319392.893, 73
Trd, 4319393.443, 89
Trd, 4319394.043, 103
Trd, 4319396.093, 93
Trd, 4319396.143, 100
Trd, 4319396.493, 92
Trd, 4319396.893, 88
Trd, 4319397.443, 94
Trd, 4319398.293, 104
Trd, 4319398.943, 61
Trd, 4319400.093, 135
Trd, 4319400.243, 109
Trd, 4319400.943, 126
Trd, 4319401.693, 114
Trd, 4319402.543, 113
Trd, 4319403.043, 131
Trd, 4319403.243, 130
Trd, 4319404.343, 108
Trd, 4319404.893, 140
Trd, 4319405.043, 124
Trd, 4319405.493, 123
Trd, 4319406.193, 121
Trd, 4319407.093, 119
Trd, 4319408.993, 98
Trd, 4319409.143, 119
Trd, 4319409.493, 98
Trd, 4319409.843, 140
Trd, 4319410.643, 68
Trd, 4319412.293, 136
Trd, 4319412.493, 91
Trd, 4319413.993, 102
Trd, 4319414.393, 82
Trd, 4319414.493, 76
Trd, 4319415.093, 133
Trd, 4319415.893, 79
Trd, 4319417.693, 97
Trd, 4319418.243, 93
Trd, 4319419.193, 129
Trd, 4319419.843, 114
Trd, 4319422.043, 124
Trd, 4319422.093, 123
Trd, 4319422.293, 115
Trd, 4319422.843, 106
Trd, 4319422.943, 125
Trd, 4319423.043, 93
Trd, 4319423.193, 103
Trd, 4319423.943, 112
Trd, 4319426.043, 112
Trd, 4319426.093, 111
Trd, 4319426.543, 89
Trd, 4319427.143, 113
Trd, 4319427.293, 113
Trd, 4319428.393, 94
Trd, 4319430.343, 89
Trd, 4319430.443, 77
Trd, 4319431.243, 80
Trd, 4319431.293, 79
Trd, 4319432.893, 135
Trd, 4319434.393, 131
Trd, 4319434.643, 102
Trd, 4319435.343, 102
Trd, 4319436.343, 120
Trd, 4319436.543, 107
Trd, 4319437.693, 125
Trd, 4319439.043, 123
Trd, 4319439.143, 104
Trd, 4319439.893, 103
Trd, 4319439.943, 100
Trd, 4319441.943, 124
Trd, 4319442.793, 107
Trd, 4319442.843, 106
Trd, 4319443.693, 105
Trd, 4319444.393, 116
Trd, 4319444.743, 113
Trd, 4319446.093, 120
Trd, 4319446.743, 117
Trd, 4319446.793, 112
Trd, 4319448.443, 61
Trd, 4319449.443, 62
Trd, 4319449.643, 91
Trd, 4319451.643, 98
Trd, 4319452.693, 65
Trd, 4319452.943, 77
Trd, 4319453.493, 94
Trd, 4319454.093, 62
Trd, 4319454.493, 64
Trd, 4319454.793, 88
Trd, 4319456.843, 60
Trd, 4319457.043, 102
Trd, 4319458.193, 92
Trd, 4319458.593, 89
Trd, 4319459.343, 90
Trd, 4319460.193, 118
Trd, 4319460.243, 77
Trd, 4319461.143, 126
Trd, 4319461.543, 125
Trd, 4319462.093, 120
Trd, 4319463.143, 125
Trd, 4319463.993, 118
Trd, 4319464.243, 118
Trd, 4319464.743, 113
Trd, 4319465.193, 69
Trd, 4319466.693, 137
Trd, 4319467.093, 136
Trd, 4319467.243, 91
Trd, 4319467.343, 89
Trd, 4319470.493, 140
Trd, 4319470.743, 139
Trd, 4319470.843, 98
Trd, 4319471.893, 116
Trd, 4319472.043, 115
Trd, 4319472.143, 115
Trd, 4319473.793, 139
Trd, 4319475.193, 125
Trd, 4319475.693, 92
Trd, 4319476.693, 130
Trd, 4319478.143, 129
Trd, 4319478.243, 128
Trd, 4319478.793, 107
Trd, 4319479.193, 106
Trd, 4319480.143, 125
Trd, 4319480.243, 124
Trd, 4319481.793, 116
Trd, 4319483.443, 134
Trd, 4319484.043, 113
Trd, 4319485.143, 77
Trd, 4319485.393, 76
Trd, 4319486.693, 76
Trd, 4319487.843, 109
Trd, 4319487.893, 109
Trd, 4319488.943, 138
Trd, 4319489.693, 118
Trd, 4319490.043, 113
Trd, 4319490.893, 80
Trd, 4319491.443, 69
Trd, 4319491.893, 61
Trd, 4319493.043, 112
Trd, 4319493.143, 62
Trd, 4319493.643, 69
Trd, 4319494.093, 120
Trd, 4319494.543, 108
Trd, 4319496.293, 117
Trd, 4319496.893, 117
Trd, 4319497.643, 109
Trd, 4319498.043, 135
Trd, 4319498.893, 65
Trd, 4319499.893, 77
Trd, 4319500.793, 104
Trd, 4319501.193, 85
Trd, 4319501.993, 86
Trd, 4319502.443, 89
Trd, 4319503.243, 126
Trd, 4319503.493, 84
Trd, 4319504.493, 91
Trd, 4319505.693, 103
Trd, 4319506.493, 98
Trd, 4319506.993, 103
Trd, 4319508.443, 97
Trd, 4319509.393, 99
Trd, 4319511.193, 123
Trd, 4319511.243, 103
Trd, 4319511.293, 101
Trd, 4319512.143, 101
Trd, 4319512.243, 100
Trd, 4319512.393, 77
Trd, 4319513.043, 108
Trd, 4319514.593, 138
Trd, 4319516.093, 124
Trd, 4319516.643, 85
Trd, 4319516.693, 65
Trd, 4319518.393, 85
Trd, 4319518.693, 83
Trd, 4319520.993, 62
Trd, 4319521.593, 70
Trd, 4319522.143, 60
Trd, 4319522.393, 96
Trd, 4319523.393, 78
Trd, 4319524.243, 63
Trd, 4319524.693, 64
Trd, 4319524.743, 60
Trd, 4319525.693, 92
Trd, 4319526.393, 93
Trd, 4319527.393, 97
Trd, 4319527.643, 91
Trd, 4319528.343, 140
Trd, 4319529.193, 136
Trd, 4319529.493, 115
Trd, 4319530.743, 89
Trd, 4319531.743, 100
Trd, 4319531.793, 99
Trd, 4319532.943, 71
Trd, 4319534.843, 76
Trd, 4319535.293, 70
Trd, 4319535.343, 93
Trd, 4319536.143, 61
Trd, 4319537.043, 70
Trd, 4319537.693, 125
Trd, 4319538.193, 115
Trd, 4319538.593, 118
Trd, 4319539.443, 79
Trd, 4319539.893, 134
Trd, 4319540.693, 60
Trd, 4319541.743, 83
Trd, 4319543.543, 103
Trd, 4319545.843, 135
Trd, 4319546.293, 134
Trd, 4319546.443, 134
Trd, 4319546.693, 119
Trd, 4319547.043, 114
Trd, 4319549.193, 106
Trd, 4319549.493, 133
Trd, 4319549.943, 107
Trd, 4319550.243, 131
Trd, 4319550.743, 130
Trd, 4319551.343, 105
Trd, 4319551.643, 79
Trd, 4319553.143, 99
Trd, 4319554.293, 95
Trd, 4319555.443, 138
Trd, 4319555.793, 137
Trd, 4319555.843, 113
Trd, 4319557.643, 127
Trd, 4319557.943, 73
Trd, 4319558.393, 72
Trd, 4319558.993, 75
Trd, 4319559.343, 115
Trd, 4319559.743, 74
Trd, 4319560.743, 65
Trd, 4319561.043, 91
Trd, 4319562.493, 61
Trd, 4319562.943, 80
Trd, 4319564.943, 64
Trd, 4319565.743, 60
Trd, 4319565.893, 75
Trd, 4319567.593, 82
Trd, 4319567.643, 89
Trd, 4319568.793, 69
Trd, 4319570.543, 122
Trd, 4319571.093, 102
Trd, 4319571.143, 92
Trd, 4319571.693, 129
Trd, 4319572.543, 138
Trd, 4319572.793, 140
Trd, 4319575.343, 98
Trd, 4319576.043, 118
Trd, 4319576.543, 93
Trd, 4319576.843, 92
Trd, 4319577.743, 88
Trd, 4319578.193, 85
Trd, 4319578.393, 130
Trd, 4319579.043, 84
Trd, 4319580.643, 135
Trd, 4319581.843, 106
Trd, 4319582.243, 73
Trd, 4319582.593, 125
Trd, 4319582.743, 94
Trd, 4319583.393, 116
Trd, 4319584.493, 116
Trd, 4319585.943, 110
Trd, 4319586.693, 103
Trd, 4319588.843, 93
Trd, 4319588.993, 118
Trd, 4319589.193, 92
Trd, 4319589.543, 98
Trd, 4319591.393, 130
Trd, 4319591.543, 121
Trd, 4319591.793, 109
Trd, 4319593.493, 124
Trd, 4319593.593, 113
Trd, 4319594.243, 114
Trd, 4319594.693, 96
Trd, 4319596.493, 67
Trd, 4319597.643, 65
Trd, 4319597.743, 64
Trd, 4319597.843, 97
Trd, 4319599.343, 105
Trd, 4319599.543, 97
Trd, 4319599.593, 95
Trd, 4319601.393, 124
Trd, 4319601.793, 119
Trd, 4319601.943, 106
Trd, 4319603.643, 125
Trd, 4319604.443, 125
Trd, 4319604.643, 120
Trd, 4319605.943, 132
Trd, 4319606.793, 121
Trd, 4319607.343, 115
Trd, 4319607.743, 96
Trd, 4319607.943, 69
Trd, 4319609.343, 78
Trd, 4319609.743, 78
Trd, 4319610.843, 91
Trd, 4319611.343, 84
Trd, 4319611.443, 108
Trd, 4319612.943, 83
Trd, 4319613.193, 83
Trd, 4319614.793, 61
Trd, 4319615.493, 88
Trd, 4319615.643, 88
Trd, 4319618.093, 140
Trd, 4319618.143, 114
Trd, 4319618.393, 108
Trd, 4319619.093, 103
Trd, 4319620.393, 92
Trd, 4319621.343, 111
Trd, 4319621.393, 84
Trd, 4319622.093, 118
Trd, 4319622.543, 115
Trd, 4319623.443, 140
Trd, 4319624.743, 140
Trd, 4319624.793, 100
Trd, 4319626.493, 97
Trd, 4319626.793, 103
Trd, 4319627.043, 97
Trd, 4319627.943, 130
Trd, 4319627.993, 129
Trd, 4319628.293, 106
Trd, 4319628.593, 105
Trd, 4319629.643, 87
Trd, 4319630.743, 103
Trd, 4319631.793, 109
Trd, 4319633.393, 130
Trd, 4319633.543, 108
Trd, 4319633.993, 99
Trd, 4319634.193, 98
Trd, 4319634.643, 81
Trd, 4319635.743, 131
Trd, 4319635.943, 129
Trd, 4319639.143, 114
Trd, 4319639.593, 114
Trd, 4319639.793, 129
Trd, 4319640.893, 121
Trd, 4319641.793, 132
Trd, 4319642.043, 131
Trd, 4319642.343, 130
Trd, 4319643.443, 120
Trd, 4319643.943, 108
Trd, 4319644.443, 104
Trd, 4319646.493, 94
Trd, 4319647.193, 105
Trd, 4319647.343, 114
Trd, 4319647.843, 121
Trd, 4319648.693, 101
Trd, 4319648.793, 88
Trd, 4319649.543, 138
Trd, 4319649.643, 135
Trd, 4319650.593, 75
Trd, 4319651.193, 140
Trd, 4319652.293, 107
Trd, 4319652.493, 112
Trd, 4319652.993, 140
Trd, 4319654.643, 108
Trd, 4319655.443, 108
Trd, 4319655.493, 108
Trd, 4319655.993, 91
Trd, 4319657.043, 62
Trd, 4319658.243, 114
Trd, 4319658.693, 133
Trd, 4319659.443, 128
Trd, 4319660.243, 114
Trd, 4319660.493, 132
Trd, 4319660.643, 106
Trd, 4319661.243, 106
Trd, 4319662.543, 104
Trd, 4319663.743, 130
Trd, 4319664.193, 101
Trd, 4319665.043, 88
Trd, 4319665.743, 96
Trd, 4319666.343, 95
Trd, 4319666.843, 129
Trd, 4319668.193, 131
Trd, 4319668.393, 114
Trd, 4319668.593, 140
Trd, 4319670.593, 114
Trd, 4319671.143, 112
Trd, 4319672.193, 112
Trd, 4319672.343, 107
Trd, 4319672.493, 79
Trd, 4319673.343, 117
Trd, 4319676.793, 106
Trd, 4319677.043, 96
Trd, 4319677.993, 101
Trd, 4319678.393, 108
Trd, 4319678.943, 104
Trd, 4319679.243, 101
Trd, 4319680.493, 114
Trd, 4319680.543, 102
Trd, 4319680.843, 79
Trd, 4319682.793, 140
Trd, 4319683.543, 138
Trd, 4319684.243, 135
Trd, 4319684.993, 93
Trd, 4319685.443, 139
Trd, 4319685.993, 77
Trd, 4319686.143, 67
Trd, 4319688.493, 136
Trd, 4319689.143, 123
Trd, 4319689.393, 122
Trd, 4319689.493, 114
Trd, 4319689.943, 116
Trd, 4319690.943, 95
Trd, 4319691.593, 66
Trd, 4319691.893, 109
Trd, 4319692.193, 96
Trd, 4319692.343, 109
Trd, 4319693.393, 124
Trd, 4319693.593, 122
Trd, 4319694.543, 107
Trd, 4319696.393, 107
Trd, 4319696.893, 106
Trd, 4319698.793, 99
Trd, 4319698.943, 93
Trd, 4319699.743, 78
Trd, 4319699.993, 97
Trd, 4319702.193, 139
Trd, 4319702.993, 112
Trd, 4319703.493, 110
Trd, 4319704.193, 127
Trd, 4319704.443, 126
Trd, 4319704.793, 117
Trd, 4319705.393, 110
Trd, 4319705.843, 109
Trd, 4319705.893, 92
Trd, 4319706.943, 107
Trd, 4319707.293, 85
Trd, 4319708.593, 114
Trd, 4319708.743, 108
Trd, 4319709.093, 84
Trd, 4319710.393, 68
Trd, 4319711.293, 98
Trd, 4319712.193, 107
Trd, 4319712.843, 106
Trd, 4319713.393, 137
Trd, 4319714.293, 101
Trd, 4319715.243, 102
Trd, 4319715.393, 100
Trd, 4319716.343, 124
Trd, 4319716.693, 104
Trd, 4319717.443, 110
Trd, 4319717.993, 98
Trd, 4319719.693, 135
Trd, 4319719.843, 124
Trd, 4319721.143, 110
Trd, 4319722.343, 111
Trd, 4319722.393, 80
Trd, 4319722.693, 64
Trd, 4319724.643, 67
Trd, 4319724.893, 97
Trd, 4319725.693, 68
Trd, 4319725.943, 62
Trd, 4319726.793, 64
Trd, 4319727.293, 121
Trd, 4319727.893, 124
Trd, 4319729.893, 127
Trd, 4319730.193, 126
Trd, 4319731.093, 124
Trd, 4319732.243, 92
Trd, 4319732.643, 76
Trd, 4319732.843, 71
Trd, 4319734.543, 140
Trd, 4319735.143, 110
Trd, 4319735.793, 106
Trd, 4319737.143, 93
Trd, 4319738.143, 108
Trd, 4319739.093, 101
Trd, 4319740.293, 124
Trd, 4319741.043, 124
Trd, 4319741.193, 123
Trd, 4319742.293, 84
Trd, 4319742.943, 60
Trd, 4319744.743, 131
Trd, 4319745.293, 74
Trd, 4319745.793, 134
Trd, 4319745.843, 94
Trd, 4319746.893, 104
Trd, 4319749.193, 88
Trd, 4319750.043, 91
Trd, 4319750.243, 84
Trd, 4319750.793, 109
Trd, 4319750.943, 85
Trd, 4319751.393, 82
Trd, 4319751.743, 108
Trd, 4319753.693, 60
Trd, 4319754.893, 109
Trd, 4319755.193, 103
Trd, 4319755.243, 74
Trd, 4319756.193, 82
Trd, 4319756.943, 99
Trd, 4319757.693, 69
Trd, 4319758.093, 67
Trd, 4319758.543, 79
Trd, 4319759.143, 70
Trd, 4319759.393, 74
Trd, 4319761.293, 120
Trd, 4319761.993, 111
Trd, 4319763.143, 128
Trd, 4319764.043, 110
Trd, 4319766.643, 97
Trd, 4319766.943, 84
Trd, 4319767.943, 120
Trd, 4319768.043, 101
Trd, 4319769.843, 96
Trd, 4319770.593, 102
Trd, 4319770.843, 101
Trd, 4319770.993, 117
Trd, 4319772.093, 97
Trd, 4319773.693, 95
Trd, 4319773.743, 84
Trd, 4319773.943, 66
Trd, 4319775.393, 83
Trd, 4319776.293, 65
Trd, 4319776.393, 66
Trd, 4319776.493, 82
Trd, 4319778.543, 110
Trd, 4319778.643, 135
Trd, 4319780.043, 111
Trd, 4319781.543, 114
Trd, 4319781.943, 114
Trd, 4319782.743, 123
Trd, 4319784.993, 115
Trd, 4319785.093, 117
Trd, 4319786.593, 96
Trd, 4319787.393, 91
Trd, 4319787.443, 81
Trd, 4319787.843, 121
Trd, 4319788.143, 110
Trd, 4319788.643, 99
Trd, 4319789.243, 121
Trd, 4319791.393, 104
Trd, 4319791.693, 94
Trd, 4319794.893, 106
Trd, 4319795.093, 106
Trd, 4319795.543, 140
Trd, 4319795.843, 105
Trd, 4319796.093, 110
Trd, 4319796.343, 103
Trd, 4319797.393, 84
Trd, 4319798.793, 87
Trd, 4319798.943, 88
Trd, 4319799.493, 88
Trd, 4319799.993, 87
Trd, 4319801.143, 119
Trd, 4319802.993, 123
Trd, 4319803.643, 99
Trd, 4319804.993, 120
Trd, 4319805.243, 116
Trd, 4319805.493, 127
Trd, 4319805.543, 115
Trd, 4319806.693, 107
Trd, 4319806.943, 130
Trd, 4319806.993, 129
Trd, 4319807.043, 90
Trd, 4319808.643, 127
Trd, 4319809.043, 126
Trd, 4319810.043, 71
Trd, 4319810.393, 69
Trd, 4319811.843, 80
Trd, 4319812.593, 67
Trd, 4319812.943, 70
Trd, 4319813.893, 72
Trd, 4319815.043, 65
Trd, 4319815.093, 99
Trd, 4319816.993, 72
Trd, 4319817.243, 116
Trd, 4319818.043, 70
Trd, 4319818.143, 106
Trd, 4319819.743, 87
Trd, 4319819.893, 103
Trd, 4319820.493, 89
Trd, 4319821.443, 107
Trd, 4319821.743, 90
Trd, 4319821.843, 114
Trd, 4319823.143, 92
Trd, 4319824.693, 121
Trd, 4319825.043, 91
Trd, 4319826.093, 130
Trd, 4319826.893, 129
Trd, 4319827.593, 121
Trd, 4319828.193, 120
Trd, 4319828.593, 94
Trd, 4319829.343, 85
Trd, 4319829.993, 76
Trd, 4319830.043, 76
Trd, 4319830.393, 104
Trd, 4319830.943, 86
Trd, 4319832.093, 65
Trd, 4319832.793, 93
Trd, 4319833.043, 67
Trd, 4319834.543, 100
Trd, 4319834.993, 83
Trd, 4319835.643, 92
Trd, 4319836.043, 73
Trd, 4319836.443, 72
Trd, 4319836.493, 94
Trd, 4319837.743, 134
Trd, 4319838.643, 69
Trd, 4319839.243, 112
Trd, 4319840.043, 108
Trd, 4319841.193, 86
Trd, 4319841.493, 85
Trd, 4319843.393, 133
Trd, 4319843.743, 122
Trd, 4319844.243, 122
Trd, 4319845.243, 129
Trd, 4319846.993, 107
Trd, 4319847.793, 103
Trd, 4319847.993, 102
Trd, 4319848.543, 89
Trd, 4319848.843, 85
Trd, 4319850.593, 122
Trd, 4319851.243, 116
Trd, 4319851.643, 116
Trd, 4319852.543, 114
Trd, 4319852.593, 114
Trd, 4319852.743, 110
Trd, 4319854.693, 92
Trd, 4319855.093, 84
Trd, 4319856.043, 125
Trd, 4319856.543, 140
Trd, 4319858.243, 130
Trd, 4319859.193, 131
Trd, 4319859.343, 130
Trd, 4319860.343, 132
Trd, 4319860.393, 116
Trd, 4319860.443, 98
Trd, 4319860.643, 86
Trd, 4319862.343, 104
Trd, 4319862.593, 66
Trd, 4319863.843, 132
Trd, 4319864.293, 130
Trd, 4319865.293, 133
Trd, 4319865.543, 121
Trd, 4319867.593, 119
Trd, 4319867.943, 114
Trd, 4319868.343, 115
Trd, 4319868.543, 114
Trd, 4319869.343, 95
Trd, 4319871.293, 123
Trd, 4319871.993, 92
Trd, 4319872.593, 125
Trd, 4319873.193, 115
Trd, 4319873.343, 114
Trd, 4319873.793, 114
Trd, 4319873.943, 113
Trd, 4319874.543, 90
Trd, 4319874.943, 92
Trd, 4319877.343, 98
Trd, 4319878.293, 129
Trd, 4319879.043, 111
Trd, 4319879.443, 97
Trd, 4319879.643, 96
Trd, 4319882.043, 92
Trd, 4319882.793, 125
Trd, 4319883.043, 94
Trd, 4319883.743, 129
Trd, 4319884.043, 128
Trd, 4319885.093, 132
Trd, 4319885.893, 129
Trd, 4319886.593, 136
Trd, 4319887.443, 131
Trd, 4319888.343, 134
Trd, 4319888.893, 104
Trd, 4319890.043, 78
Trd, 4319890.893, 62
Trd, 4319891.043, 64
Trd, 4319891.793, 80
Trd, 4319892.643, 79
Trd, 4319894.043, 75
Trd, 4319894.643, 83
Trd, 4319895.643, 81
Trd, 4319897.093, 110
Trd, 4319897.493, 108
Trd, 4319897.943, 78
Trd, 4319898.343, 118
Trd, 4319900.493, 102
Trd, 4319901.243, 93
Trd, 4319902.293, 60
Trd, 4319902.593, 94
Trd, 4319903.393, 84
Trd, 4319903.743, 125
Trd, 4319905.643, 91
Trd, 4319905.793, 103
Trd, 4319906.893, 76
Trd, 4319906.993, 84
Trd, 4319908.043, 79
Trd, 4319909.093, 69
Trd, 4319910.743, 88
Trd, 4319911.243, 132
Trd, 4319911.493, 83
Trd, 4319912.193, 81
Trd, 4319912.243, 80
Trd, 4319914.043, 128
Trd, 4319914.143, 127
Trd, 4319914.493, 97
Trd, 4319915.393, 82
Trd, 4319916.143, 94
Trd, 4319916.393, 93
Trd, 4319916.493, 84
Trd, 4319917.093, 115
Trd, 4319918.093, 66
Trd, 4319918.543, 72
Trd, 4319920.093, 116
Trd, 4319921.093, 106
Trd, 4319921.543, 105
Trd, 4319921.693, 96
Trd, 4319921.843, 80
Trd, 4319922.693, 75
Trd, 4319924.293, 96
Trd, 4319925.493, 80
Trd, 4319925.843, 79
Trd, 4319927.193, 126
Trd, 4319927.443, 113
Trd, 4319928.643, 136
Trd, 4319928.893, 134
Trd, 4319928.943, 119
Trd, 4319930.643, 126
Trd, 4319931.843, 115
Trd, 4319932.193, 115
Trd, 4319932.593, 120
Trd, 4319935.593, 89
Trd, 4319936.293, 133
Trd, 4319936.493, 116
Trd, 4319936.643, 101
Trd, 4319938.493, 129
Trd, 4319939.543, 129
Trd, 4319940.443, 129
Trd, 4319941.343, 108
Trd, 4319941.943, 114
Trd, 4319942.993, 115
Trd, 4319943.743, 134
Trd, 4319944.343, 95
Trd, 4319945.393, 80
Trd, 4319945.493, 89
Trd, 4319946.343, 83
Trd, 4319946.393, 82
Trd, 4319946.843, 102
Trd, 4319947.143, 126
Trd, 4319948.143, 132
Trd, 4319948.393, 90
Trd, 4319950.193, 134
Trd, 4319951.043, 116
Trd, 4319951.243, 116
Trd, 4319952.393, 111
Trd, 4319952.943, 117
Trd, 4319953.643, 100
Trd, 4319954.293, 85
Trd, 4319954.943, 66
Trd, 4319955.793, 107
Trd, 4319955.943, 95
Trd, 4319956.693, 87
Trd, 4319957.593, 101
Trd, 4319957.893, 100
Trd, 4319958.393, 126
Trd, 4319960.393, 133
Trd, 4319961.543, 124
Trd, 4319962.093, 123
Trd, 4319962.243, 87
Trd, 4319962.643, 128
Trd, 4319963.343, 101
Trd, 4319965.543, 103
Trd, 4319965.693, 88
Trd, 4319966.693, 87
Trd, 4319966.743, 82
Trd, 4319967.143, 111
Trd, 4319967.493, 136
Trd, 4319969.243, 138
Trd, 4319969.843, 135
Trd, 4319970.193, 135
Trd, 4319970.343, 129
Trd, 4319971.643, 108
Trd, 4319972.943, 128
Trd, 4319973.543, 126
Trd, 4319975.643, 102
Trd, 4319977.043, 108
Trd, 4319977.243, 94
Trd, 4319977.543, 117
Trd, 4319978.143, 109
Trd, 4319978.193, 107
Trd, 4319979.093, 87
Trd, 4319979.293, 83
Trd, 4319980.343, 86
Trd, 4319980.893, 85
Trd, 4319981.593, 94
Trd, 4319983.143, 140
Trd, 4319983.293, 140
Trd, 4319983.793, 137
Trd, 4319984.093, 133
Trd, 4319984.693, 114
Trd, 4319985.393, 104
Trd, 4319986.943, 104
Trd, 4319987.793, 127
Trd, 4319988.793, 112
Trd, 4319989.143, 111
Trd, 4319989.193, 99
Trd, 4319990.493, 139
Trd, 4319991.793, 139
Trd, 4319992.293, 131
Trd, 4319992.443, 131
Trd, 4319993.843, 132
Trd, 4319994.443, 124
Trd, 4319995.743, 115
Trd, 4319996.143, 108
Trd, 4319996.643, 97
Trd, 4319997.143, 83
Trd, 4319997.993, 135
Trd, 4319999.693, 116
Trd, 4319999.743, 98
