Trd, 4318046.793, 140
Trd, 4318048.693, 140
Trd, 4318049.743, 140
Trd, 4318050.243, 140
Trd, 4318051.643, 140
Trd, 4318052.193, 140
Trd, 4318053.393, 140
Trd, 4318054.043, 140
Trd, 4318054.443, 140
Trd, 4318057.643, 140
Trd, 4318058.643, 140
Trd, 4318059.293, 140
Trd, 4318059.343, 138
Trd, 4318060.793, 140
Trd, 4318061.493, 139
Trd, 4318062.493, 140
Trd, 4318064.093, 140
Trd, 4318064.893, 140
Trd, 4318065.043, 140
Trd, 4318066.043, 140
Trd, 4318066.293, 140
Trd, 4318066.843, 87
Trd, 4318067.393, 140
Trd, 4318067.793, 113
Trd, 4318068.243, 108
Trd, 4318068.693, 140
Trd, 4318069.043, 140
Trd, 4318071.443, 62
Trd, 4318072.543, 74
Trd, 4318072.593, 75
Trd, 4318073.193, 140
Trd, 4318074.093, 140
Trd, 4318074.293, 140
Trd, 4318076.393, 140
Trd, 4318076.993, 140
Trd, 4318077.443, 140
Trd, 4318077.793, 106
Trd, 4318078.593, 140
Trd, 4318079.843, 139
Trd, 4318080.943, 140
Trd, 4318082.243, 140
Trd, 4318083.593, 140
Trd, 4318083.993, 140
Trd, 4318084.893, 140
Trd, 4318085.593, 139
Trd, 4318087.843, 140
Trd, 4318088.043, 140
Trd, 4318088.243, 139
Trd, 4318089.693, 140
Trd, 4318089.943, 138
Trd, 4318091.243, 117
Trd, 4318092.693, 136
Trd, 4318092.843, 138
Trd, 4318092.943, 129
Trd, 4318094.443, 140
Trd, 4318094.643, 140
Trd, 4318096.143, 140
Trd, 4318096.743, 140
Trd, 4318097.293, 119
Trd, 4318098.443, 140
Trd, 4318098.493, 140
Trd, 4318099.293, 140
Trd, 4318102.143, 140
Trd, 4318102.993, 140
Trd, 4318103.643, 140
Trd, 4318103.743, 140
Trd, 4318104.193, 139
Trd, 4318105.193, 137
Trd, 4318105.893, 107
Trd, 4318106.193, 117
Trd, 4318106.493, 111
Trd, 4318107.193, 72
Trd, 4318108.443, 140
Trd, 4318110.093, 140
Trd, 4318110.893, 140
Trd, 4318112.343, 140
Trd, 4318112.743, 139
Trd, 4318113.443, 140
Trd, 4318113.493, 120
Trd, 4318113.843, 76
Trd, 4318114.193, 140
Trd, 4318115.093, 118
Trd, 4318116.343, 140
Trd, 4318116.543, 140
Trd, 4318119.393, 140
Trd, 4318119.843, 140
Trd, 4318123.143, 140
Trd, 4318125.193, 140
Trd, 4318125.393, 140
Trd, 4318125.943, 140
Trd, 4318126.343, 139
Trd, 4318126.593, 139
Trd, 4318126.943, 135
Trd, 4318129.543, 140
Trd, 4318129.693, 140
Trd, 4318130.993, 139
Trd, 4318131.043, 137
Trd, 4318132.493, 139
Trd, 4318132.693, 130
Trd, 4318133.443, 140
Trd, 4318133.493, 139
Trd, 4318133.643, 115
Trd, 4318134.443, 140
Trd, 4318134.693, 140
Trd, 4318135.643, 86
Trd, 4318136.293, 140
Trd, 4318136.393, 67
Trd, 4318136.743, 77
Trd, 4318137.893, 83
Trd, 4318139.443, 140
Trd, 4318139.493, 139
Trd, 4318139.543, 118
Trd, 4318141.243, 67
Trd, 4318141.843, 70
Trd, 4318142.843, 65
Trd, 4318143.243, 67
Trd, 4318143.993, 140
Trd, 4318144.643, 140
Trd, 4318144.743, 140
Trd, 4318145.493, 140
Trd, 4318145.743, 140
Trd, 4318147.493, 140
Trd, 4318148.793, 140
Trd, 4318148.893, 139
Trd, 4318149.393, 73
Trd, 4318150.443, 90
Trd, 4318150.893, 125
Trd, 4318151.493, 89
Trd, 4318151.593, 106
Trd, 4318152.243, 64
Trd, 4318152.693, 65
Trd, 4318153.493, 69
Trd, 4318154.393, 70
Trd, 4318154.493, 74
Trd, 4318156.493, 140
Trd, 4318156.843, 140
Trd, 4318157.043, 140
Trd, 4318158.043, 140
Trd, 4318158.193, 140
Trd, 4318158.293, 68
Trd, 4318159.893, 122
Trd, 4318161.043, 127
Trd, 4318161.493, 112
Trd, 4318161.543, 129
Trd, 4318163.543, 140
Trd, 4318164.243, 122
Trd, 4318164.893, 140
Trd, 4318166.543, 140
Trd, 4318166.893, 140
Trd, 4318167.143, 139
Trd, 4318167.993, 121
Trd, 4318168.493, 93
Trd, 4318169.693, 106
Trd, 4318170.093, 139
Trd, 4318172.843, 140
Trd, 4318173.093, 140
Trd, 4318173.143, 140
Trd, 4318173.543, 123
Trd, 4318174.743, 136
Trd, 4318176.193, 88
Trd, 4318177.643, 140
Trd, 4318178.093, 139
Trd, 4318179.093, 140
Trd, 4318179.593, 114
Trd, 4318181.093, 137
Trd, 4318181.593, 136
Trd, 4318181.793, 140
Trd, 4318182.943, 137
Trd, 4318184.193, 110
Trd, 4318185.093, 109
Trd, 4318185.493, 63
Trd, 4318185.643, 68
Trd, 4318185.843, 69
Trd, 4318186.993, 88
Trd, 4318187.993, 116
Trd, 4318188.693, 140
Trd, 4318189.043, 117
Trd, 4318189.243, 116
Trd, 4318190.043, 137
Trd, 4318193.293, 140
Trd, 4318193.343, 140
Trd, 4318193.393, 140
Trd, 4318193.443, 140
Trd, 4318194.093, 140
Trd, 4318194.293, 128
Trd, 4318194.743, 140
Trd, 4318196.093, 95
Trd, 4318196.543, 138
Trd, 4318197.443, 140
Trd, 4318198.993, 140
Trd, 4318199.043, 140
Trd, 4318199.293, 140
Trd, 4318200.343, 140
Trd, 4318202.643, 140
Trd, 4318203.893, 140
Trd, 4318204.693, 140
Trd, 4318204.943, 139
Trd, 4318205.043, 139
Trd, 4318205.243, 121
Trd, 4318206.043, 119
Trd, 4318206.743, 140
Trd, 4318207.043, 139
Trd, 4318207.993, 140
Trd, 4318210.193, 136
Trd, 4318210.793, 135
Trd, 4318211.343, 140
Trd, 4318211.793, 140
Trd, 4318213.693, 140
Trd, 4318214.343, 140
Trd, 4318215.543, 140
Trd, 4318215.993, 135
Trd, 4318218.443, 140
Trd, 4318219.643, 140
Trd, 4318219.843, 139
Trd, 4318219.893, 138
Trd, 4318220.693, 124
Trd, 4318221.043, 81
Trd, 4318221.843, 139
Trd, 4318223.193, 140
Trd, 4318223.693, 140
Trd, 4318224.293, 140
Trd, 4318224.843, 140
Trd, 4318225.143, 140
Trd, 4318225.243, 73
Trd, 4318226.043, 140
Trd, 4318227.543, 135
Trd, 4318228.443, 95
Trd, 4318228.993, 67
Trd, 4318229.843, 94
Trd, 4318230.343, 76
Trd, 4318230.893, 137
Trd, 4318231.593, 140
Trd, 4318231.643, 134
Trd, 4318232.543, 107
Trd, 4318232.793, 99
Trd, 4318235.393, 136
Trd, 4318237.043, 107
Trd, 4318237.493, 131
Trd, 4318239.543, 140
Trd, 4318240.193, 140
Trd, 4318240.493, 139
Trd, 4318241.443, 140
Trd, 4318242.243, 140
Trd, 4318242.293, 140
Trd, 4318243.143, 107
Trd, 4318244.943, 139
Trd, 4318245.193, 113
Trd, 4318245.593, 99
Trd, 4318246.443, 133
Trd, 4318246.643, 91
Trd, 4318247.093, 140
Trd, 4318248.893, 136
Trd, 4318249.893, 138
Trd, 4318250.093, 137
Trd, 4318250.843, 133
Trd, 4318251.343, 128
Trd, 4318254.193, 140
Trd, 4318255.293, 140
Trd, 4318255.593, 140
Trd, 4318255.793, 140
Trd, 4318256.343, 112
Trd, 4318256.793, 109
Trd, 4318256.843, 132
Trd, 4318257.393, 135
Trd, 4318257.943, 136
Trd, 4318259.743, 140
Trd, 4318260.193, 138
Trd, 4318261.493, 113
Trd, 4318262.993, 140
Trd, 4318264.093, 138
Trd, 4318264.493, 91
Trd, 4318264.543, 90
Trd, 4318265.293, 139
Trd, 4318265.943, 139
Trd, 4318267.393, 140
Trd, 4318267.843, 138
Trd, 4318269.693, 140
Trd, 4318270.243, 140
Trd, 4318270.943, 139
Trd, 4318271.193, 128
Trd, 4318272.543, 140
Trd, 4318273.093, 139
Trd, 4318274.393, 139
Trd, 4318274.543, 110
Trd, 4318276.943, 140
Trd, 4318278.293, 140
Trd, 4318279.593, 140
Trd, 4318279.843, 140
Trd, 4318279.943, 140
Trd, 4318280.843, 140
Trd, 4318281.343, 140
Trd, 4318283.943, 140
Trd, 4318285.693, 140
Trd, 4318285.793, 140
Trd, 4318286.243, 140
Trd, 4318287.343, 140
Trd, 4318287.493, 139
Trd, 4318288.793, 140
Trd, 4318289.343, 140
Trd, 4318290.943, 140
Trd, 4318292.443, 140
Trd, 4318292.943, 140
Trd, 4318293.393, 140
Trd, 4318294.443, 105
Trd, 4318294.693, 139
Trd, 4318295.093, 86
Trd, 4318296.593, 140
Trd, 4318298.243, 137
Trd, 4318298.793, 140
Trd, 4318299.993, 139
Trd, 4318302.393, 140
Trd, 4318302.493, 140
Trd, 4318302.743, 140
Trd, 4318302.893, 86
Trd, 4318303.893, 113
Trd, 4318304.843, 140
Trd, 4318304.993, 120
Trd, 4318307.343, 139
Trd, 4318307.443, 138
Trd, 4318307.593, 113
Trd, 4318307.743, 103
Trd, 4318308.893, 60
Trd, 4318309.093, 60
Trd, 4318309.343, 60
Trd, 4318309.493, 71
Trd, 4318311.193, 140
Trd, 4318313.443, 140
Trd, 4318314.193, 140
Trd, 4318314.843, 140
Trd, 4318315.243, 140
Trd, 4318317.143, 140
Trd, 4318317.893, 140
Trd, 4318318.293, 140
Trd, 4318319.693, 140
Trd, 4318319.743, 138
Trd, 4318319.943, 137
Trd, 4318321.693, 139
Trd, 4318322.943, 140
Trd, 4318323.243, 140
Trd, 4318324.243, 140
Trd, 4318324.343, 139
Trd, 4318325.843, 140
Trd, 4318325.943, 140
Trd, 4318326.693, 140
Trd, 4318327.043, 123
Trd, 4318327.893, 140
Trd, 4318329.643, 121
Trd, 4318330.693, 134
Trd, 4318331.043, 112
Trd, 4318331.293, 136
Trd, 4318331.693, 95
Trd, 4318334.093, 140
Trd, 4318334.793, 140
Trd, 4318335.943, 140
Trd, 4318336.443, 140
Trd, 4318338.243, 140
Trd, 4318339.893, 140
Trd, 4318340.243, 140
Trd, 4318340.443, 140
Trd, 4318340.743, 140
Trd, 4318341.243, 139
Trd, 4318341.843, 127
Trd, 4318341.993, 124
Trd, 4318343.843, 140
Trd, 4318345.043, 140
Trd, 4318346.043, 140
Trd, 4318347.143, 140
Trd, 4318348.093, 140
Trd, 4318348.393, 140
Trd, 4318348.843, 140
Trd, 4318350.343, 70
Trd, 4318351.043, 64
Trd, 4318351.193, 65
Trd, 4318352.693, 140
Trd, 4318353.093, 140
Trd, 4318353.193, 140
Trd, 4318353.543, 140
Trd, 4318353.943, 91
Trd, 4318355.293, 138
Trd, 4318356.993, 60
Trd, 4318357.893, 61
Trd, 4318358.543, 139
Trd, 4318360.343, 140
Trd, 4318361.143, 140
Trd, 4318362.293, 140
Trd, 4318363.693, 140
Trd, 4318364.843, 140
Trd, 4318365.593, 140
Trd, 4318365.993, 138
Trd, 4318366.243, 140
Trd, 4318367.043, 66
Trd, 4318369.743, 113
Trd, 4318370.693, 140
Trd, 4318371.093, 140
Trd, 4318371.393, 140
Trd, 4318372.143, 140
Trd, 4318372.843, 139
Trd, 4318373.943, 139
Trd, 4318375.493, 140
Trd, 4318375.893, 140
Trd, 4318376.143, 60
Trd, 4318378.143, 125
Trd, 4318378.943, 140
Trd, 4318380.593, 140
Trd, 4318381.293, 140
Trd, 4318381.943, 140
Trd, 4318382.593, 140
Trd, 4318384.693, 140
Trd, 4318386.143, 140
Trd, 4318388.043, 140
Trd, 4318389.643, 140
Trd, 4318389.693, 140
Trd, 4318389.793, 140
Trd, 4318389.893, 140
Trd, 4318390.043, 140
Trd, 4318391.993, 140
Trd, 4318392.343, 140
Trd, 4318392.593, 140
Trd, 4318394.093, 140
Trd, 4318394.393, 129
Trd, 4318395.393, 140
Trd, 4318395.893, 140
Trd, 4318398.843, 140
Trd, 4318398.943, 140
Trd, 4318399.543, 140
Trd, 4318399.743, 138
Trd, 4318400.043, 135
Trd, 4318400.593, 139
Trd, 4318401.393, 139
Trd, 4318402.243, 134
Trd, 4318402.493, 83
Trd, 4318403.343, 140
Trd, 4318406.343, 140
Trd, 4318407.693, 140
Trd, 4318407.743, 140
Trd, 4318408.343, 139
Trd, 4318409.293, 132
Trd, 4318409.893, 129
Trd, 4318410.393, 128
Trd, 4318410.943, 140
Trd, 4318411.493, 125
Trd, 4318413.543, 131
Trd, 4318414.343, 130
Trd, 4318414.493, 134
Trd, 4318414.543, 129
Trd, 4318415.093, 136
Trd, 4318416.143, 60
Trd, 4318416.843, 103
Trd, 4318417.143, 140
Trd, 4318418.093, 133
Trd, 4318419.193, 139
Trd, 4318419.943, 129
Trd, 4318420.143, 68
Trd, 4318420.843, 82
Trd, 4318422.193, 140
Trd, 4318422.543, 140
Trd, 4318424.493, 140
Trd, 4318424.943, 140
Trd, 4318425.243, 139
Trd, 4318425.943, 140
Trd, 4318426.143, 140
Trd, 4318426.693, 140
Trd, 4318427.693, 140
Trd, 4318428.243, 140
Trd, 4318428.893, 94
Trd, 4318430.243, 139
Trd, 4318431.143, 134
Trd, 4318432.243, 139
Trd, 4318433.093, 139
Trd, 4318436.643, 140
Trd, 4318436.693, 140
Trd, 4318437.543, 140
Trd, 4318438.393, 140
Trd, 4318439.543, 140
Trd, 4318440.293, 140
Trd, 4318441.143, 140
Trd, 4318441.593, 140
Trd, 4318442.093, 140
Trd, 4318443.743, 140
Trd, 4318445.393, 140
Trd, 4318445.443, 140
Trd, 4318446.393, 140
Trd, 4318447.093, 140
Trd, 4318447.343, 138
Trd, 4318449.493, 140
Trd, 4318450.493, 140
Trd, 4318450.693, 140
Trd, 4318452.293, 140
Trd, 4318452.893, 113
Trd, 4318453.243, 115
Trd, 4318453.343, 118
Trd, 4318454.343, 137
Trd, 4318455.993, 140
Trd, 4318456.243, 139
Trd, 4318456.543, 140
Trd, 4318456.743, 137
Trd, 4318459.493, 135
Trd, 4318459.743, 119
Trd, 4318459.893, 115
Trd, 4318460.543, 140
Trd, 4318462.293, 122
Trd, 4318462.593, 103
Trd, 4318462.793, 122
Trd, 4318463.543, 99
Trd, 4318464.043, 123
Trd, 4318465.743, 140
Trd, 4318465.993, 140
Trd, 4318468.593, 140
Trd, 4318468.643, 139
Trd, 4318468.843, 139
Trd, 4318469.193, 139
Trd, 4318469.593, 140
Trd, 4318469.993, 85
Trd, 4318470.243, 69
Trd, 4318472.043, 116
Trd, 4318472.343, 96
Trd, 4318476.093, 140
Trd, 4318476.143, 140
Trd, 4318476.593, 140
Trd, 4318476.793, 140
Trd, 4318478.043, 140
Trd, 4318478.093, 139
Trd, 4318479.243, 140
Trd, 4318479.393, 140
Trd, 4318480.393, 140
Trd, 4318482.293, 140
Trd, 4318482.843, 140
Trd, 4318483.593, 140
Trd, 4318483.943, 140
Trd, 4318484.493, 140
Trd, 4318484.893, 131
Trd, 4318485.293, 120
Trd, 4318485.693, 136
Trd, 4318486.493, 119
Trd, 4318486.693, 138
Trd, 4318487.793, 140
Trd, 4318488.743, 140
Trd, 4318490.393, 140
Trd, 4318490.443, 140
Trd, 4318490.593, 137
Trd, 4318490.793, 140
Trd, 4318490.893, 121
Trd, 4318491.293, 111
Trd, 4318493.543, 133
Trd, 4318494.993, 137
Trd, 4318495.843, 140
Trd, 4318496.593, 140
Trd, 4318496.893, 136
Trd, 4318498.143, 136
Trd, 4318498.693, 135
Trd, 4318499.843, 132
Trd, 4318500.543, 140
Trd, 4318500.743, 114
Trd, 4318501.043, 139
Trd, 4318501.243, 114
Trd, 4318501.543, 113
Trd, 4318501.793, 138
Trd, 4318502.593, 71
Trd, 4318502.693, 71
Trd, 4318503.593, 129
Trd, 4318504.293, 140
Trd, 4318504.893, 98
Trd, 4318507.093, 139
Trd, 4318508.993, 140
Trd, 4318509.243, 140
Trd, 4318510.443, 140
Trd, 4318511.643, 140
Trd, 4318511.793, 140
Trd, 4318512.693, 140
Trd, 4318514.593, 140
Trd, 4318515.043, 140
Trd, 4318515.243, 140
Trd, 4318516.843, 140
Trd, 4318517.343, 140
Trd, 4318517.943, 138
Trd, 4318518.243, 74
Trd, 4318518.393, 64
Trd, 4318519.193, 112
Trd, 4318519.243, 103
Trd, 4318519.593, 62
Trd, 4318519.943, 83
Trd, 4318520.393, 84
Trd, 4318521.443, 101
Trd, 4318522.943, 117
Trd, 4318523.993, 61
Trd, 4318525.193, 61
Trd, 4318525.893, 61
Trd, 4318526.143, 62
Trd, 4318526.943, 61
Trd, 4318529.243, 94
Trd, 4318529.293, 96
Trd, 4318530.493, 140
Trd, 4318530.943, 111
Trd, 4318532.193, 140
Trd, 4318534.293, 140
Trd, 4318534.893, 140
Trd, 4318535.693, 140
Trd, 4318536.543, 140
Trd, 4318537.393, 140
Trd, 4318539.393, 140
Trd, 4318539.643, 140
Trd, 4318541.943, 140
Trd, 4318542.493, 140
Trd, 4318543.693, 140
Trd, 4318543.743, 136
Trd, 4318544.893, 73
Trd, 4318545.593, 139
Trd, 4318545.793, 115
Trd, 4318546.243, 137
Trd, 4318546.793, 80
Trd, 4318548.143, 124
Trd, 4318548.743, 132
Trd, 4318550.443, 123
Trd, 4318550.643, 94
Trd, 4318550.893, 98
Trd, 4318551.593, 118
Trd, 4318553.143, 140
Trd, 4318553.743, 140
Trd, 4318554.593, 140
Trd, 4318556.493, 140
Trd, 4318556.793, 139
Trd, 4318557.893, 140
Trd, 4318558.443, 140
Trd, 4318560.393, 140
Trd, 4318562.343, 140
Trd, 4318562.443, 140
Trd, 4318563.093, 140
Trd, 4318563.193, 139
Trd, 4318564.143, 140
Trd, 4318564.393, 140
Trd, 4318565.093, 139
Trd, 4318565.893, 81
Trd, 4318566.493, 136
Trd, 4318567.593, 127
Trd, 4318567.743, 136
Trd, 4318569.143, 126
Trd, 4318569.793, 140
Trd, 4318571.443, 126
Trd, 4318571.543, 110
Trd, 4318571.843, 96
Trd, 4318572.893, 131
Trd, 4318573.293, 140
Trd, 4318576.443, 140
Trd, 4318576.493, 140
Trd, 4318577.243, 140
Trd, 4318577.343, 140
Trd, 4318577.793, 140
Trd, 4318578.043, 140
Trd, 4318579.193, 140
Trd, 4318579.793, 140
Trd, 4318582.293, 140
Trd, 4318583.593, 140
Trd, 4318584.593, 140
Trd, 4318584.743, 140
Trd, 4318585.093, 139
Trd, 4318585.143, 130
Trd, 4318585.693, 94
Trd, 4318586.043, 86
Trd, 4318586.393, 140
Trd, 4318587.493, 123
Trd, 4318588.343, 140
Trd, 4318589.193, 140
Trd, 4318590.843, 140
Trd, 4318592.043, 140
Trd, 4318593.143, 140
Trd, 4318593.893, 140
Trd, 4318595.093, 140
Trd, 4318595.793, 140
Trd, 4318595.993, 137
Trd, 4318597.243, 132
Trd, 4318598.193, 133
Trd, 4318598.493, 140
Trd, 4318598.643, 133
Trd, 4318598.943, 109
Trd, 4318601.393, 137
Trd, 4318602.893, 140
Trd, 4318603.493, 140
Trd, 4318605.093, 140
Trd, 4318605.293, 139
Trd, 4318605.843, 95
Trd, 4318607.043, 123
Trd, 4318607.643, 107
Trd, 4318608.743, 108
Trd, 4318608.843, 83
Trd, 4318609.493, 137
Trd, 4318609.993, 140
Trd, 4318611.093, 139
Trd, 4318611.143, 124
Trd, 4318612.393, 73
Trd, 4318612.793, 66
Trd, 4318612.993, 73
Trd, 4318613.893, 124
Trd, 4318615.993, 140
Trd, 4318618.393, 140
Trd, 4318618.643, 140
Trd, 4318618.943, 140
Trd, 4318619.093, 140
Trd, 4318620.293, 140
Trd, 4318621.043, 140
Trd, 4318621.443, 140
Trd, 4318623.393, 140
Trd, 4318624.393, 139
Trd, 4318624.643, 83
Trd, 4318624.993, 140
Trd, 4318627.043, 139
Trd, 4318627.393, 140
Trd, 4318627.443, 139
Trd, 4318627.643, 138
Trd, 4318628.043, 124
Trd, 4318629.143, 137
Trd, 4318629.343, 140
Trd, 4318630.193, 134
Trd, 4318630.393, 108
Trd, 4318631.693, 140
Trd, 4318632.043, 140
Trd, 4318634.443, 140
Trd, 4318635.343, 140
Trd, 4318636.193, 140
Trd, 4318636.393, 140
Trd, 4318637.393, 115
Trd, 4318638.343, 140
Trd, 4318640.793, 140
Trd, 4318642.793, 140
Trd, 4318642.893, 140
Trd, 4318644.493, 140
Trd, 4318645.093, 140
Trd, 4318645.593, 140
Trd, 4318645.743, 140
Trd, 4318646.943, 140
Trd, 4318648.093, 140
Trd, 4318648.493, 140
Trd, 4318649.893, 140
Trd, 4318650.043, 140
Trd, 4318651.393, 140
Trd, 4318652.543, 140
Trd, 4318653.043, 140
Trd, 4318654.093, 140
Trd, 4318654.443, 140
Trd, 4318654.643, 139
Trd, 4318656.893, 107
Trd, 4318657.443, 140
Trd, 4318657.643, 140
Trd, 4318658.343, 140
Trd, 4318659.693, 140
Trd, 4318660.243, 139
Trd, 4318662.793, 140
Trd, 4318662.943, 140
Trd, 4318663.543, 140
Trd, 4318664.393, 140
Trd, 4318664.643, 140
Trd, 4318664.843, 140
Trd, 4318665.493, 123
Trd, 4318667.343, 140
Trd, 4318667.993, 134
Trd, 4318668.543, 138
Trd, 4318670.243, 140
Trd, 4318670.443, 140
Trd, 4318670.593, 140
Trd, 4318671.643, 140
Trd, 4318671.843, 136
Trd, 4318675.043, 139
Trd, 4318675.693, 139
Trd, 4318676.243, 136
Trd, 4318676.343, 139
Trd, 4318676.943, 63
Trd, 4318677.593, 133
Trd, 4318678.243, 134
Trd, 4318679.143, 140
Trd, 4318681.043, 140
Trd, 4318681.093, 118
Trd, 4318681.843, 133
Trd, 4318683.943, 112
Trd, 4318684.143, 111
Trd, 4318685.243, 140
Trd, 4318686.643, 140
Trd, 4318686.743, 140
Trd, 4318687.143, 140
Trd, 4318687.293, 140
Trd, 4318688.443, 139
Trd, 4318688.593, 133
Trd, 4318689.043, 130
Trd, 4318689.943, 139
Trd, 4318690.293, 124
Trd, 4318693.393, 140
Trd, 4318694.693, 140
Trd, 4318695.093, 139
Trd, 4318695.593, 140
Trd, 4318696.693, 91
Trd, 4318696.743, 90
Trd, 4318698.143, 89
Trd, 4318698.343, 90
Trd, 4318698.843, 91
Trd, 4318698.993, 122
Trd, 4318699.643, 77
Trd, 4318699.943, 138
Trd, 4318700.243, 119
Trd, 4318700.993, 119
Trd, 4318702.943, 139
Trd, 4318703.143, 138
Trd, 4318703.393, 139
Trd, 4318704.493, 140
Trd, 4318705.293, 140
Trd, 4318707.693, 140
Trd, 4318707.943, 140
Trd, 4318710.893, 140
Trd, 4318710.943, 140
Trd, 4318711.443, 140
Trd, 4318712.243, 140
Trd, 4318713.193, 140
Trd, 4318713.343, 140
Trd, 4318714.443, 140
Trd, 4318714.843, 140
Trd, 4318715.143, 139
Trd, 4318715.993, 140
Trd, 4318716.793, 140
Trd, 4318716.843, 126
Trd, 4318718.693, 140
Trd, 4318720.693, 133
Trd, 4318721.843, 139
Trd, 4318722.743, 140
Trd, 4318723.893, 140
Trd, 4318724.843, 140
Trd, 4318726.143, 140
Trd, 4318726.793, 140
Trd, 4318727.893, 140
Trd, 4318728.143, 140
Trd, 4318728.693, 138
Trd, 4318730.143, 140
Trd, 4318730.843, 140
Trd, 4318731.093, 101
Trd, 4318731.593, 136
Trd, 4318732.643, 94
Trd, 4318734.143, 139
Trd, 4318734.893, 79
Trd, 4318735.043, 80
Trd, 4318736.643, 140
Trd, 4318736.893, 140
Trd, 4318737.293, 140
Trd, 4318738.293, 140
Trd, 4318739.393, 121
Trd, 4318740.693, 140
Trd, 4318740.943, 140
Trd, 4318742.393, 134
Trd, 4318742.593, 133
Trd, 4318744.543, 140
Trd, 4318744.593, 140
Trd, 4318745.593, 140
Trd, 4318747.643, 140
Trd, 4318749.943, 140
Trd, 4318751.343, 140
Trd, 4318751.693, 140
Trd, 4318751.943, 140
Trd, 4318752.943, 140
Trd, 4318753.693, 140
Trd, 4318754.343, 140
Trd, 4318755.793, 140
Trd, 4318757.593, 140
Trd, 4318757.843, 140
Trd, 4318757.943, 140
Trd, 4318759.743, 140
Trd, 4318760.293, 140
Trd, 4318760.843, 140
Trd, 4318761.643, 140
Trd, 4318761.893, 140
Trd, 4318762.043, 116
Trd, 4318764.143, 139
Trd, 4318764.693, 138
Trd, 4318764.743, 93
Trd, 4318767.543, 140
Trd, 4318767.593, 131
Trd, 4318767.793, 140
Trd, 4318769.593, 139
Trd, 4318769.943, 120
Trd, 4318771.043, 124
Trd, 4318771.293, 139
Trd, 4318771.893, 134
Trd, 4318772.393, 135
Trd, 4318773.193, 139
Trd, 4318773.793, 124
Trd, 4318774.243, 123
Trd, 4318776.543, 140
Trd, 4318776.793, 140
Trd, 4318777.943, 126
Trd, 4318780.093, 125
Trd, 4318780.443, 125
Trd, 4318781.193, 139
Trd, 4318781.593, 140
Trd, 4318782.943, 140
Trd, 4318783.293, 138
Trd, 4318784.493, 123
Trd, 4318785.193, 122
Trd, 4318786.643, 140
Trd, 4318787.993, 140
Trd, 4318788.743, 140
Trd, 4318789.093, 140
Trd, 4318789.143, 140
Trd, 4318790.543, 140
Trd, 4318791.893, 140
Trd, 4318792.143, 140
Trd, 4318792.393, 140
Trd, 4318793.593, 140
Trd, 4318794.493, 140
Trd, 4318796.243, 140
Trd, 4318796.393, 140
Trd, 4318797.243, 140
Trd, 4318797.943, 137
Trd, 4318798.143, 104
Trd, 4318799.993, 138
Trd, 4318800.243, 98
Trd, 4318801.143, 80
Trd, 4318801.893, 132
Trd, 4318802.893, 130
Trd, 4318804.093, 139
Trd, 4318805.243, 126
Trd, 4318806.243, 127
Trd, 4318807.093, 121
Trd, 4318807.643, 137
Trd, 4318808.193, 138
Trd, 4318808.443, 140
Trd, 4318809.143, 139
Trd, 4318810.793, 139
Trd, 4318811.493, 140
Trd, 4318812.893, 139
Trd, 4318813.593, 140
Trd, 4318815.143, 140
Trd, 4318815.793, 140
Trd, 4318818.293, 140
Trd, 4318818.443, 140
Trd, 4318819.143, 140
Trd, 4318820.593, 140
Trd, 4318821.143, 140
Trd, 4318821.843, 140
Trd, 4318822.543, 140
Trd, 4318823.343, 140
Trd, 4318823.743, 139
Trd, 4318824.243, 140
Trd, 4318824.643, 140
Trd, 4318824.843, 67
Trd, 4318825.443, 62
Trd, 4318826.393, 124
Trd, 4318827.043, 139
Trd, 4318828.493, 125
Trd, 4318829.193, 140
Trd, 4318830.743, 118
Trd, 4318830.793, 111
Trd, 4318832.393, 140
Trd, 4318833.093, 140
Trd, 4318834.843, 140
Trd, 4318834.993, 139
Trd, 4318835.893, 140
Trd, 4318836.343, 140
Trd, 4318836.393, 139
Trd, 4318838.143, 140
Trd, 4318838.293, 139
Trd, 4318841.443, 140
Trd, 4318842.193, 140
Trd, 4318843.043, 140
Trd, 4318843.193, 140
Trd, 4318844.293, 140
Trd, 4318844.343, 139
Trd, 4318844.743, 130
Trd, 4318844.893, 136
Trd, 4318845.593, 139
Trd, 4318850.043, 140
Trd, 4318852.693, 140
Trd, 4318854.343, 140
Trd, 4318855.343, 140
Trd, 4318855.443, 140
Trd, 4318856.943, 140
Trd, 4318857.043, 140
Trd, 4318857.193, 140
Trd, 4318857.393, 140
Trd, 4318858.293, 140
Trd, 4318858.443, 139
Trd, 4318858.843, 139
Trd, 4318860.043, 137
Trd, 4318860.143, 124
Trd, 4318860.493, 132
Trd, 4318861.993, 140
Trd, 4318862.043, 140
Trd, 4318862.143, 138
Trd, 4318864.443, 140
Trd, 4318864.593, 140
Trd, 4318865.543, 138
Trd, 4318866.593, 124
Trd, 4318866.843, 140
Trd, 4318867.643, 136
Trd, 4318867.993, 140
Trd, 4318869.593, 85
Trd, 4318869.743, 75
Trd, 4318870.143, 74
Trd, 4318870.343, 136
Trd, 4318871.543, 140
Trd, 4318872.543, 140
Trd, 4318873.043, 140
Trd, 4318873.493, 140
Trd, 4318875.493, 140
Trd, 4318876.593, 140
Trd, 4318876.693, 139
Trd, 4318878.393, 109
Trd, 4318878.493, 108
Trd, 4318879.693, 137
Trd, 4318880.443, 135
Trd, 4318880.693, 98
Trd, 4318881.793, 140
Trd, 4318882.693, 140
Trd, 4318883.643, 130
Trd, 4318884.243, 130
Trd, 4318885.393, 73
Trd, 4318886.543, 140
Trd, 4318886.643, 140
Trd, 4318887.143, 140
Trd, 4318887.243, 139
Trd, 4318887.693, 88
Trd, 4318889.543, 140
Trd, 4318890.943, 140
Trd, 4318892.843, 140
Trd, 4318892.993, 140
Trd, 4318893.093, 140
Trd, 4318894.893, 140
Trd, 4318895.043, 140
Trd, 4318895.093, 94
Trd, 4318896.143, 137
Trd, 4318896.993, 138
Trd, 4318897.443, 137
Trd, 4318897.693, 81
Trd, 4318898.893, 139
Trd, 4318900.593, 139
Trd, 4318901.193, 140
Trd, 4318901.743, 140
Trd, 4318902.043, 140
Trd, 4318902.743, 140
Trd, 4318903.993, 140
Trd, 4318904.643, 129
Trd, 4318905.693, 75
Trd, 4318906.793, 74
Trd, 4318907.293, 80
Trd, 4318907.343, 82
Trd, 4318907.743, 65
Trd, 4318909.193, 90
Trd, 4318910.643, 120
Trd, 4318910.693, 122
Trd, 4318911.193, 110
Trd, 4318912.693, 91
Trd, 4318913.093, 74
Trd, 4318914.243, 64
Trd, 4318915.443, 120
Trd, 4318915.993, 140
Trd, 4318916.293, 140
Trd, 4318917.043, 132
Trd, 4318917.993, 140
Trd, 4318918.343, 140
Trd, 4318918.443, 140
Trd, 4318919.143, 132
Trd, 4318921.443, 140
Trd, 4318921.643, 140
Trd, 4318922.893, 140
Trd, 4318923.543, 139
Trd, 4318924.493, 140
Trd, 4318925.343, 140
Trd, 4318925.493, 140
Trd, 4318925.793, 140
Trd, 4318925.893, 140
Trd, 4318926.793, 78
Trd, 4318927.843, 61
Trd, 4318928.093, 129
Trd, 4318929.943, 140
Trd, 4318930.593, 140
Trd, 4318932.343, 105
Trd, 4318933.243, 139
Trd, 4318933.843, 138
Trd, 4318934.893, 140
Trd, 4318935.093, 118
Trd, 4318935.143, 116
Trd, 4318936.193, 139
Trd, 4318937.293, 139
Trd, 4318937.443, 136
Trd, 4318938.693, 134
Trd, 4318938.793, 84
Trd, 4318940.193, 140
Trd, 4318940.493, 84
Trd, 4318942.643, 140
Trd, 4318943.093, 140
Trd, 4318943.193, 140
Trd, 4318944.093, 140
Trd, 4318944.843, 140
Trd, 4318946.193, 140
Trd, 4318947.793, 140
Trd, 4318948.843, 130
Trd, 4318949.343, 140
Trd, 4318949.693, 137
Trd, 4318950.843, 140
Trd, 4318951.443, 140
Trd, 4318952.093, 140
Trd, 4318953.443, 140
Trd, 4318953.943, 140
Trd, 4318955.343, 139
Trd, 4318955.643, 140
Trd, 4318956.743, 140
Trd, 4318957.993, 140
Trd, 4318958.193, 139
Trd, 4318959.343, 107
Trd, 4318959.693, 110
Trd, 4318960.693, 132
Trd, 4318961.743, 139
Trd, 4318961.843, 138
Trd, 4318963.643, 140
Trd, 4318964.293, 140
Trd, 4318966.693, 140
Trd, 4318966.843, 140
Trd, 4318967.293, 139
Trd, 4318967.793, 137
Trd, 4318967.943, 119
Trd, 4318972.143, 140
Trd, 4318972.243, 140
Trd, 4318972.443, 139
Trd, 4318973.943, 119
Trd, 4318974.443, 107
Trd, 4318975.243, 121
Trd, 4318975.343, 125
Trd, 4318976.243, 130
Trd, 4318978.243, 140
Trd, 4318978.743, 140
Trd, 4318979.293, 140
Trd, 4318980.543, 126
Trd, 4318980.693, 127
Trd, 4318980.793, 126
Trd, 4318980.893, 136
Trd, 4318980.943, 137
Trd, 4318982.043, 134
Trd, 4318982.393, 103
Trd, 4318983.443, 62
Trd, 4318983.643, 65
Trd, 4318983.743, 85
Trd, 4318984.393, 62
Trd, 4318984.643, 140
Trd, 4318985.443, 66
Trd, 4318987.343, 139
Trd, 4318988.443, 140
Trd, 4318989.193, 140
Trd, 4318989.493, 140
Trd, 4318990.243, 140
Trd, 4318991.493, 140
Trd, 4318991.693, 140
Trd, 4318992.043, 138
Trd, 4318992.793, 139
Trd, 4318994.093, 139
Trd, 4318994.143, 135
Trd, 4318995.393, 140
Trd, 4318997.043, 140
Trd, 4319000.043, 140
Trd, 4319001.243, 140
Trd, 4319002.643, 140
Trd, 4319003.343, 139
Trd, 4319003.993, 138
Trd, 4319004.093, 121
Trd, 4319004.343, 140
Trd, 4319004.693, 140
Trd, 4319005.893, 136
Trd, 4319006.893, 140
Trd, 4319006.943, 139
Trd, 4319007.293, 124
Trd, 4319009.143, 140
Trd, 4319009.993, 140
Trd, 4319011.243, 140
Trd, 4319013.193, 140
Trd, 4319013.243, 140
Trd, 4319013.393, 136
Trd, 4319014.993, 139
Trd, 4319015.793, 137
Trd, 4319016.643, 140
Trd, 4319016.943, 139
Trd, 4319017.143, 131
Trd, 4319017.243, 129
Trd, 4319018.193, 140
Trd, 4319019.093, 115
Trd, 4319019.293, 116
Trd, 4319020.343, 104
Trd, 4319021.593, 110
Trd, 4319022.543, 106
Trd, 4319022.993, 127
Trd, 4319023.993, 139
Trd, 4319024.593, 139
Trd, 4319024.843, 138
Trd, 4319028.493, 140
Trd, 4319028.643, 140
Trd, 4319031.443, 140
Trd, 4319031.693, 140
Trd, 4319031.793, 140
Trd, 4319032.893, 140
Trd, 4319033.893, 140
Trd, 4319033.943, 101
Trd, 4319034.493, 108
Trd, 4319034.943, 116
Trd, 4319035.543, 65
Trd, 4319035.943, 66
Trd, 4319036.493, 118
Trd, 4319037.593, 95
Trd, 4319038.743, 139
Trd, 4319041.143, 140
Trd, 4319041.693, 140
Trd, 4319041.743, 140
Trd, 4319042.043, 138
Trd, 4319043.493, 140
Trd, 4319044.293, 137
Trd, 4319044.493, 118
Trd, 4319044.543, 139
Trd, 4319046.293, 139
Trd, 4319047.093, 134
Trd, 4319047.793, 140
Trd, 4319048.243, 139
Trd, 4319048.693, 83
Trd, 4319049.593, 117
Trd, 4319050.093, 77
Trd, 4319052.043, 140
Trd, 4319052.193, 138
Trd, 4319052.493, 138
Trd, 4319054.943, 140
Trd, 4319055.543, 140
Trd, 4319055.843, 139
Trd, 4319056.393, 123
Trd, 4319057.793, 138
Trd, 4319057.943, 140
Trd, 4319061.243, 140
Trd, 4319061.393, 140
Trd, 4319061.593, 140
Trd, 4319061.743, 140
Trd, 4319062.193, 138
Trd, 4319062.293, 86
Trd, 4319062.593, 85
Trd, 4319065.493, 140
Trd, 4319066.043, 139
Trd, 4319067.343, 140
Trd, 4319068.593, 140
Trd, 4319069.843, 140
Trd, 4319071.093, 140
Trd, 4319071.343, 140
Trd, 4319071.543, 140
Trd, 4319071.843, 140
Trd, 4319072.193, 139
Trd, 4319072.843, 119
Trd, 4319073.343, 63
Trd, 4319074.293, 103
Trd, 4319074.443, 112
Trd, 4319075.443, 135
Trd, 4319076.593, 140
Trd, 4319077.243, 61
Trd, 4319078.493, 115
Trd, 4319079.143, 87
Trd, 4319079.193, 88
Trd, 4319079.493, 74
Trd, 4319080.293, 66
Trd, 4319081.093, 65
Trd, 4319081.993, 140
Trd, 4319082.493, 140
Trd, 4319082.693, 139
Trd, 4319085.143, 140
Trd, 4319086.693, 140
Trd, 4319087.893, 140
Trd, 4319087.993, 140
Trd, 4319089.143, 140
Trd, 4319090.393, 140
Trd, 4319090.593, 140
Trd, 4319091.393, 140
Trd, 4319092.543, 140
Trd, 4319092.643, 139
Trd, 4319093.143, 140
Trd, 4319095.393, 140
Trd, 4319095.493, 140
Trd, 4319098.643, 140
Trd, 4319099.893, 140
Trd, 4319099.943, 140
Trd, 4319100.543, 139
Trd, 4319101.193, 139
Trd, 4319102.193, 140
Trd, 4319102.443, 138
Trd, 4319103.643, 140
Trd, 4319104.393, 84
Trd, 4319105.193, 91
Trd, 4319105.993, 92
Trd, 4319106.643, 136
Trd, 4319108.493, 140
Trd, 4319108.593, 140
Trd, 4319109.193, 86
Trd, 4319110.643, 140
Trd, 4319110.843, 139
Trd, 4319111.493, 134
Trd, 4319113.343, 139
Trd, 4319113.743, 140
Trd, 4319114.743, 110
Trd, 4319115.143, 100
Trd, 4319116.343, 140
Trd, 4319117.743, 137
Trd, 4319118.593, 65
Trd, 4319118.643, 66
Trd, 4319119.893, 140
Trd, 4319120.043, 140
Trd, 4319121.293, 140
Trd, 4319122.393, 140
Trd, 4319122.893, 140
Trd, 4319123.943, 140
Trd, 4319126.043, 140
Trd, 4319126.443, 140
Trd, 4319127.543, 140
Trd, 4319127.993, 140
Trd, 4319128.493, 139
Trd, 4319129.593, 139
Trd, 4319130.093, 140
Trd, 4319130.343, 140
Trd, 4319131.293, 140
Trd, 4319131.543, 138
Trd, 4319133.193, 139
Trd, 4319134.443, 105
Trd, 4319135.593, 70
Trd, 4319136.593, 121
Trd, 4319136.993, 123
Trd, 4319137.293, 125
Trd, 4319137.843, 81
Trd, 4319138.143, 82
Trd, 4319138.593, 83
Trd, 4319139.643, 140
Trd, 4319139.743, 81
Trd, 4319141.743, 140
Trd, 4319142.393, 140
Trd, 4319146.343, 140
Trd, 4319147.343, 140
Trd, 4319147.643, 140
Trd, 4319148.143, 140
Trd, 4319148.793, 140
Trd, 4319149.143, 139
Trd, 4319151.093, 134
Trd, 4319151.243, 133
Trd, 4319152.393, 133
Trd, 4319155.943, 140
Trd, 4319156.793, 140
Trd, 4319157.043, 140
Trd, 4319157.193, 140
Trd, 4319158.193, 140
Trd, 4319158.943, 123
Trd, 4319160.793, 140
Trd, 4319161.943, 139
Trd, 4319162.693, 140
Trd, 4319162.793, 140
Trd, 4319163.743, 139
Trd, 4319164.093, 138
Trd, 4319164.443, 140
Trd, 4319164.643, 140
Trd, 4319166.093, 133
Trd, 4319166.493, 140
Trd, 4319168.093, 138
Trd, 4319168.143, 137
Trd, 4319168.443, 103
Trd, 4319168.543, 65
Trd, 4319171.543, 140
Trd, 4319171.843, 127
Trd, 4319171.993, 127
Trd, 4319172.543, 121
Trd, 4319174.843, 140
Trd, 4319175.843, 136
Trd, 4319176.493, 138
Trd, 4319177.143, 135
Trd, 4319179.093, 116
Trd, 4319179.243, 115
Trd, 4319180.143, 133
Trd, 4319180.543, 113
Trd, 4319181.543, 140
Trd, 4319181.993, 138
Trd, 4319182.843, 137
Trd, 4319183.893, 136
Trd, 4319183.943, 135
Trd, 4319184.493, 112
Trd, 4319187.343, 140
Trd, 4319187.443, 140
Trd, 4319188.143, 140
Trd, 4319188.793, 140
Trd, 4319189.243, 140
Trd, 4319190.293, 140
Trd, 4319190.643, 140
Trd, 4319191.293, 140
Trd, 4319191.993, 117
Trd, 4319192.943, 120
Trd, 4319193.293, 140
Trd, 4319195.193, 140
Trd, 4319195.243, 139
Trd, 4319195.943, 133
Trd, 4319197.643, 139
Trd, 4319197.893, 140
Trd, 4319198.193, 140
Trd, 4319199.543, 140
Trd, 4319199.843, 140
Trd, 4319200.143, 140
Trd, 4319202.293, 140
Trd, 4319202.893, 139
Trd, 4319203.043, 137
Trd, 4319203.743, 122
Trd, 4319205.543, 134
Trd, 4319206.093, 109
Trd, 4319207.043, 140
Trd, 4319209.093, 140
Trd, 4319210.893, 140
Trd, 4319212.643, 140
Trd, 4319214.043, 140
Trd, 4319214.093, 140
Trd, 4319214.143, 140
Trd, 4319214.993, 140
Trd, 4319215.393, 140
Trd, 4319218.243, 140
Trd, 4319218.643, 140
Trd, 4319219.943, 140
Trd, 4319220.593, 140
Trd, 4319222.543, 139
Trd, 4319222.943, 140
Trd, 4319223.293, 139
Trd, 4319223.843, 140
Trd, 4319224.043, 108
Trd, 4319224.343, 109
Trd, 4319226.143, 140
Trd, 4319226.393, 139
Trd, 4319226.593, 138
Trd, 4319227.443, 131
Trd, 4319227.793, 135
Trd, 4319229.993, 140
Trd, 4319230.093, 120
Trd, 4319230.743, 139
Trd, 4319233.193, 140
Trd, 4319233.943, 135
Trd, 4319234.543, 69
Trd, 4319234.593, 92
Trd, 4319234.643, 93
Trd, 4319235.193, 66
Trd, 4319235.643, 111
Trd, 4319237.543, 140
Trd, 4319238.093, 140
Trd, 4319238.843, 140
Trd, 4319239.143, 140
Trd, 4319239.693, 140
Trd, 4319240.193, 140
Trd, 4319241.093, 138
Trd, 4319241.443, 118
Trd, 4319241.993, 105
Trd, 4319242.493, 140
Trd, 4319244.093, 82
Trd, 4319245.393, 138
Trd, 4319245.743, 140
Trd, 4319246.593, 132
Trd, 4319247.493, 139
Trd, 4319247.643, 86
Trd, 4319249.393, 140
Trd, 4319250.943, 140
Trd, 4319251.293, 140
Trd, 4319253.143, 140
Trd, 4319254.293, 140
Trd, 4319255.143, 140
Trd, 4319256.743, 140
Trd, 4319257.093, 140
Trd, 4319257.143, 140
Trd, 4319258.093, 138
Trd, 4319258.193, 138
Trd, 4319259.693, 139
Trd, 4319259.793, 137
Trd, 4319260.243, 128
Trd, 4319260.593, 101
Trd, 4319261.593, 140
Trd, 4319263.193, 140
Trd, 4319264.193, 140
Trd, 4319264.843, 140
Trd, 4319266.343, 140
Trd, 4319267.243, 140
Trd, 4319267.943, 140
Trd, 4319268.043, 139
Trd, 4319269.593, 140
Trd, 4319269.993, 140
Trd, 4319272.493, 140
Trd, 4319274.093, 140
Trd, 4319274.293, 138
Trd, 4319274.543, 133
Trd, 4319275.643, 140
Trd, 4319276.443, 140
Trd, 4319276.493, 140
Trd, 4319277.643, 138
Trd, 4319279.343, 138
Trd, 4319280.093, 125
Trd, 4319281.193, 82
Trd, 4319282.093, 140
Trd, 4319282.843, 140
Trd, 4319283.693, 140
Trd, 4319285.193, 140
Trd, 4319285.643, 139
Trd, 4319286.193, 139
Trd, 4319286.843, 140
Trd, 4319289.093, 140
Trd, 4319289.643, 140
Trd, 4319290.143, 139
Trd, 4319290.343, 124
Trd, 4319290.793, 139
Trd, 4319291.293, 116
Trd, 4319291.893, 114
Trd, 4319293.293, 107
Trd, 4319294.243, 140
Trd, 4319295.393, 124
Trd, 4319296.093, 140
Trd, 4319296.993, 131
Trd, 4319298.043, 133
Trd, 4319298.743, 140
Trd, 4319300.993, 140
Trd, 4319301.443, 140
Trd, 4319301.893, 140
Trd, 4319303.193, 140
Trd, 4319303.343, 140
Trd, 4319305.193, 140
Trd, 4319305.643, 140
Trd, 4319306.593, 140
Trd, 4319306.843, 140
Trd, 4319307.643, 140
Trd, 4319308.043, 120
Trd, 4319308.843, 138
Trd, 4319309.043, 91
Trd, 4319310.893, 133
Trd, 4319311.693, 140
Trd, 4319311.843, 132
Trd, 4319312.543, 125
Trd, 4319312.893, 124
Trd, 4319313.393, 140
Trd, 4319313.893, 140
Trd, 4319314.393, 101
Trd, 4319316.743, 140
Trd, 4319317.243, 140
Trd, 4319317.843, 140
Trd, 4319320.593, 140
Trd, 4319321.493, 140
Trd, 4319322.093, 139
Trd, 4319322.143, 92
Trd, 4319322.393, 92
Trd, 4319322.993, 111
Trd, 4319323.443, 118
Trd, 4319323.843, 112
Trd, 4319324.743, 127
Trd, 4319325.243, 139
Trd, 4319325.743, 73
Trd, 4319326.193, 87
Trd, 4319327.443, 129
Trd, 4319328.043, 83
Trd, 4319328.193, 90
Trd, 4319328.493, 69
Trd, 4319329.343, 122
Trd, 4319330.093, 78
Trd, 4319330.593, 136
Trd, 4319332.843, 60
Trd, 4319332.943, 60
Trd, 4319333.493, 63
Trd, 4319334.443, 68
Trd, 4319336.093, 66
Trd, 4319336.293, 60
Trd, 4319336.943, 61
Trd, 4319337.193, 68
Trd, 4319339.643, 138
Trd, 4319340.343, 137
Trd, 4319340.993, 140
Trd, 4319342.043, 140
Trd, 4319344.343, 140
Trd, 4319344.743, 140
Trd, 4319345.343, 140
Trd, 4319346.593, 140
Trd, 4319347.243, 140
Trd, 4319348.593, 140
Trd, 4319349.643, 140
Trd, 4319350.143, 139
Trd, 4319350.393, 137
Trd, 4319350.993, 139
Trd, 4319351.343, 122
Trd, 4319353.043, 139
Trd, 4319354.193, 139
Trd, 4319354.493, 139
Trd, 4319354.643, 139
Trd, 4319355.043, 139
Trd, 4319355.243, 116
Trd, 4319357.243, 101
Trd, 4319357.793, 139
Trd, 4319358.743, 103
Trd, 4319358.793, 104
Trd, 4319359.143, 131
Trd, 4319360.843, 86
Trd, 4319362.193, 140
Trd, 4319362.443, 139
Trd, 4319363.493, 138
Trd, 4319363.993, 110
Trd, 4319365.593, 138
Trd, 4319366.893, 74
Trd, 4319367.193, 76
Trd, 4319367.793, 121
Trd, 4319368.043, 132
Trd, 4319368.593, 65
Trd, 4319370.593, 140
Trd, 4319370.743, 139
Trd, 4319371.493, 140
Trd, 4319371.793, 140
Trd, 4319372.343, 118
Trd, 4319372.893, 127
Trd, 4319373.293, 138
Trd, 4319374.843, 139
Trd, 4319376.743, 110
Trd, 4319376.993, 109
Trd, 4319377.943, 111
Trd, 4319378.543, 140
Trd, 4319380.543, 137
Trd, 4319381.193, 109
Trd, 4319382.093, 136
Trd, 4319382.843, 124
Trd, 4319382.993, 128
Trd, 4319383.543, 96
Trd, 4319384.093, 130
Trd, 4319385.193, 134
Trd, 4319385.643, 138
Trd, 4319386.343, 140
Trd, 4319386.843, 140
Trd, 4319386.993, 140
Trd, 4319388.993, 140
Trd, 4319389.493, 139
Trd, 4319389.943, 131
Trd, 4319391.043, 129
Trd, 4319391.593, 84
Trd, 4319392.093, 139
Trd, 4319392.193, 103
Trd, 4319393.993, 137
Trd, 4319394.993, 140
Trd, 4319396.893, 140
Trd, 4319397.393, 140
Trd, 4319399.843, 140
Trd, 4319402.193, 140
Trd, 4319402.443, 140
Trd, 4319403.143, 140
Trd, 4319403.193, 140
Trd, 4319403.693, 139
Trd, 4319404.043, 137
Trd, 4319407.243, 140
Trd, 4319407.993, 140
Trd, 4319408.093, 140
Trd, 4319408.193, 137
Trd, 4319409.643, 138
Trd, 4319410.443, 132
Trd, 4319413.543, 106
Trd, 4319413.793, 104
Trd, 4319413.993, 79
Trd, 4319415.093, 136
Trd, 4319415.693, 122
Trd, 4319415.993, 139
Trd, 4319416.293, 137
Trd, 4319419.143, 140
Trd, 4319419.243, 140
Trd, 4319419.593, 140
Trd, 4319420.943, 140
Trd, 4319421.293, 121
Trd, 4319421.443, 90
Trd, 4319422.793, 139
Trd, 4319423.193, 140
Trd, 4319423.443, 139
Trd, 4319423.793, 138
Trd, 4319425.643, 133
Trd, 4319427.743, 140
Trd, 4319427.943, 140
Trd, 4319429.243, 140
Trd, 4319429.993, 140
Trd, 4319431.143, 139
Trd, 4319431.193, 139
Trd, 4319431.593, 100
Trd, 4319432.093, 139
Trd, 4319433.943, 116
Trd, 4319434.893, 140
Trd, 4319435.943, 140
Trd, 4319436.043, 140
Trd, 4319437.143, 138
Trd, 4319437.993, 126
Trd, 4319439.643, 130
Trd, 4319440.843, 140
Trd, 4319442.343, 140
Trd, 4319443.043, 140
Trd, 4319444.093, 140
Trd, 4319444.243, 138
Trd, 4319445.543, 140
Trd, 4319446.193, 140
Trd, 4319446.593, 140
Trd, 4319447.843, 140
Trd, 4319448.593, 140
Trd, 4319450.193, 140
Trd, 4319450.893, 139
Trd, 4319451.793, 104
Trd, 4319451.843, 91
Trd, 4319452.743, 110
Trd, 4319453.743, 140
Trd, 4319456.393, 140
Trd, 4319456.693, 140
Trd, 4319457.093, 140
Trd, 4319459.243, 140
Trd, 4319459.593, 140
Trd, 4319460.343, 140
Trd, 4319461.343, 138
Trd, 4319461.743, 136
Trd, 4319462.743, 140
Trd, 4319463.443, 140
Trd, 4319464.893, 140
Trd, 4319465.643, 139
Trd, 4319465.793, 138
Trd, 4319467.843, 140
Trd, 4319468.843, 138
Trd, 4319470.193, 132
Trd, 4319470.243, 131
Trd, 4319470.343, 129
Trd, 4319470.493, 105
Trd, 4319470.943, 140
Trd, 4319472.243, 137
Trd, 4319473.393, 138
Trd, 4319475.243, 140
Trd, 4319475.393, 140
Trd, 4319475.743, 140
Trd, 4319477.793, 140
Trd, 4319479.543, 140
Trd, 4319481.543, 140
Trd, 4319481.593, 140
Trd, 4319482.193, 140
Trd, 4319483.893, 140
Trd, 4319484.243, 140
Trd, 4319484.743, 139
Trd, 4319485.343, 140
Trd, 4319486.743, 140
Trd, 4319488.393, 140
Trd, 4319488.693, 140
Trd, 4319489.843, 140
Trd, 4319489.943, 140
Trd, 4319491.193, 140
Trd, 4319491.293, 140
Trd, 4319494.393, 140
Trd, 4319495.393, 140
Trd, 4319495.793, 140
Trd, 4319497.843, 140
Trd, 4319498.043, 140
Trd, 4319498.593, 140
Trd, 4319498.993, 139
Trd, 4319500.193, 135
Trd, 4319500.693, 140
Trd, 4319500.793, 139
Trd, 4319501.543, 138
Trd, 4319502.293, 140
Trd, 4319502.643, 140
Trd, 4319503.243, 140
Trd, 4319504.543, 139
Trd, 4319505.193, 76
Trd, 4319505.543, 140
Trd, 4319506.693, 86
Trd, 4319506.843, 85
Trd, 4319507.993, 138
Trd, 4319509.893, 107
Trd, 4319510.293, 130
Trd, 4319510.593, 100
Trd, 4319510.693, 97
Trd, 4319510.943, 136
Trd, 4319511.643, 61
Trd, 4319512.993, 140
Trd, 4319516.043, 140
Trd, 4319516.393, 140
Trd, 4319516.843, 140
Trd, 4319517.043, 140
Trd, 4319517.293, 139
Trd, 4319517.643, 140
Trd, 4319519.743, 140
Trd, 4319520.143, 139
Trd, 4319520.543, 101
Trd, 4319521.643, 140
Trd, 4319522.443, 140
Trd, 4319524.743, 140
Trd, 4319525.343, 140
Trd, 4319525.693, 140
Trd, 4319525.843, 140
Trd, 4319527.093, 140
Trd, 4319528.893, 140
Trd, 4319529.193, 139
Trd, 4319529.843, 122
Trd, 4319530.243, 122
Trd, 4319530.743, 114
Trd, 4319530.943, 140
Trd, 4319533.243, 101
Trd, 4319534.393, 140
Trd, 4319534.593, 139
Trd, 4319535.493, 140
Trd, 4319537.393, 139
Trd, 4319538.043, 140
Trd, 4319538.343, 138
Trd, 4319538.793, 136
Trd, 4319540.393, 136
Trd, 4319540.843, 115
Trd, 4319541.743, 139
Trd, 4319542.843, 140
Trd, 4319543.743, 140
Trd, 4319544.043, 140
Trd, 4319544.693, 61
Trd, 4319545.193, 64
Trd, 4319545.493, 65
Trd, 4319546.093, 60
Trd, 4319546.893, 72
Trd, 4319548.943, 140
Trd, 4319549.443, 140
Trd, 4319549.643, 135
Trd, 4319550.293, 72
Trd, 4319550.393, 78
Trd, 4319551.093, 140
Trd, 4319552.793, 140
Trd, 4319554.943, 116
Trd, 4319556.093, 140
Trd, 4319556.243, 139
Trd, 4319556.943, 114
Trd, 4319557.243, 140
Trd, 4319557.993, 140
Trd, 4319559.643, 140
Trd, 4319560.143, 140
Trd, 4319562.743, 140
Trd, 4319563.843, 140
Trd, 4319564.843, 140
Trd, 4319565.593, 140
Trd, 4319565.843, 140
Trd, 4319565.893, 137
Trd, 4319566.843, 140
Trd, 4319567.143, 140
Trd, 4319567.643, 117
Trd, 4319568.193, 140
Trd, 4319568.543, 140
Trd, 4319569.843, 139
Trd, 4319570.493, 134
Trd, 4319571.043, 138
Trd, 4319571.443, 108
Trd, 4319574.293, 140
Trd, 4319575.143, 140
Trd, 4319575.743, 138
Trd, 4319575.943, 136
Trd, 4319576.193, 140
Trd, 4319577.343, 140
Trd, 4319577.393, 139
Trd, 4319578.443, 126
Trd, 4319579.043, 124
Trd, 4319579.443, 119
Trd, 4319580.543, 138
Trd, 4319581.243, 140
Trd, 4319582.443, 140
Trd, 4319583.493, 140
Trd, 4319583.593, 102
Trd, 4319584.093, 138
Trd, 4319585.243, 129
Trd, 4319586.393, 108
Trd, 4319586.843, 140
Trd, 4319588.093, 140
Trd, 4319588.443, 140
Trd, 4319589.743, 139
Trd, 4319591.793, 140
Trd, 4319591.993, 140
Trd, 4319592.593, 140
Trd, 4319592.643, 140
Trd, 4319594.493, 138
Trd, 4319595.793, 140
Trd, 4319596.043, 139
Trd, 4319596.643, 137
Trd, 4319597.543, 140
Trd, 4319598.643, 103
Trd, 4319598.993, 140
Trd, 4319601.343, 140
Trd, 4319601.793, 140
Trd, 4319601.943, 139
Trd, 4319602.343, 137
Trd, 4319602.943, 122
Trd, 4319606.343, 140
Trd, 4319606.543, 140
Trd, 4319607.093, 138
Trd, 4319607.493, 140
Trd, 4319607.893, 139
Trd, 4319608.393, 137
Trd, 4319609.943, 117
Trd, 4319610.293, 88
Trd, 4319610.993, 106
Trd, 4319611.643, 123
Trd, 4319613.693, 140
Trd, 4319614.693, 140
Trd, 4319615.093, 140
Trd, 4319615.593, 123
Trd, 4319616.143, 124
Trd, 4319616.893, 95
Trd, 4319617.543, 92
Trd, 4319617.793, 104
Trd, 4319619.993, 140
Trd, 4319621.893, 140
Trd, 4319622.143, 140
Trd, 4319622.793, 139
Trd, 4319623.743, 140
Trd, 4319623.993, 140
Trd, 4319624.593, 139
Trd, 4319624.693, 138
Trd, 4319625.343, 121
Trd, 4319627.543, 140
Trd, 4319627.993, 140
Trd, 4319631.343, 140
Trd, 4319632.043, 140
Trd, 4319632.093, 140
Trd, 4319632.893, 140
Trd, 4319633.193, 140
Trd, 4319634.543, 138
Trd, 4319635.393, 138
Trd, 4319637.543, 140
Trd, 4319637.943, 140
Trd, 4319639.143, 140
Trd, 4319640.193, 140
Trd, 4319640.543, 139
Trd, 4319640.993, 139
Trd, 4319642.143, 102
Trd, 4319642.993, 117
Trd, 4319644.393, 140
Trd, 4319644.993, 140
Trd, 4319646.793, 140
Trd, 4319647.443, 140
Trd, 4319647.743, 140
Trd, 4319648.793, 140
Trd, 4319649.143, 133
Trd, 4319649.993, 121
Trd, 4319650.043, 90
Trd, 4319650.993, 140
Trd, 4319652.293, 140
Trd, 4319652.493, 140
Trd, 4319654.493, 140
Trd, 4319654.593, 139
Trd, 4319656.393, 140
Trd, 4319658.743, 140
Trd, 4319659.543, 140
Trd, 4319659.843, 140
Trd, 4319659.893, 139
Trd, 4319660.643, 140
Trd, 4319661.093, 134
Trd, 4319662.893, 140
Trd, 4319663.393, 138
Trd, 4319663.893, 120
Trd, 4319664.493, 138
Trd, 4319665.193, 139
Trd, 4319665.443, 139
Trd, 4319668.093, 140
Trd, 4319668.543, 140
Trd, 4319669.343, 140
Trd, 4319671.293, 140
Trd, 4319671.793, 140
Trd, 4319673.593, 140
Trd, 4319675.393, 140
Trd, 4319676.543, 140
Trd, 4319676.593, 135
Trd, 4319677.943, 139
Trd, 4319678.143, 139
Trd, 4319678.193, 127
Trd, 4319679.693, 138
Trd, 4319680.443, 110
Trd, 4319681.693, 71
Trd, 4319682.843, 109
Trd, 4319683.093, 73
Trd, 4319683.243, 122
Trd, 4319683.443, 119
Trd, 4319684.343, 124
Trd, 4319686.443, 140
Trd, 4319686.493, 140
Trd, 4319686.893, 140
Trd, 4319687.543, 140
Trd, 4319689.393, 140
Trd, 4319690.093, 140
Trd, 4319690.293, 140
Trd, 4319691.243, 140
Trd, 4319691.493, 85
Trd, 4319692.493, 140
Trd, 4319693.743, 140
Trd, 4319694.693, 140
Trd, 4319695.193, 140
Trd, 4319696.593, 140
Trd, 4319697.693, 140
Trd, 4319698.243, 139
Trd, 4319699.293, 138
Trd, 4319699.593, 140
Trd, 4319702.443, 140
Trd, 4319703.343, 140
Trd, 4319704.393, 140
Trd, 4319704.893, 140
Trd, 4319706.743, 139
Trd, 4319706.793, 138
Trd, 4319707.093, 140
Trd, 4319707.643, 139
Trd, 4319707.893, 91
Trd, 4319708.093, 140
Trd, 4319708.943, 137
Trd, 4319710.143, 137
Trd, 4319710.993, 139
Trd, 4319711.393, 126
Trd, 4319711.993, 120
Trd, 4319713.393, 140
Trd, 4319713.693, 138
Trd, 4319715.943, 140
Trd, 4319715.993, 140
Trd, 4319716.143, 140
Trd, 4319716.743, 100
Trd, 4319717.293, 140
Trd, 4319718.143, 139
Trd, 4319719.993, 131
Trd, 4319720.393, 133
Trd, 4319720.743, 133
Trd, 4319720.793, 125
Trd, 4319720.993, 121
Trd, 4319721.293, 78
Trd, 4319722.243, 65
Trd, 4319725.443, 140
Trd, 4319726.143, 140
Trd, 4319726.643, 140
Trd, 4319726.943, 140
Trd, 4319727.593, 140
Trd, 4319729.293, 140
Trd, 4319729.593, 140
Trd, 4319731.593, 140
Trd, 4319731.993, 140
Trd, 4319733.193, 140
Trd, 4319733.243, 140
Trd, 4319734.143, 108
Trd, 4319734.943, 106
Trd, 4319735.243, 69
Trd, 4319735.943, 140
Trd, 4319736.193, 60
Trd, 4319736.743, 116
Trd, 4319737.543, 99
Trd, 4319739.243, 62
Trd, 4319739.593, 63
Trd, 4319739.643, 68
Trd, 4319740.093, 60
Trd, 4319741.393, 60
Trd, 4319742.643, 132
Trd, 4319744.793, 140
Trd, 4319745.193, 140
Trd, 4319746.043, 140
Trd, 4319746.243, 140
Trd, 4319746.843, 139
Trd, 4319747.593, 137
Trd, 4319748.193, 83
Trd, 4319748.793, 121
Trd, 4319749.043, 89
Trd, 4319750.593, 129
Trd, 4319750.843, 87
Trd, 4319751.593, 128
Trd, 4319751.743, 130
Trd, 4319752.643, 116
Trd, 4319753.143, 115
Trd, 4319755.393, 133
Trd, 4319756.443, 94
Trd, 4319756.593, 96
Trd, 4319756.643, 93
Trd, 4319757.593, 80
Trd, 4319757.743, 79
Trd, 4319758.843, 138
Trd, 4319760.193, 139
Trd, 4319760.843, 139
Trd, 4319762.643, 140
Trd, 4319763.243, 140
Trd, 4319763.593, 136
Trd, 4319765.293, 100
Trd, 4319766.093, 129
Trd, 4319766.193, 102
Trd, 4319766.293, 130
Trd, 4319767.793, 140
Trd, 4319768.143, 140
Trd, 4319770.043, 140
Trd, 4319770.443, 140
Trd, 4319770.943, 140
Trd, 4319772.693, 140
Trd, 4319773.143, 140
Trd, 4319773.393, 139
Trd, 4319775.643, 140
Trd, 4319776.093, 140
Trd, 4319776.443, 140
Trd, 4319777.893, 140
Trd, 4319777.943, 140
Trd, 4319779.143, 140
Trd, 4319779.343, 130
Trd, 4319780.543, 61
Trd, 4319780.893, 65
Trd, 4319781.843, 140
Trd, 4319782.393, 139
Trd, 4319782.793, 139
Trd, 4319784.393, 140
Trd, 4319785.243, 140
Trd, 4319785.843, 140
Trd, 4319786.793, 140
Trd, 4319786.843, 129
Trd, 4319787.743, 140
Trd, 4319787.793, 136
Trd, 4319788.643, 136
Trd, 4319788.943, 135
Trd, 4319791.293, 140
Trd, 4319791.493, 140
Trd, 4319792.343, 140
Trd, 4319792.393, 140
Trd, 4319792.843, 105
Trd, 4319793.943, 132
Trd, 4319794.793, 140
Trd, 4319795.243, 140
Trd, 4319797.093, 140
Trd, 4319797.193, 139
Trd, 4319797.543, 117
Trd, 4319799.193, 97
Trd, 4319799.543, 140
Trd, 4319800.193, 101
Trd, 4319802.943, 140
Trd, 4319803.543, 140
Trd, 4319803.643, 140
Trd, 4319804.293, 139
Trd, 4319806.843, 140
Trd, 4319807.093, 140
Trd, 4319809.543, 140
Trd, 4319811.893, 140
Trd, 4319812.943, 140
Trd, 4319813.343, 140
Trd, 4319815.043, 139
Trd, 4319815.793, 138
Trd, 4319817.393, 139
Trd, 4319818.193, 140
Trd, 4319818.393, 140
Trd, 4319818.443, 139
Trd, 4319819.043, 140
Trd, 4319820.743, 116
Trd, 4319821.093, 138
Trd, 4319821.393, 114
Trd, 4319822.343, 139
Trd, 4319822.493, 138
Trd, 4319824.493, 140
Trd, 4319825.543, 140
Trd, 4319825.843, 86
Trd, 4319826.443, 60
Trd, 4319828.043, 61
Trd, 4319828.343, 139
Trd, 4319829.643, 84
Trd, 4319829.843, 126
Trd, 4319830.743, 117
Trd, 4319831.043, 80
Trd, 4319831.693, 100
Trd, 4319832.893, 99
Trd, 4319833.943, 140
Trd, 4319834.543, 140
Trd, 4319835.093, 135
Trd, 4319835.993, 135
Trd, 4319836.493, 133
Trd, 4319837.293, 140
Trd, 4319839.243, 140
Trd, 4319841.643, 140
Trd, 4319841.993, 140
Trd, 4319842.693, 140
Trd, 4319842.993, 140
Trd, 4319843.243, 140
Trd, 4319844.293, 133
Trd, 4319844.593, 139
Trd, 4319844.693, 106
Trd, 4319844.893, 140
Trd, 4319846.893, 108
Trd, 4319847.743, 140
Trd, 4319849.793, 140
Trd, 4319850.893, 137
Trd, 4319851.643, 136
Trd, 4319851.843, 120
Trd, 4319852.893, 84
Trd, 4319853.643, 140
Trd, 4319855.793, 140
Trd, 4319856.643, 140
Trd, 4319857.143, 140
Trd, 4319857.243, 140
Trd, 4319859.443, 140
Trd, 4319860.243, 139
Trd, 4319860.593, 116
Trd, 4319861.143, 134
Trd, 4319863.143, 140
Trd, 4319863.343, 140
Trd, 4319865.143, 140
Trd, 4319867.993, 140
Trd, 4319868.393, 140
Trd, 4319868.443, 140
Trd, 4319868.543, 140
Trd, 4319868.593, 139
Trd, 4319868.643, 120
Trd, 4319870.393, 121
Trd, 4319871.393, 140
Trd, 4319872.143, 139
Trd, 4319873.043, 89
Trd, 4319873.543, 73
Trd, 4319874.143, 137
Trd, 4319876.643, 140
Trd, 4319877.493, 140
Trd, 4319877.793, 140
Trd, 4319878.843, 140
Trd, 4319879.293, 139
Trd, 4319879.943, 140
Trd, 4319880.393, 106
Trd, 4319882.093, 137
Trd, 4319882.393, 107
Trd, 4319882.943, 140
Trd, 4319883.593, 137
Trd, 4319883.743, 137
Trd, 4319883.943, 101
Trd, 4319884.793, 85
Trd, 4319885.493, 140
Trd, 4319886.493, 140
Trd, 4319886.643, 140
Trd, 4319887.593, 136
Trd, 4319888.793, 137
Trd, 4319890.693, 137
Trd, 4319890.943, 138
Trd, 4319891.193, 137
Trd, 4319892.093, 140
Trd, 4319895.543, 140
Trd, 4319895.643, 140
Trd, 4319896.593, 140
Trd, 4319897.143, 139
Trd, 4319898.393, 140
Trd, 4319898.493, 140
Trd, 4319898.543, 139
Trd, 4319898.893, 126
Trd, 4319900.393, 139
Trd, 4319901.043, 122
Trd, 4319902.543, 140
Trd, 4319903.093, 140
Trd, 4319903.643, 140
Trd, 4319903.743, 137
Trd, 4319904.493, 140
Trd, 4319904.743, 105
Trd, 4319906.943, 140
Trd, 4319908.643, 140
Trd, 4319909.243, 140
Trd, 4319910.443, 140
Trd, 4319913.193, 140
Trd, 4319913.443, 139
Trd, 4319913.793, 140
Trd, 4319914.743, 139
Trd, 4319915.493, 140
Trd, 4319915.793, 140
Trd, 4319915.893, 108
Trd, 4319916.393, 139
Trd, 4319917.893, 138
Trd, 4319919.243, 140
Trd, 4319921.193, 140
Trd, 4319921.943, 140
Trd, 4319922.443, 140
Trd, 4319922.693, 140
Trd, 4319923.443, 140
Trd, 4319923.793, 140
Trd, 4319925.143, 113
Trd, 4319927.493, 140
Trd, 4319928.293, 140
Trd, 4319928.493, 138
Trd, 4319928.793, 138
Trd, 4319929.543, 117
Trd, 4319932.993, 140
Trd, 4319933.393, 140
Trd, 4319933.593, 140
Trd, 4319933.693, 139
Trd, 4319935.693, 140
Trd, 4319935.743, 139
Trd, 4319936.293, 92
Trd, 4319937.043, 134
Trd, 4319938.393, 139
Trd, 4319938.843, 140
Trd, 4319939.243, 137
Trd, 4319939.393, 92
Trd, 4319942.243, 140
Trd, 4319943.443, 140
Trd, 4319943.693, 140
Trd, 4319943.993, 140
Trd, 4319944.343, 140
Trd, 4319945.143, 140
Trd, 4319945.693, 140
Trd, 4319948.393, 140
Trd, 4319949.243, 140
Trd, 4319949.543, 140
Trd, 4319950.193, 140
Trd, 4319951.743, 139
Trd, 4319951.843, 139
Trd, 4319952.143, 97
Trd, 4319952.443, 96
Trd, 4319953.343, 138
Trd, 4319954.243, 98
Trd, 4319954.393, 87
Trd, 4319954.493, 99
Trd, 4319954.893, 100
Trd, 4319955.243, 86
Trd, 4319956.293, 81
Trd, 4319956.743, 72
Trd, 4319957.393, 140
Trd, 4319957.543, 140
Trd, 4319957.693, 140
Trd, 4319959.743, 140
Trd, 4319960.443, 140
Trd, 4319960.743, 139
Trd, 4319962.243, 125
Trd, 4319963.293, 140
Trd, 4319964.243, 139
Trd, 4319965.543, 138
Trd, 4319965.693, 132
Trd, 4319966.393, 103
Trd, 4319968.393, 140
Trd, 4319969.593, 139
Trd, 4319970.143, 140
Trd, 4319970.693, 139
Trd, 4319972.043, 140
Trd, 4319973.243, 140
Trd, 4319973.543, 140
Trd, 4319973.893, 138
Trd, 4319973.993, 98
Trd, 4319974.843, 66
Trd, 4319975.793, 138
Trd, 4319976.493, 140
Trd, 4319977.343, 115
Trd, 4319978.193, 126
Trd, 4319978.293, 118
Trd, 4319979.043, 60
Trd, 4319979.193, 60
Trd, 4319979.543, 69
Trd, 4319982.143, 130
Trd, 4319982.593, 140
Trd, 4319983.643, 140
Trd, 4319984.993, 120
Trd, 4319985.243, 119
Trd, 4319985.493, 93
Trd, 4319985.743, 125
Trd, 4319987.393, 139
Trd, 4319987.493, 140
Trd, 4319987.693, 139
Trd, 4319989.443, 103
Trd, 4319989.693, 122
Trd, 4319989.993, 140
Trd, 4319990.043, 108
Trd, 4319991.393, 140
Trd, 4319993.493, 125
Trd, 4319993.843, 132
Trd, 4319994.393, 137
Trd, 4319994.893, 139
Trd, 4319995.543, 133
Trd, 4319995.693, 123
Trd, 4319997.243, 63
Trd, 4319997.843, 69
Trd, 4319999.143, 140
Trd, 4319999.893, 140
Trd, 4319999.943, 125
