Trd, 4318088.443, 140
Trd, 4318088.993, 140
Trd, 4318090.193, 140
Trd, 4318090.393, 140
Trd, 4318090.493, 109
Trd, 4318091.643, 140
Trd, 4318091.893, 140
Trd, 4318095.143, 140
Trd, 4318096.143, 140
Trd, 4318097.193, 140
Trd, 4318097.293, 140
Trd, 4318098.143, 140
Trd, 4318098.193, 140
Trd, 4318099.043, 140
Trd, 4318099.093, 140
Trd, 4318099.293, 138
Trd, 4318100.393, 80
Trd, 4318102.993, 140
Trd, 4318103.693, 140
Trd, 4318104.093, 140
Trd, 4318104.193, 140
Trd, 4318104.493, 140
Trd, 4318104.993, 140
Trd, 4318105.893, 140
Trd, 4318107.293, 140
Trd, 4318108.993, 140
Trd, 4318109.593, 140
Trd, 4318109.843, 140
Trd, 4318110.093, 139
Trd, 4318110.193, 136
Trd, 4318111.793, 117
Trd, 4318112.293, 115
Trd, 4318112.393, 114
Trd, 4318112.993, 116
Trd, 4318113.493, 68
Trd, 4318114.493, 140
Trd, 4318114.593, 136
Trd, 4318115.993, 140
Trd, 4318116.443, 140
Trd, 4318119.243, 140
Trd, 4318119.593, 140
Trd, 4318120.293, 140
Trd, 4318121.843, 140
Trd, 4318122.943, 140
Trd, 4318123.543, 140
Trd, 4318124.743, 140
Trd, 4318124.993, 140
Trd, 4318125.193, 140
Trd, 4318125.543, 140
Trd, 4318126.943, 140
Trd, 4318127.193, 140
Trd, 4318127.243, 140
Trd, 4318127.343, 139
Trd, 4318127.743, 140
Trd, 4318127.843, 102
Trd, 4318128.343, 64
Trd, 4318128.793, 120
Trd, 4318129.893, 62
Trd, 4318130.893, 62
Trd, 4318132.793, 60
Trd, 4318133.243, 61
Trd, 4318135.443, 60
Trd, 4318135.893, 60
Trd, 4318137.143, 60
Trd, 4318137.193, 60
Trd, 4318137.293, 63
Trd, 4318137.643, 136
Trd, 4318137.743, 111
Trd, 4318139.393, 64
Trd, 4318139.543, 65
Trd, 4318139.743, 137
Trd, 4318140.343, 140
Trd, 4318141.393, 74
Trd, 4318142.093, 66
Trd, 4318143.293, 140
Trd, 4318143.393, 140
Trd, 4318143.943, 140
Trd, 4318144.643, 139
Trd, 4318144.843, 124
Trd, 4318146.293, 60
Trd, 4318147.043, 60
Trd, 4318149.393, 60
Trd, 4318149.693, 60
Trd, 4318149.943, 73
Trd, 4318150.093, 65
Trd, 4318150.643, 65
Trd, 4318150.993, 121
Trd, 4318151.193, 63
Trd, 4318151.893, 65
Trd, 4318152.943, 140
Trd, 4318153.443, 139
Trd, 4318154.543, 65
Trd, 4318155.193, 66
Trd, 4318155.293, 138
Trd, 4318156.593, 136
Trd, 4318156.893, 63
Trd, 4318158.293, 64
Trd, 4318159.393, 60
Trd, 4318159.793, 60
Trd, 4318159.843, 60
Trd, 4318159.993, 61
Trd, 4318160.593, 62
Trd, 4318161.493, 61
Trd, 4318161.793, 69
Trd, 4318162.643, 139
Trd, 4318163.243, 140
Trd, 4318163.893, 140
Trd, 4318164.743, 137
Trd, 4318164.793, 109
Trd, 4318165.093, 109
Trd, 4318165.193, 108
Trd, 4318166.493, 137
Trd, 4318167.643, 78
Trd, 4318167.743, 68
Trd, 4318168.093, 139
Trd, 4318168.693, 65
Trd, 4318169.743, 62
Trd, 4318170.093, 63
Trd, 4318171.543, 135
Trd, 4318173.093, 140
Trd, 4318173.493, 140
Trd, 4318174.443, 140
Trd, 4318174.643, 140
Trd, 4318174.743, 138
Trd, 4318177.043, 99
Trd, 4318177.593, 101
Trd, 4318177.993, 99
Trd, 4318179.043, 97
Trd, 4318179.093, 83
Trd, 4318181.343, 140
Trd, 4318181.843, 140
Trd, 4318182.693, 140
Trd, 4318183.493, 140
Trd, 4318184.093, 140
Trd, 4318184.543, 140
Trd, 4318186.443, 140
Trd, 4318187.943, 140
Trd, 4318188.343, 140
Trd, 4318188.393, 140
Trd, 4318189.393, 140
Trd, 4318189.643, 140
Trd, 4318190.043, 140
Trd, 4318190.293, 140
Trd, 4318190.343, 139
Trd, 4318190.743, 137
Trd, 4318192.743, 139
Trd, 4318193.343, 140
Trd, 4318193.843, 65
Trd, 4318195.043, 140
Trd, 4318195.693, 140
Trd, 4318195.993, 140
Trd, 4318197.093, 140
Trd, 4318197.543, 140
Trd, 4318197.843, 140
Trd, 4318198.293, 140
Trd, 4318199.343, 140
Trd, 4318199.843, 140
Trd, 4318202.243, 140
Trd, 4318202.943, 140
Trd, 4318204.593, 140
Trd, 4318205.743, 140
Trd, 4318206.493, 140
Trd, 4318207.343, 140
Trd, 4318207.793, 140
Trd, 4318207.993, 140
Trd, 4318208.143, 140
Trd, 4318208.443, 140
Trd, 4318209.643, 140
Trd, 4318209.993, 139
Trd, 4318210.193, 82
Trd, 4318210.443, 140
Trd, 4318212.743, 140
Trd, 4318213.343, 140
Trd, 4318213.443, 140
Trd, 4318213.793, 140
Trd, 4318214.143, 140
Trd, 4318216.743, 140
Trd, 4318217.843, 140
Trd, 4318219.243, 140
Trd, 4318219.543, 140
Trd, 4318220.393, 140
Trd, 4318220.643, 139
Trd, 4318220.693, 140
Trd, 4318220.993, 140
Trd, 4318221.343, 139
Trd, 4318222.443, 140
Trd, 4318223.093, 140
Trd, 4318223.993, 139
Trd, 4318225.843, 140
Trd, 4318226.393, 140
Trd, 4318227.543, 140
Trd, 4318227.643, 139
Trd, 4318228.893, 140
Trd, 4318230.143, 140
Trd, 4318230.343, 140
Trd, 4318231.043, 140
Trd, 4318231.093, 140
Trd, 4318231.643, 140
Trd, 4318231.693, 140
Trd, 4318232.193, 140
Trd, 4318234.193, 140
Trd, 4318236.193, 140
Trd, 4318236.643, 140
Trd, 4318236.993, 140
Trd, 4318237.243, 140
Trd, 4318239.043, 140
Trd, 4318240.543, 140
Trd, 4318240.793, 140
Trd, 4318240.993, 140
Trd, 4318242.043, 140
Trd, 4318243.193, 140
Trd, 4318243.643, 140
Trd, 4318243.693, 140
Trd, 4318244.143, 140
Trd, 4318244.243, 138
Trd, 4318244.593, 107
Trd, 4318245.543, 139
Trd, 4318245.993, 140
Trd, 4318246.693, 140
Trd, 4318247.893, 140
Trd, 4318248.393, 140
Trd, 4318248.443, 140
Trd, 4318249.643, 140
Trd, 4318249.843, 140
Trd, 4318250.343, 140
Trd, 4318250.793, 140
Trd, 4318251.143, 139
Trd, 4318252.093, 140
Trd, 4318253.543, 140
Trd, 4318254.543, 138
Trd, 4318254.743, 135
Trd, 4318254.793, 75
Trd, 4318257.693, 140
Trd, 4318257.793, 140
Trd, 4318258.743, 140
Trd, 4318259.193, 140
Trd, 4318260.743, 140
Trd, 4318261.893, 140
Trd, 4318261.943, 140
Trd, 4318262.443, 140
Trd, 4318264.393, 140
Trd, 4318264.543, 140
Trd, 4318265.293, 140
Trd, 4318265.443, 140
Trd, 4318266.493, 140
Trd, 4318266.693, 140
Trd, 4318266.993, 139
Trd, 4318268.843, 140
Trd, 4318269.993, 140
Trd, 4318270.043, 140
Trd, 4318270.693, 140
Trd, 4318270.893, 140
Trd, 4318272.043, 140
Trd, 4318272.693, 140
Trd, 4318273.093, 140
Trd, 4318274.143, 131
Trd, 4318274.543, 135
Trd, 4318274.593, 136
Trd, 4318275.543, 61
Trd, 4318276.543, 63
Trd, 4318277.543, 60
Trd, 4318278.043, 63
Trd, 4318278.243, 73
Trd, 4318279.193, 68
Trd, 4318279.693, 67
Trd, 4318279.743, 112
Trd, 4318280.243, 62
Trd, 4318280.593, 61
Trd, 4318281.193, 137
Trd, 4318282.293, 62
Trd, 4318282.643, 63
Trd, 4318284.243, 139
Trd, 4318284.343, 138
Trd, 4318285.843, 61
Trd, 4318286.143, 60
Trd, 4318287.693, 60
Trd, 4318288.543, 74
Trd, 4318289.543, 108
Trd, 4318290.743, 140
Trd, 4318291.143, 66
Trd, 4318292.243, 140
Trd, 4318292.593, 140
Trd, 4318292.693, 140
Trd, 4318292.743, 140
Trd, 4318293.393, 140
Trd, 4318293.993, 140
Trd, 4318294.843, 140
Trd, 4318296.543, 140
Trd, 4318297.793, 140
Trd, 4318298.043, 140
Trd, 4318298.243, 140
Trd, 4318300.443, 140
Trd, 4318301.193, 140
Trd, 4318302.493, 140
Trd, 4318303.043, 140
Trd, 4318303.193, 140
Trd, 4318303.243, 140
Trd, 4318303.943, 140
Trd, 4318304.393, 140
Trd, 4318304.593, 140
Trd, 4318304.943, 140
Trd, 4318305.243, 140
Trd, 4318306.143, 139
Trd, 4318306.843, 140
Trd, 4318308.143, 140
Trd, 4318310.993, 140
Trd, 4318311.143, 140
Trd, 4318311.243, 140
Trd, 4318311.293, 140
Trd, 4318312.143, 140
Trd, 4318312.743, 140
Trd, 4318315.243, 140
Trd, 4318315.443, 140
Trd, 4318315.993, 140
Trd, 4318316.593, 140
Trd, 4318317.143, 140
Trd, 4318317.893, 140
Trd, 4318319.343, 140
Trd, 4318319.993, 140
Trd, 4318321.793, 140
Trd, 4318322.193, 140
Trd, 4318322.693, 140
Trd, 4318323.593, 140
Trd, 4318323.993, 140
Trd, 4318324.793, 140
Trd, 4318324.993, 140
Trd, 4318325.693, 140
Trd, 4318325.843, 140
Trd, 4318326.093, 139
Trd, 4318326.693, 140
Trd, 4318328.493, 140
Trd, 4318328.643, 132
Trd, 4318329.443, 136
Trd, 4318329.543, 135
Trd, 4318331.093, 140
Trd, 4318331.693, 140
Trd, 4318332.393, 140
Trd, 4318333.843, 140
Trd, 4318333.943, 140
Trd, 4318335.343, 140
Trd, 4318336.393, 140
Trd, 4318336.543, 140
Trd, 4318338.243, 140
Trd, 4318338.643, 140
Trd, 4318340.043, 140
Trd, 4318340.493, 140
Trd, 4318341.043, 140
Trd, 4318341.243, 140
Trd, 4318341.543, 140
Trd, 4318342.793, 140
Trd, 4318343.293, 140
Trd, 4318343.693, 140
Trd, 4318343.893, 140
Trd, 4318344.543, 139
Trd, 4318345.093, 127
Trd, 4318345.843, 139
Trd, 4318346.643, 140
Trd, 4318349.643, 140
Trd, 4318349.943, 140
Trd, 4318350.293, 140
Trd, 4318350.493, 140
Trd, 4318350.993, 121
Trd, 4318352.843, 61
Trd, 4318354.193, 60
Trd, 4318355.343, 60
Trd, 4318355.993, 62
Trd, 4318356.143, 64
Trd, 4318356.693, 64
Trd, 4318357.343, 63
Trd, 4318357.543, 62
Trd, 4318357.593, 70
Trd, 4318357.943, 61
Trd, 4318358.143, 134
Trd, 4318359.293, 63
Trd, 4318359.593, 62
Trd, 4318360.243, 68
Trd, 4318361.543, 140
Trd, 4318362.543, 140
Trd, 4318363.243, 140
Trd, 4318363.293, 140
Trd, 4318363.943, 140
Trd, 4318364.043, 125
Trd, 4318364.643, 79
Trd, 4318365.643, 140
Trd, 4318365.943, 133
Trd, 4318367.193, 140
Trd, 4318367.393, 140
Trd, 4318367.493, 140
Trd, 4318368.543, 140
Trd, 4318368.943, 140
Trd, 4318370.293, 140
Trd, 4318370.793, 140
Trd, 4318371.393, 139
Trd, 4318373.393, 140
Trd, 4318373.993, 140
Trd, 4318374.143, 139
Trd, 4318376.543, 140
Trd, 4318376.743, 140
Trd, 4318376.943, 140
Trd, 4318377.293, 140
Trd, 4318378.293, 138
Trd, 4318378.943, 140
Trd, 4318379.293, 133
Trd, 4318379.543, 140
Trd, 4318380.543, 121
Trd, 4318381.043, 102
Trd, 4318383.393, 140
Trd, 4318383.793, 140
Trd, 4318384.293, 140
Trd, 4318385.143, 140
Trd, 4318388.043, 140
Trd, 4318388.343, 140
Trd, 4318389.143, 140
Trd, 4318390.443, 140
Trd, 4318392.143, 140
Trd, 4318392.343, 140
Trd, 4318393.343, 140
Trd, 4318393.643, 140
Trd, 4318393.893, 140
Trd, 4318393.993, 140
Trd, 4318394.143, 140
Trd, 4318394.293, 140
Trd, 4318394.543, 140
Trd, 4318397.543, 140
Trd, 4318398.443, 140
Trd, 4318398.543, 140
Trd, 4318398.593, 139
Trd, 4318399.943, 140
Trd, 4318400.243, 140
Trd, 4318400.343, 140
Trd, 4318400.693, 140
Trd, 4318401.943, 86
Trd, 4318402.943, 138
Trd, 4318403.443, 140
Trd, 4318404.443, 139
Trd, 4318404.643, 140
Trd, 4318405.543, 115
Trd, 4318406.993, 140
Trd, 4318407.393, 139
Trd, 4318407.993, 140
Trd, 4318408.193, 140
Trd, 4318411.093, 140
Trd, 4318411.693, 140
Trd, 4318411.843, 140
Trd, 4318413.693, 140
Trd, 4318413.843, 140
Trd, 4318414.193, 140
Trd, 4318414.493, 140
Trd, 4318414.643, 139
Trd, 4318414.843, 140
Trd, 4318415.193, 80
Trd, 4318416.193, 62
Trd, 4318417.043, 61
Trd, 4318417.793, 60
Trd, 4318418.193, 60
Trd, 4318418.843, 61
Trd, 4318419.443, 62
Trd, 4318421.993, 65
Trd, 4318422.593, 68
Trd, 4318422.643, 69
Trd, 4318422.943, 60
Trd, 4318425.543, 60
Trd, 4318426.193, 60
Trd, 4318426.393, 62
Trd, 4318426.693, 61
Trd, 4318427.393, 62
Trd, 4318428.743, 140
Trd, 4318429.143, 140
Trd, 4318429.693, 138
Trd, 4318430.143, 137
Trd, 4318430.493, 136
Trd, 4318432.093, 93
Trd, 4318433.043, 61
Trd, 4318433.293, 64
Trd, 4318433.743, 140
Trd, 4318434.543, 140
Trd, 4318434.943, 140
Trd, 4318435.243, 140
Trd, 4318435.293, 140
Trd, 4318436.393, 140
Trd, 4318437.693, 140
Trd, 4318439.543, 140
Trd, 4318440.293, 140
Trd, 4318441.643, 140
Trd, 4318443.393, 140
Trd, 4318443.443, 140
Trd, 4318444.393, 140
Trd, 4318444.993, 140
Trd, 4318446.243, 140
Trd, 4318447.393, 140
Trd, 4318447.893, 140
Trd, 4318448.693, 140
Trd, 4318449.493, 140
Trd, 4318450.643, 140
Trd, 4318451.243, 140
Trd, 4318451.843, 140
Trd, 4318452.043, 140
Trd, 4318454.093, 140
Trd, 4318455.043, 140
Trd, 4318457.043, 140
Trd, 4318457.593, 140
Trd, 4318458.593, 140
Trd, 4318458.743, 140
Trd, 4318459.343, 140
Trd, 4318459.493, 140
Trd, 4318459.943, 139
Trd, 4318462.343, 140
Trd, 4318463.093, 140
Trd, 4318464.143, 140
Trd, 4318464.193, 140
Trd, 4318465.443, 140
Trd, 4318467.093, 137
Trd, 4318467.393, 130
Trd, 4318467.443, 126
Trd, 4318467.743, 137
Trd, 4318467.843, 110
Trd, 4318468.193, 99
Trd, 4318468.643, 92
Trd, 4318468.893, 91
Trd, 4318470.243, 71
Trd, 4318470.543, 70
Trd, 4318472.443, 60
Trd, 4318474.243, 60
Trd, 4318474.543, 64
Trd, 4318475.293, 60
Trd, 4318476.143, 60
Trd, 4318476.243, 63
Trd, 4318477.693, 60
Trd, 4318478.093, 60
Trd, 4318478.793, 63
Trd, 4318478.843, 62
Trd, 4318479.493, 67
Trd, 4318479.793, 100
Trd, 4318481.643, 97
Trd, 4318481.843, 95
Trd, 4318482.843, 134
Trd, 4318483.193, 133
Trd, 4318483.293, 89
Trd, 4318483.643, 134
Trd, 4318484.343, 118
Trd, 4318486.493, 60
Trd, 4318487.343, 60
Trd, 4318489.193, 60
Trd, 4318489.393, 60
Trd, 4318489.743, 60
Trd, 4318490.543, 61
Trd, 4318492.543, 63
Trd, 4318492.643, 63
Trd, 4318493.243, 65
Trd, 4318493.593, 61
Trd, 4318494.393, 62
Trd, 4318495.393, 60
Trd, 4318495.543, 61
Trd, 4318495.893, 62
Trd, 4318495.943, 61
Trd, 4318497.343, 140
Trd, 4318497.943, 140
Trd, 4318498.693, 87
Trd, 4318499.293, 139
Trd, 4318500.193, 61
Trd, 4318500.243, 70
Trd, 4318501.043, 116
Trd, 4318502.393, 60
Trd, 4318503.243, 61
Trd, 4318506.043, 60
Trd, 4318506.193, 60
Trd, 4318506.693, 60
Trd, 4318508.393, 62
Trd, 4318508.543, 60
Trd, 4318508.843, 68
Trd, 4318509.193, 61
Trd, 4318509.543, 97
Trd, 4318509.943, 98
Trd, 4318510.693, 67
Trd, 4318510.893, 66
Trd, 4318512.293, 140
Trd, 4318512.593, 139
Trd, 4318513.393, 139
Trd, 4318516.043, 140
Trd, 4318516.293, 140
Trd, 4318516.443, 140
Trd, 4318517.093, 140
Trd, 4318517.793, 140
Trd, 4318518.193, 140
Trd, 4318519.043, 139
Trd, 4318519.443, 140
Trd, 4318520.643, 140
Trd, 4318523.243, 140
Trd, 4318523.843, 140
Trd, 4318523.893, 140
Trd, 4318524.293, 79
Trd, 4318525.993, 138
Trd, 4318526.093, 136
Trd, 4318526.793, 140
Trd, 4318527.593, 140
Trd, 4318527.893, 140
Trd, 4318530.493, 140
Trd, 4318531.343, 140
Trd, 4318531.643, 140
Trd, 4318532.143, 140
Trd, 4318533.243, 140
Trd, 4318534.393, 140
Trd, 4318534.543, 112
Trd, 4318535.243, 140
Trd, 4318535.293, 138
Trd, 4318535.743, 68
Trd, 4318536.993, 140
Trd, 4318537.543, 140
Trd, 4318537.943, 140
Trd, 4318538.093, 140
Trd, 4318540.593, 140
Trd, 4318540.693, 139
Trd, 4318540.993, 138
Trd, 4318542.093, 140
Trd, 4318543.893, 140
Trd, 4318545.793, 140
Trd, 4318546.543, 140
Trd, 4318546.693, 140
Trd, 4318546.793, 140
Trd, 4318547.243, 139
Trd, 4318547.643, 104
Trd, 4318549.993, 140
Trd, 4318550.043, 139
Trd, 4318551.143, 110
Trd, 4318552.693, 140
Trd, 4318552.743, 140
Trd, 4318552.793, 140
Trd, 4318553.343, 140
Trd, 4318554.693, 140
Trd, 4318554.843, 140
Trd, 4318556.143, 138
Trd, 4318558.943, 140
Trd, 4318560.443, 140
Trd, 4318560.993, 140
Trd, 4318561.193, 140
Trd, 4318562.343, 140
Trd, 4318562.543, 140
Trd, 4318562.843, 140
Trd, 4318563.343, 120
Trd, 4318563.843, 119
Trd, 4318564.243, 140
Trd, 4318564.343, 140
Trd, 4318565.743, 140
Trd, 4318565.943, 140
Trd, 4318567.743, 140
Trd, 4318568.993, 140
Trd, 4318570.343, 140
Trd, 4318571.543, 140
Trd, 4318571.593, 140
Trd, 4318571.893, 140
Trd, 4318572.693, 139
Trd, 4318573.743, 140
Trd, 4318574.093, 140
Trd, 4318575.343, 140
Trd, 4318575.843, 140
Trd, 4318576.193, 139
Trd, 4318577.093, 139
Trd, 4318577.543, 139
Trd, 4318578.643, 140
Trd, 4318578.693, 140
Trd, 4318580.043, 140
Trd, 4318580.543, 139
Trd, 4318581.893, 140
Trd, 4318582.343, 139
Trd, 4318582.643, 138
Trd, 4318584.393, 133
Trd, 4318584.593, 129
Trd, 4318586.243, 140
Trd, 4318586.393, 140
Trd, 4318587.743, 140
Trd, 4318588.743, 140
Trd, 4318588.993, 140
Trd, 4318590.193, 140
Trd, 4318590.243, 140
Trd, 4318590.393, 140
Trd, 4318590.543, 123
Trd, 4318590.693, 111
Trd, 4318591.493, 66
Trd, 4318592.243, 61
Trd, 4318592.993, 63
Trd, 4318593.043, 76
Trd, 4318593.893, 70
Trd, 4318594.143, 64
Trd, 4318594.243, 63
Trd, 4318594.293, 132
Trd, 4318595.093, 63
Trd, 4318595.343, 61
Trd, 4318595.943, 64
Trd, 4318597.993, 65
Trd, 4318598.293, 63
Trd, 4318599.543, 68
Trd, 4318601.943, 62
Trd, 4318602.593, 62
Trd, 4318603.343, 61
Trd, 4318603.393, 62
Trd, 4318603.493, 62
Trd, 4318604.093, 140
Trd, 4318604.593, 139
Trd, 4318606.093, 140
Trd, 4318607.093, 140
Trd, 4318607.593, 140
Trd, 4318607.943, 140
Trd, 4318608.393, 140
Trd, 4318611.393, 140
Trd, 4318611.843, 140
Trd, 4318612.243, 140
Trd, 4318612.343, 140
Trd, 4318612.743, 140
Trd, 4318615.193, 140
Trd, 4318615.393, 140
Trd, 4318615.443, 139
Trd, 4318617.093, 140
Trd, 4318617.493, 140
Trd, 4318619.093, 140
Trd, 4318619.343, 140
Trd, 4318619.443, 140
Trd, 4318620.893, 139
Trd, 4318620.993, 134
Trd, 4318621.093, 133
Trd, 4318623.543, 140
Trd, 4318624.193, 140
Trd, 4318624.993, 140
Trd, 4318625.043, 140
Trd, 4318625.093, 140
Trd, 4318625.243, 140
Trd, 4318627.593, 139
Trd, 4318628.043, 138
Trd, 4318629.993, 140
Trd, 4318631.043, 140
Trd, 4318631.393, 140
Trd, 4318631.593, 140
Trd, 4318631.643, 139
Trd, 4318632.693, 140
Trd, 4318634.143, 140
Trd, 4318634.843, 140
Trd, 4318634.993, 140
Trd, 4318636.243, 140
Trd, 4318637.393, 140
Trd, 4318637.493, 136
Trd, 4318638.293, 138
Trd, 4318638.443, 140
Trd, 4318638.793, 138
Trd, 4318639.193, 137
Trd, 4318640.543, 140
Trd, 4318641.543, 140
Trd, 4318642.593, 140
Trd, 4318644.843, 140
Trd, 4318646.193, 140
Trd, 4318647.493, 140
Trd, 4318647.693, 140
Trd, 4318648.243, 140
Trd, 4318648.443, 140
Trd, 4318648.843, 140
Trd, 4318649.093, 138
Trd, 4318649.343, 120
Trd, 4318650.943, 140
Trd, 4318651.593, 140
Trd, 4318651.743, 140
Trd, 4318651.993, 140
Trd, 4318652.643, 140
Trd, 4318652.743, 140
Trd, 4318653.343, 140
Trd, 4318654.193, 137
Trd, 4318655.393, 138
Trd, 4318656.043, 139
Trd, 4318656.843, 133
Trd, 4318657.343, 76
Trd, 4318658.393, 127
Trd, 4318659.343, 139
Trd, 4318660.693, 140
Trd, 4318661.493, 140
Trd, 4318662.243, 140
Trd, 4318663.843, 140
Trd, 4318664.643, 140
Trd, 4318665.343, 140
Trd, 4318665.593, 140
Trd, 4318666.193, 139
Trd, 4318667.043, 140
Trd, 4318668.493, 140
Trd, 4318669.043, 140
Trd, 4318669.743, 140
Trd, 4318670.043, 120
Trd, 4318670.343, 140
Trd, 4318670.643, 139
Trd, 4318671.593, 140
Trd, 4318672.543, 140
Trd, 4318673.993, 140
Trd, 4318674.343, 140
Trd, 4318676.593, 140
Trd, 4318677.293, 140
Trd, 4318677.893, 140
Trd, 4318678.393, 140
Trd, 4318679.543, 140
Trd, 4318679.893, 139
Trd, 4318680.393, 140
Trd, 4318682.443, 140
Trd, 4318682.943, 140
Trd, 4318682.993, 140
Trd, 4318683.743, 139
Trd, 4318683.993, 140
Trd, 4318685.543, 140
Trd, 4318686.093, 130
Trd, 4318687.293, 140
Trd, 4318687.493, 140
Trd, 4318687.743, 138
Trd, 4318688.143, 65
Trd, 4318688.993, 126
Trd, 4318689.743, 140
Trd, 4318690.243, 138
Trd, 4318691.743, 140
Trd, 4318692.393, 140
Trd, 4318693.743, 140
Trd, 4318694.093, 140
Trd, 4318695.043, 140
Trd, 4318696.993, 140
Trd, 4318697.743, 140
Trd, 4318698.093, 139
Trd, 4318699.143, 140
Trd, 4318699.693, 140
Trd, 4318699.943, 140
Trd, 4318699.993, 140
Trd, 4318700.593, 140
Trd, 4318700.743, 98
Trd, 4318700.893, 140
Trd, 4318702.993, 140
Trd, 4318703.843, 139
Trd, 4318703.943, 117
Trd, 4318705.093, 140
Trd, 4318705.293, 140
Trd, 4318705.493, 140
Trd, 4318707.393, 140
Trd, 4318707.493, 140
Trd, 4318708.543, 140
Trd, 4318708.593, 140
Trd, 4318709.093, 140
Trd, 4318710.993, 140
Trd, 4318711.543, 140
Trd, 4318713.643, 140
Trd, 4318715.243, 140
Trd, 4318715.693, 140
Trd, 4318716.593, 140
Trd, 4318717.893, 140
Trd, 4318718.293, 140
Trd, 4318719.093, 140
Trd, 4318720.393, 140
Trd, 4318720.443, 140
Trd, 4318721.343, 140
Trd, 4318721.893, 140
Trd, 4318724.093, 140
Trd, 4318724.193, 140
Trd, 4318725.293, 140
Trd, 4318725.943, 140
Trd, 4318725.993, 140
Trd, 4318726.393, 140
Trd, 4318726.443, 140
Trd, 4318727.293, 139
Trd, 4318727.943, 75
Trd, 4318730.693, 140
Trd, 4318731.493, 140
Trd, 4318732.093, 140
Trd, 4318732.593, 140
Trd, 4318733.243, 140
Trd, 4318735.243, 140
Trd, 4318736.343, 140
Trd, 4318736.643, 140
Trd, 4318736.993, 140
Trd, 4318737.843, 140
Trd, 4318738.443, 136
Trd, 4318739.143, 130
Trd, 4318741.243, 140
Trd, 4318742.793, 140
Trd, 4318742.993, 140
Trd, 4318744.043, 140
Trd, 4318744.093, 140
Trd, 4318744.443, 140
Trd, 4318744.993, 140
Trd, 4318745.143, 138
Trd, 4318746.293, 134
Trd, 4318747.343, 113
Trd, 4318747.393, 114
Trd, 4318747.493, 102
Trd, 4318748.543, 103
Trd, 4318748.593, 138
Trd, 4318749.243, 139
Trd, 4318750.043, 138
Trd, 4318752.493, 140
Trd, 4318753.143, 140
Trd, 4318754.443, 140
Trd, 4318755.243, 140
Trd, 4318755.593, 140
Trd, 4318756.443, 140
Trd, 4318756.543, 140
Trd, 4318757.543, 140
Trd, 4318757.643, 140
Trd, 4318759.543, 140
Trd, 4318760.093, 140
Trd, 4318760.343, 140
Trd, 4318763.343, 140
Trd, 4318764.793, 140
Trd, 4318765.043, 140
Trd, 4318765.643, 140
Trd, 4318765.743, 140
Trd, 4318766.443, 140
Trd, 4318766.543, 140
Trd, 4318766.593, 140
Trd, 4318766.893, 140
Trd, 4318767.043, 121
Trd, 4318767.993, 137
Trd, 4318768.643, 137
Trd, 4318769.793, 90
Trd, 4318771.293, 140
Trd, 4318772.243, 140
Trd, 4318772.343, 140
Trd, 4318773.493, 140
Trd, 4318773.593, 140
Trd, 4318773.893, 118
Trd, 4318774.993, 140
Trd, 4318775.393, 137
Trd, 4318777.743, 140
Trd, 4318779.243, 140
Trd, 4318779.343, 140
Trd, 4318780.843, 140
Trd, 4318782.243, 140
Trd, 4318782.293, 140
Trd, 4318783.643, 140
Trd, 4318783.993, 140
Trd, 4318784.293, 140
Trd, 4318785.743, 140
Trd, 4318786.093, 140
Trd, 4318786.843, 140
Trd, 4318786.993, 140
Trd, 4318787.993, 140
Trd, 4318788.093, 137
Trd, 4318788.643, 140
Trd, 4318789.193, 140
Trd, 4318790.443, 140
Trd, 4318791.893, 140
Trd, 4318792.093, 140
Trd, 4318793.343, 140
Trd, 4318793.743, 140
Trd, 4318794.743, 140
Trd, 4318795.543, 140
Trd, 4318796.893, 140
Trd, 4318797.793, 140
Trd, 4318797.943, 140
Trd, 4318799.393, 140
Trd, 4318800.693, 140
Trd, 4318801.093, 140
Trd, 4318802.043, 140
Trd, 4318803.443, 140
Trd, 4318803.643, 140
Trd, 4318804.243, 140
Trd, 4318804.693, 140
Trd, 4318805.193, 140
Trd, 4318806.443, 140
Trd, 4318806.493, 140
Trd, 4318806.893, 140
Trd, 4318806.993, 140
Trd, 4318807.343, 140
Trd, 4318810.543, 140
Trd, 4318811.243, 140
Trd, 4318811.593, 140
Trd, 4318812.243, 139
Trd, 4318813.693, 140
Trd, 4318814.443, 140
Trd, 4318814.793, 140
Trd, 4318816.043, 140
Trd, 4318816.143, 137
Trd, 4318816.443, 132
Trd, 4318817.393, 140
Trd, 4318818.943, 140
Trd, 4318819.093, 140
Trd, 4318819.143, 140
Trd, 4318819.443, 138
Trd, 4318819.743, 130
Trd, 4318821.343, 136
Trd, 4318821.843, 67
Trd, 4318822.593, 67
Trd, 4318823.043, 68
Trd, 4318824.693, 140
Trd, 4318826.693, 140
Trd, 4318827.893, 140
Trd, 4318828.943, 140
Trd, 4318829.293, 140
Trd, 4318830.043, 140
Trd, 4318831.343, 140
Trd, 4318831.493, 139
Trd, 4318831.843, 139
Trd, 4318832.043, 138
Trd, 4318832.393, 139
Trd, 4318832.843, 138
Trd, 4318833.993, 140
Trd, 4318834.443, 140
Trd, 4318836.293, 140
Trd, 4318836.593, 140
Trd, 4318836.793, 140
Trd, 4318838.193, 140
Trd, 4318838.443, 140
Trd, 4318840.193, 140
Trd, 4318842.843, 140
Trd, 4318843.293, 140
Trd, 4318843.693, 140
Trd, 4318844.243, 140
Trd, 4318845.393, 140
Trd, 4318846.293, 140
Trd, 4318846.343, 140
Trd, 4318847.593, 140
Trd, 4318847.843, 140
Trd, 4318848.843, 140
Trd, 4318849.193, 140
Trd, 4318849.693, 139
Trd, 4318851.543, 140
Trd, 4318851.743, 140
Trd, 4318852.693, 140
Trd, 4318853.543, 140
Trd, 4318854.493, 140
Trd, 4318854.743, 139
Trd, 4318855.343, 140
Trd, 4318855.843, 140
Trd, 4318857.293, 140
Trd, 4318857.793, 135
Trd, 4318858.293, 61
Trd, 4318858.643, 61
Trd, 4318859.543, 61
Trd, 4318859.643, 60
Trd, 4318860.193, 65
Trd, 4318861.443, 60
Trd, 4318861.593, 61
Trd, 4318862.643, 60
Trd, 4318862.693, 66
Trd, 4318863.043, 60
Trd, 4318864.193, 135
Trd, 4318866.543, 140
Trd, 4318866.593, 140
Trd, 4318866.693, 140
Trd, 4318867.093, 140
Trd, 4318867.243, 140
Trd, 4318868.243, 140
Trd, 4318869.193, 140
Trd, 4318870.543, 140
Trd, 4318871.543, 140
Trd, 4318872.143, 140
Trd, 4318873.393, 140
Trd, 4318874.193, 140
Trd, 4318874.693, 140
Trd, 4318875.343, 140
Trd, 4318875.993, 140
Trd, 4318878.643, 140
Trd, 4318879.293, 140
Trd, 4318879.643, 140
Trd, 4318880.593, 140
Trd, 4318881.843, 140
Trd, 4318882.043, 140
Trd, 4318885.093, 140
Trd, 4318885.543, 140
Trd, 4318886.343, 140
Trd, 4318887.043, 140
Trd, 4318888.193, 140
Trd, 4318888.243, 140
Trd, 4318888.593, 140
Trd, 4318888.743, 140
Trd, 4318890.043, 140
Trd, 4318891.493, 140
Trd, 4318891.893, 140
Trd, 4318891.993, 140
Trd, 4318892.943, 140
Trd, 4318893.093, 139
Trd, 4318894.393, 139
Trd, 4318895.193, 132
Trd, 4318895.643, 130
Trd, 4318895.793, 117
Trd, 4318897.143, 94
Trd, 4318899.393, 140
Trd, 4318900.543, 140
Trd, 4318900.843, 140
Trd, 4318902.693, 140
Trd, 4318903.093, 140
Trd, 4318903.743, 140
Trd, 4318903.793, 139
Trd, 4318904.443, 140
Trd, 4318905.593, 140
Trd, 4318906.643, 104
Trd, 4318907.043, 106
Trd, 4318907.893, 107
Trd, 4318908.543, 136
Trd, 4318908.643, 119
Trd, 4318908.893, 139
Trd, 4318909.343, 137
Trd, 4318910.793, 139
Trd, 4318911.243, 139
Trd, 4318912.893, 125
Trd, 4318913.143, 138
Trd, 4318913.443, 138
Trd, 4318913.643, 138
Trd, 4318913.943, 140
Trd, 4318914.243, 140
Trd, 4318914.743, 140
Trd, 4318915.443, 140
Trd, 4318915.693, 138
Trd, 4318916.693, 71
Trd, 4318917.543, 139
Trd, 4318917.693, 88
Trd, 4318919.893, 140
Trd, 4318920.193, 140
Trd, 4318921.193, 140
Trd, 4318921.443, 130
Trd, 4318921.543, 60
Trd, 4318922.643, 68
Trd, 4318923.593, 64
Trd, 4318924.593, 60
Trd, 4318925.743, 85
Trd, 4318926.043, 85
Trd, 4318926.093, 106
Trd, 4318926.293, 85
Trd, 4318926.493, 84
Trd, 4318927.143, 131
Trd, 4318928.193, 84
Trd, 4318928.993, 127
Trd, 4318929.793, 116
Trd, 4318929.843, 127
Trd, 4318929.893, 128
Trd, 4318930.843, 60
Trd, 4318931.493, 70
Trd, 4318932.393, 139
Trd, 4318933.693, 110
Trd, 4318935.643, 140
Trd, 4318935.743, 140
Trd, 4318936.243, 140
Trd, 4318936.693, 140
Trd, 4318937.643, 140
Trd, 4318940.643, 140
Trd, 4318941.243, 140
Trd, 4318942.743, 140
Trd, 4318942.993, 140
Trd, 4318945.343, 140
Trd, 4318945.593, 140
Trd, 4318945.643, 140
Trd, 4318948.043, 140
Trd, 4318948.343, 140
Trd, 4318949.193, 140
Trd, 4318949.443, 140
Trd, 4318950.043, 140
Trd, 4318950.793, 140
Trd, 4318950.993, 139
Trd, 4318951.343, 140
Trd, 4318951.993, 139
Trd, 4318952.493, 128
Trd, 4318952.643, 140
Trd, 4318953.393, 139
Trd, 4318953.593, 90
Trd, 4318954.993, 117
Trd, 4318955.343, 111
Trd, 4318956.393, 140
Trd, 4318957.093, 109
Trd, 4318958.693, 140
Trd, 4318958.943, 140
Trd, 4318959.743, 140
Trd, 4318960.193, 140
Trd, 4318962.293, 140
Trd, 4318962.643, 140
Trd, 4318963.043, 140
Trd, 4318963.243, 139
Trd, 4318964.643, 140
Trd, 4318965.043, 140
Trd, 4318965.493, 140
Trd, 4318966.993, 139
Trd, 4318969.343, 140
Trd, 4318969.443, 140
Trd, 4318970.043, 140
Trd, 4318970.093, 140
Trd, 4318970.543, 140
Trd, 4318970.743, 138
Trd, 4318971.293, 140
Trd, 4318972.143, 140
Trd, 4318972.843, 139
Trd, 4318974.843, 140
Trd, 4318976.243, 140
Trd, 4318976.843, 140
Trd, 4318979.793, 140
Trd, 4318979.893, 140
Trd, 4318980.043, 140
Trd, 4318980.443, 140
Trd, 4318981.293, 140
Trd, 4318984.793, 140
Trd, 4318984.843, 140
Trd, 4318985.043, 140
Trd, 4318985.643, 140
Trd, 4318986.793, 139
Trd, 4318987.243, 134
Trd, 4318987.343, 133
Trd, 4318989.293, 138
Trd, 4318989.993, 140
Trd, 4318991.043, 140
Trd, 4318992.693, 140
Trd, 4318993.043, 140
Trd, 4318993.093, 140
Trd, 4318993.943, 140
Trd, 4318995.243, 140
Trd, 4318995.493, 140
Trd, 4318995.843, 140
Trd, 4318995.893, 140
Trd, 4318996.043, 137
Trd, 4318996.343, 140
Trd, 4318998.743, 140
Trd, 4318999.693, 140
Trd, 4319000.043, 140
Trd, 4319000.843, 140
Trd, 4319001.643, 140
Trd, 4319001.943, 140
Trd, 4319002.343, 140
Trd, 4319003.593, 140
Trd, 4319004.143, 129
Trd, 4319005.693, 138
Trd, 4319007.493, 140
Trd, 4319007.693, 140
Trd, 4319007.843, 140
Trd, 4319009.893, 140
Trd, 4319010.493, 140
Trd, 4319011.543, 140
Trd, 4319012.043, 140
Trd, 4319012.693, 140
Trd, 4319012.743, 140
Trd, 4319013.743, 140
Trd, 4319014.243, 138
Trd, 4319016.543, 140
Trd, 4319016.643, 140
Trd, 4319017.043, 139
Trd, 4319018.643, 140
Trd, 4319018.843, 140
Trd, 4319019.293, 140
Trd, 4319020.293, 139
Trd, 4319022.343, 140
Trd, 4319023.043, 140
Trd, 4319023.643, 140
Trd, 4319024.493, 140
Trd, 4319025.093, 140
Trd, 4319025.293, 140
Trd, 4319025.993, 140
Trd, 4319026.893, 140
Trd, 4319027.093, 140
Trd, 4319027.193, 140
Trd, 4319027.693, 136
Trd, 4319028.393, 140
Trd, 4319029.643, 139
Trd, 4319029.793, 124
Trd, 4319030.043, 106
Trd, 4319032.443, 140
Trd, 4319034.543, 140
Trd, 4319034.893, 140
Trd, 4319035.793, 140
Trd, 4319036.193, 140
Trd, 4319037.293, 140
Trd, 4319037.893, 140
Trd, 4319038.543, 140
Trd, 4319040.093, 140
Trd, 4319041.843, 140
Trd, 4319042.743, 140
Trd, 4319042.793, 140
Trd, 4319042.943, 140
Trd, 4319043.243, 140
Trd, 4319044.543, 140
Trd, 4319044.893, 140
Trd, 4319047.543, 140
Trd, 4319047.793, 140
Trd, 4319049.443, 140
Trd, 4319049.993, 140
Trd, 4319050.143, 140
Trd, 4319050.893, 140
Trd, 4319051.543, 140
Trd, 4319052.593, 140
Trd, 4319052.643, 140
Trd, 4319052.793, 139
Trd, 4319054.693, 140
Trd, 4319054.993, 140
Trd, 4319055.843, 140
Trd, 4319057.493, 140
Trd, 4319057.893, 140
Trd, 4319058.693, 140
Trd, 4319058.943, 140
Trd, 4319059.343, 140
Trd, 4319059.593, 74
Trd, 4319060.143, 139
Trd, 4319060.993, 80
Trd, 4319061.993, 132
Trd, 4319062.843, 140
Trd, 4319063.343, 139
Trd, 4319065.743, 140
Trd, 4319065.993, 140
Trd, 4319067.093, 140
Trd, 4319067.143, 140
Trd, 4319067.593, 140
Trd, 4319068.543, 140
Trd, 4319069.893, 140
Trd, 4319070.393, 140
Trd, 4319071.943, 140
Trd, 4319072.393, 140
Trd, 4319072.593, 140
Trd, 4319073.543, 140
Trd, 4319074.043, 140
Trd, 4319075.243, 140
Trd, 4319076.293, 140
Trd, 4319076.793, 139
Trd, 4319076.993, 139
Trd, 4319077.343, 140
Trd, 4319077.843, 140
Trd, 4319078.193, 140
Trd, 4319078.793, 140
Trd, 4319079.743, 140
Trd, 4319080.543, 140
Trd, 4319081.693, 140
Trd, 4319085.343, 140
Trd, 4319086.393, 140
Trd, 4319086.843, 140
Trd, 4319087.093, 140
Trd, 4319087.193, 140
Trd, 4319087.793, 140
Trd, 4319088.793, 140
Trd, 4319090.393, 140
Trd, 4319091.743, 140
Trd, 4319091.943, 140
Trd, 4319092.243, 139
Trd, 4319092.443, 139
Trd, 4319092.493, 139
Trd, 4319093.843, 140
Trd, 4319095.693, 140
Trd, 4319096.043, 140
Trd, 4319097.493, 140
Trd, 4319098.143, 140
Trd, 4319098.593, 140
Trd, 4319099.643, 140
Trd, 4319102.243, 140
Trd, 4319102.793, 140
Trd, 4319103.143, 140
Trd, 4319103.393, 140
Trd, 4319104.293, 140
Trd, 4319104.343, 140
Trd, 4319105.393, 140
Trd, 4319105.593, 140
Trd, 4319105.843, 140
Trd, 4319106.793, 140
Trd, 4319107.243, 140
Trd, 4319108.243, 140
Trd, 4319109.743, 140
Trd, 4319110.093, 140
Trd, 4319111.593, 140
Trd, 4319111.843, 140
Trd, 4319113.143, 140
Trd, 4319114.343, 140
Trd, 4319115.043, 140
Trd, 4319115.243, 140
Trd, 4319115.893, 140
Trd, 4319117.593, 140
Trd, 4319118.093, 140
Trd, 4319118.543, 140
Trd, 4319118.793, 140
Trd, 4319119.743, 140
Trd, 4319119.943, 101
Trd, 4319121.193, 140
Trd, 4319121.793, 140
Trd, 4319122.993, 140
Trd, 4319123.893, 140
Trd, 4319124.193, 140
Trd, 4319126.743, 140
Trd, 4319127.643, 140
Trd, 4319127.943, 140
Trd, 4319128.543, 140
Trd, 4319128.843, 140
Trd, 4319129.243, 140
Trd, 4319129.943, 140
Trd, 4319130.843, 140
Trd, 4319130.943, 140
Trd, 4319131.543, 139
Trd, 4319133.943, 139
Trd, 4319134.793, 140
Trd, 4319135.443, 140
Trd, 4319137.393, 140
Trd, 4319137.593, 140
Trd, 4319138.343, 139
Trd, 4319139.743, 140
Trd, 4319141.543, 140
Trd, 4319142.243, 140
Trd, 4319143.393, 140
Trd, 4319143.793, 140
Trd, 4319144.043, 139
Trd, 4319144.843, 140
Trd, 4319145.393, 140
Trd, 4319146.443, 140
Trd, 4319146.743, 140
Trd, 4319148.143, 140
Trd, 4319150.193, 140
Trd, 4319150.393, 140
Trd, 4319150.843, 140
Trd, 4319151.043, 140
Trd, 4319151.693, 140
Trd, 4319152.943, 140
Trd, 4319154.293, 140
Trd, 4319154.843, 140
Trd, 4319155.093, 140
Trd, 4319156.093, 140
Trd, 4319156.443, 138
Trd, 4319157.143, 140
Trd, 4319157.243, 137
Trd, 4319158.243, 140
Trd, 4319160.293, 140
Trd, 4319160.543, 95
Trd, 4319160.943, 81
Trd, 4319162.343, 140
Trd, 4319162.443, 78
Trd, 4319164.793, 140
Trd, 4319165.493, 140
Trd, 4319165.793, 140
Trd, 4319168.243, 140
Trd, 4319168.943, 140
Trd, 4319169.843, 140
Trd, 4319170.793, 140
Trd, 4319170.993, 140
Trd, 4319172.993, 140
Trd, 4319173.243, 140
Trd, 4319173.293, 139
Trd, 4319173.893, 140
Trd, 4319174.443, 140
Trd, 4319174.943, 140
Trd, 4319175.143, 140
Trd, 4319175.643, 140
Trd, 4319176.193, 138
Trd, 4319176.993, 138
Trd, 4319177.143, 66
Trd, 4319177.743, 103
Trd, 4319178.243, 104
Trd, 4319178.843, 60
Trd, 4319181.093, 60
Trd, 4319181.643, 60
Trd, 4319182.243, 60
Trd, 4319184.593, 61
Trd, 4319184.793, 60
Trd, 4319185.043, 61
Trd, 4319185.443, 62
Trd, 4319185.493, 62
Trd, 4319186.443, 61
Trd, 4319187.043, 64
Trd, 4319187.793, 60
Trd, 4319187.893, 64
Trd, 4319190.293, 60
Trd, 4319191.293, 60
Trd, 4319191.343, 61
Trd, 4319191.493, 64
Trd, 4319192.293, 61
Trd, 4319194.043, 61
Trd, 4319194.243, 61
Trd, 4319194.293, 62
Trd, 4319195.043, 61
Trd, 4319196.243, 62
Trd, 4319197.743, 61
Trd, 4319198.493, 60
Trd, 4319198.793, 60
Trd, 4319198.993, 61
Trd, 4319200.043, 61
Trd, 4319200.393, 62
Trd, 4319201.043, 64
Trd, 4319201.143, 64
Trd, 4319201.943, 61
Trd, 4319203.193, 62
Trd, 4319204.343, 64
Trd, 4319204.443, 63
Trd, 4319204.993, 62
Trd, 4319205.293, 62
Trd, 4319205.593, 60
Trd, 4319207.493, 60
Trd, 4319207.543, 74
Trd, 4319210.093, 61
Trd, 4319210.193, 60
Trd, 4319210.643, 60
Trd, 4319211.043, 60
Trd, 4319212.243, 61
Trd, 4319213.843, 60
Trd, 4319214.243, 60
Trd, 4319214.293, 60
Trd, 4319215.693, 60
Trd, 4319215.943, 60
Trd, 4319216.743, 60
Trd, 4319217.293, 60
Trd, 4319217.443, 61
Trd, 4319218.193, 61
Trd, 4319218.993, 60
Trd, 4319219.143, 62
Trd, 4319219.943, 60
Trd, 4319220.193, 61
Trd, 4319220.893, 67
Trd, 4319221.143, 73
Trd, 4319221.543, 61
Trd, 4319222.243, 60
Trd, 4319222.393, 62
Trd, 4319223.343, 108
Trd, 4319224.943, 61
Trd, 4319225.643, 62
Trd, 4319226.943, 138
Trd, 4319227.893, 87
Trd, 4319228.543, 85
Trd, 4319228.993, 139
Trd, 4319229.993, 140
Trd, 4319231.043, 140
Trd, 4319231.493, 140
Trd, 4319231.693, 140
Trd, 4319233.093, 140
Trd, 4319233.893, 140
Trd, 4319235.443, 140
Trd, 4319235.593, 140
Trd, 4319236.493, 140
Trd, 4319237.093, 140
Trd, 4319238.343, 140
Trd, 4319240.293, 140
Trd, 4319240.593, 140
Trd, 4319240.893, 140
Trd, 4319241.943, 140
Trd, 4319241.993, 140
Trd, 4319243.243, 140
Trd, 4319245.193, 140
Trd, 4319245.843, 140
Trd, 4319246.543, 140
Trd, 4319249.993, 140
Trd, 4319250.293, 140
Trd, 4319250.493, 140
Trd, 4319250.693, 140
Trd, 4319250.843, 140
Trd, 4319251.293, 140
Trd, 4319251.643, 140
Trd, 4319251.693, 140
Trd, 4319252.393, 128
Trd, 4319252.943, 139
Trd, 4319253.493, 139
Trd, 4319254.543, 139
Trd, 4319255.493, 79
Trd, 4319255.943, 103
Trd, 4319256.843, 103
Trd, 4319257.543, 139
Trd, 4319258.093, 131
Trd, 4319259.243, 121
Trd, 4319259.743, 140
Trd, 4319260.393, 140
Trd, 4319261.343, 140
Trd, 4319262.943, 140
Trd, 4319263.743, 140
Trd, 4319264.043, 139
Trd, 4319265.393, 140
Trd, 4319265.843, 140
Trd, 4319267.243, 140
Trd, 4319267.343, 140
Trd, 4319267.843, 140
Trd, 4319268.593, 140
Trd, 4319268.743, 138
Trd, 4319269.343, 98
Trd, 4319269.743, 60
Trd, 4319272.793, 140
Trd, 4319272.943, 140
Trd, 4319273.093, 140
Trd, 4319274.543, 140
Trd, 4319275.293, 139
Trd, 4319276.343, 140
Trd, 4319276.843, 140
Trd, 4319278.343, 140
Trd, 4319278.493, 140
Trd, 4319280.093, 140
Trd, 4319280.343, 140
Trd, 4319280.743, 140
Trd, 4319280.943, 140
Trd, 4319281.543, 140
Trd, 4319283.243, 140
Trd, 4319283.493, 140
Trd, 4319283.543, 135
Trd, 4319284.493, 139
Trd, 4319284.993, 140
Trd, 4319285.343, 140
Trd, 4319286.193, 140
Trd, 4319286.893, 140
Trd, 4319287.893, 140
Trd, 4319288.343, 140
Trd, 4319289.443, 138
Trd, 4319291.093, 140
Trd, 4319291.743, 140
Trd, 4319291.793, 140
Trd, 4319291.993, 140
Trd, 4319293.493, 140
Trd, 4319293.693, 139
Trd, 4319294.043, 140
Trd, 4319294.293, 86
Trd, 4319294.693, 140
Trd, 4319294.843, 139
Trd, 4319295.843, 138
Trd, 4319297.293, 65
Trd, 4319297.743, 63
Trd, 4319298.543, 60
Trd, 4319299.193, 60
Trd, 4319299.843, 137
Trd, 4319300.693, 140
Trd, 4319301.193, 140
Trd, 4319302.043, 140
Trd, 4319303.643, 140
Trd, 4319304.443, 140
Trd, 4319305.393, 140
Trd, 4319306.343, 140
Trd, 4319306.493, 140
Trd, 4319308.943, 140
Trd, 4319309.543, 140
Trd, 4319310.393, 140
Trd, 4319311.393, 140
Trd, 4319311.543, 140
Trd, 4319312.893, 140
Trd, 4319313.543, 140
Trd, 4319315.093, 140
Trd, 4319315.893, 140
Trd, 4319316.493, 140
Trd, 4319317.343, 140
Trd, 4319317.743, 140
Trd, 4319318.493, 140
Trd, 4319319.643, 125
Trd, 4319320.793, 104
Trd, 4319321.193, 103
Trd, 4319321.493, 119
Trd, 4319321.643, 102
Trd, 4319321.893, 123
Trd, 4319322.293, 122
Trd, 4319323.043, 140
Trd, 4319324.443, 128
Trd, 4319324.993, 60
Trd, 4319325.243, 60
Trd, 4319325.593, 61
Trd, 4319325.643, 65
Trd, 4319327.243, 140
Trd, 4319327.643, 139
Trd, 4319328.143, 138
Trd, 4319329.443, 140
Trd, 4319330.643, 60
Trd, 4319330.843, 60
Trd, 4319331.243, 61
Trd, 4319332.093, 60
Trd, 4319332.943, 66
Trd, 4319333.343, 64
Trd, 4319335.193, 60
Trd, 4319336.193, 62
Trd, 4319337.043, 60
Trd, 4319337.143, 61
Trd, 4319338.093, 60
Trd, 4319338.693, 61
Trd, 4319338.943, 69
Trd, 4319339.943, 66
Trd, 4319340.343, 68
Trd, 4319341.543, 140
Trd, 4319342.043, 140
Trd, 4319343.893, 140
Trd, 4319344.243, 140
Trd, 4319346.193, 140
Trd, 4319346.643, 140
Trd, 4319347.093, 140
Trd, 4319347.243, 140
Trd, 4319348.393, 140
Trd, 4319349.593, 140
Trd, 4319350.343, 140
Trd, 4319352.843, 140
Trd, 4319353.093, 140
Trd, 4319353.843, 140
Trd, 4319354.243, 140
Trd, 4319354.393, 140
Trd, 4319355.243, 140
Trd, 4319356.093, 140
Trd, 4319356.693, 140
Trd, 4319356.793, 140
Trd, 4319358.793, 140
Trd, 4319358.843, 140
Trd, 4319359.343, 140
Trd, 4319360.493, 140
Trd, 4319361.393, 140
Trd, 4319361.493, 140
Trd, 4319361.743, 132
Trd, 4319363.143, 140
Trd, 4319363.743, 140
Trd, 4319363.843, 112
Trd, 4319365.093, 140
Trd, 4319366.693, 140
Trd, 4319368.093, 140
Trd, 4319368.293, 140
Trd, 4319369.093, 140
Trd, 4319369.193, 140
Trd, 4319370.093, 140
Trd, 4319370.993, 140
Trd, 4319371.443, 140
Trd, 4319372.243, 140
Trd, 4319372.643, 140
Trd, 4319374.193, 140
Trd, 4319374.893, 140
Trd, 4319376.443, 140
Trd, 4319376.543, 140
Trd, 4319376.943, 140
Trd, 4319377.743, 140
Trd, 4319378.843, 140
Trd, 4319379.343, 140
Trd, 4319379.743, 140
Trd, 4319380.343, 140
Trd, 4319381.693, 140
Trd, 4319382.043, 139
Trd, 4319382.543, 115
Trd, 4319382.643, 109
Trd, 4319384.443, 140
Trd, 4319386.193, 140
Trd, 4319387.043, 140
Trd, 4319387.193, 140
Trd, 4319387.343, 140
Trd, 4319387.743, 140
Trd, 4319388.493, 140
Trd, 4319389.493, 140
Trd, 4319389.743, 140
Trd, 4319390.093, 130
Trd, 4319391.443, 138
Trd, 4319394.493, 140
Trd, 4319395.043, 140
Trd, 4319395.493, 138
Trd, 4319395.543, 138
Trd, 4319395.893, 138
Trd, 4319398.293, 140
Trd, 4319398.393, 140
Trd, 4319399.993, 140
Trd, 4319400.943, 140
Trd, 4319402.043, 140
Trd, 4319403.543, 140
Trd, 4319404.243, 140
Trd, 4319405.793, 140
Trd, 4319406.293, 140
Trd, 4319406.643, 140
Trd, 4319407.693, 140
Trd, 4319407.793, 140
Trd, 4319409.243, 140
Trd, 4319409.543, 140
Trd, 4319410.543, 140
Trd, 4319410.843, 140
Trd, 4319412.143, 140
Trd, 4319412.593, 140
Trd, 4319412.743, 140
Trd, 4319415.043, 140
Trd, 4319415.793, 140
Trd, 4319416.993, 140
Trd, 4319417.443, 140
Trd, 4319418.743, 140
Trd, 4319418.793, 92
Trd, 4319419.743, 63
Trd, 4319419.843, 135
Trd, 4319420.243, 136
Trd, 4319420.493, 62
Trd, 4319420.993, 80
Trd, 4319421.193, 61
Trd, 4319421.293, 126
Trd, 4319422.543, 129
Trd, 4319423.143, 66
Trd, 4319423.993, 108
Trd, 4319424.793, 110
Trd, 4319426.743, 60
Trd, 4319426.893, 132
Trd, 4319427.493, 140
Trd, 4319427.593, 140
Trd, 4319427.693, 139
Trd, 4319428.493, 60
Trd, 4319428.643, 60
Trd, 4319430.393, 115
Trd, 4319431.793, 131
Trd, 4319432.543, 130
Trd, 4319432.693, 129
Trd, 4319433.643, 139
Trd, 4319433.693, 93
Trd, 4319434.693, 139
Trd, 4319435.893, 140
Trd, 4319436.493, 140
Trd, 4319436.943, 139
Trd, 4319437.393, 140
Trd, 4319438.243, 139
Trd, 4319439.143, 64
Trd, 4319439.643, 140
Trd, 4319440.243, 140
Trd, 4319441.693, 140
Trd, 4319442.893, 140
Trd, 4319443.543, 140
Trd, 4319445.043, 140
Trd, 4319445.143, 140
Trd, 4319445.943, 140
Trd, 4319446.143, 102
Trd, 4319446.593, 140
Trd, 4319447.293, 140
Trd, 4319447.343, 98
Trd, 4319448.193, 82
Trd, 4319451.343, 140
Trd, 4319451.743, 140
Trd, 4319451.793, 140
Trd, 4319451.993, 140
Trd, 4319452.193, 140
Trd, 4319453.093, 139
Trd, 4319453.343, 140
Trd, 4319453.793, 139
Trd, 4319455.343, 85
Trd, 4319455.943, 140
Trd, 4319458.043, 140
Trd, 4319459.093, 140
Trd, 4319459.143, 140
Trd, 4319459.243, 140
Trd, 4319461.493, 140
Trd, 4319461.643, 140
Trd, 4319461.793, 113
Trd, 4319463.393, 140
Trd, 4319464.293, 140
Trd, 4319464.593, 140
Trd, 4319464.943, 140
Trd, 4319465.443, 139
Trd, 4319465.943, 101
Trd, 4319466.243, 61
Trd, 4319467.443, 119
Trd, 4319468.543, 140
Trd, 4319469.743, 75
Trd, 4319470.643, 140
Trd, 4319471.293, 140
Trd, 4319472.343, 140
Trd, 4319473.793, 140
Trd, 4319473.943, 140
Trd, 4319473.993, 139
Trd, 4319477.293, 140
Trd, 4319478.193, 140
Trd, 4319478.643, 140
Trd, 4319478.793, 140
Trd, 4319478.993, 140
Trd, 4319479.593, 140
Trd, 4319479.943, 140
Trd, 4319480.493, 140
Trd, 4319480.643, 140
Trd, 4319480.893, 140
Trd, 4319482.293, 140
Trd, 4319482.343, 138
Trd, 4319483.243, 140
Trd, 4319484.193, 140
Trd, 4319485.543, 140
Trd, 4319487.243, 140
Trd, 4319488.993, 140
Trd, 4319490.143, 140
Trd, 4319490.643, 140
Trd, 4319491.343, 140
Trd, 4319491.493, 140
Trd, 4319492.093, 140
Trd, 4319492.443, 140
Trd, 4319493.343, 140
Trd, 4319494.443, 140
Trd, 4319495.493, 140
Trd, 4319497.393, 140
Trd, 4319497.443, 139
Trd, 4319497.793, 140
Trd, 4319498.693, 140
Trd, 4319498.743, 139
Trd, 4319499.693, 140
Trd, 4319500.893, 140
Trd, 4319501.693, 140
Trd, 4319501.843, 140
Trd, 4319502.043, 140
Trd, 4319502.543, 140
Trd, 4319502.843, 140
Trd, 4319505.193, 140
Trd, 4319505.243, 139
Trd, 4319505.543, 78
Trd, 4319507.693, 140
Trd, 4319508.843, 140
Trd, 4319509.193, 140
Trd, 4319510.643, 140
Trd, 4319511.443, 140
Trd, 4319512.243, 140
Trd, 4319514.243, 140
Trd, 4319515.243, 140
Trd, 4319515.643, 140
Trd, 4319516.193, 140
Trd, 4319516.593, 140
Trd, 4319517.143, 140
Trd, 4319518.143, 139
Trd, 4319519.293, 139
Trd, 4319519.443, 138
Trd, 4319520.493, 140
Trd, 4319520.993, 140
Trd, 4319522.643, 140
Trd, 4319522.893, 140
Trd, 4319523.293, 138
Trd, 4319523.443, 137
Trd, 4319523.743, 134
Trd, 4319524.943, 106
Trd, 4319525.043, 72
Trd, 4319525.893, 140
Trd, 4319526.743, 140
Trd, 4319526.793, 136
Trd, 4319528.843, 140
Trd, 4319529.193, 140
Trd, 4319531.743, 140
Trd, 4319532.243, 140
Trd, 4319532.993, 140
Trd, 4319533.943, 140
Trd, 4319534.393, 140
Trd, 4319535.493, 140
Trd, 4319536.093, 140
Trd, 4319537.493, 140
Trd, 4319538.193, 140
Trd, 4319538.843, 140
Trd, 4319539.443, 140
Trd, 4319541.793, 140
Trd, 4319541.893, 140
Trd, 4319541.993, 140
Trd, 4319542.693, 140
Trd, 4319542.843, 119
Trd, 4319544.043, 140
Trd, 4319544.093, 139
Trd, 4319544.443, 140
Trd, 4319545.343, 140
Trd, 4319545.693, 140
Trd, 4319547.093, 139
Trd, 4319548.043, 140
Trd, 4319548.093, 137
Trd, 4319549.143, 139
Trd, 4319549.943, 140
Trd, 4319550.293, 140
Trd, 4319552.093, 140
Trd, 4319552.343, 140
Trd, 4319554.143, 140
Trd, 4319554.693, 140
Trd, 4319554.793, 140
Trd, 4319556.893, 140
Trd, 4319557.393, 140
Trd, 4319558.143, 139
Trd, 4319558.243, 139
Trd, 4319559.693, 140
Trd, 4319559.793, 139
Trd, 4319560.643, 140
Trd, 4319560.843, 140
Trd, 4319561.043, 138
Trd, 4319562.093, 134
Trd, 4319562.293, 137
Trd, 4319562.743, 139
Trd, 4319564.543, 140
Trd, 4319566.443, 140
Trd, 4319566.993, 140
Trd, 4319567.543, 140
Trd, 4319567.943, 140
Trd, 4319568.193, 140
Trd, 4319569.193, 140
Trd, 4319569.593, 140
Trd, 4319570.993, 140
Trd, 4319573.393, 140
Trd, 4319573.843, 140
Trd, 4319574.143, 140
Trd, 4319574.943, 140
Trd, 4319575.493, 140
Trd, 4319575.543, 140
Trd, 4319577.243, 140
Trd, 4319577.543, 140
Trd, 4319578.293, 140
Trd, 4319578.743, 140
Trd, 4319579.343, 140
Trd, 4319581.343, 140
Trd, 4319581.393, 140
Trd, 4319581.843, 140
Trd, 4319583.393, 140
Trd, 4319584.993, 140
Trd, 4319585.693, 140
Trd, 4319585.793, 140
Trd, 4319585.893, 139
Trd, 4319585.993, 138
Trd, 4319586.393, 123
Trd, 4319587.943, 140
Trd, 4319588.943, 140
Trd, 4319588.993, 140
Trd, 4319589.743, 140
Trd, 4319590.893, 139
Trd, 4319591.443, 138
Trd, 4319591.693, 120
Trd, 4319592.493, 130
Trd, 4319594.093, 138
Trd, 4319595.293, 140
Trd, 4319595.693, 140
Trd, 4319597.343, 140
Trd, 4319597.743, 140
Trd, 4319598.393, 140
Trd, 4319598.643, 140
Trd, 4319599.493, 140
Trd, 4319599.643, 140
Trd, 4319600.143, 140
Trd, 4319600.293, 140
Trd, 4319600.693, 139
Trd, 4319602.643, 139
Trd, 4319603.343, 140
Trd, 4319604.043, 140
Trd, 4319604.693, 140
Trd, 4319606.243, 140
Trd, 4319607.493, 140
Trd, 4319607.843, 140
Trd, 4319608.993, 140
Trd, 4319609.293, 140
Trd, 4319610.543, 140
Trd, 4319611.193, 140
Trd, 4319611.393, 140
Trd, 4319611.893, 140
Trd, 4319614.393, 140
Trd, 4319615.293, 140
Trd, 4319616.093, 140
Trd, 4319617.293, 140
Trd, 4319618.743, 140
Trd, 4319618.843, 140
Trd, 4319618.943, 140
Trd, 4319620.043, 140
Trd, 4319621.193, 140
Trd, 4319621.543, 140
Trd, 4319621.743, 140
Trd, 4319622.093, 140
Trd, 4319623.693, 140
Trd, 4319624.043, 140
Trd, 4319624.393, 140
Trd, 4319624.993, 140
Trd, 4319626.843, 140
Trd, 4319627.393, 140
Trd, 4319627.843, 140
Trd, 4319628.643, 140
Trd, 4319629.993, 140
Trd, 4319630.193, 139
Trd, 4319630.643, 137
Trd, 4319630.843, 140
Trd, 4319631.293, 135
Trd, 4319633.043, 140
Trd, 4319633.343, 140
Trd, 4319634.893, 140
Trd, 4319634.943, 139
Trd, 4319636.293, 140
Trd, 4319636.543, 139
Trd, 4319636.693, 140
Trd, 4319637.043, 138
Trd, 4319637.443, 102
Trd, 4319640.343, 60
Trd, 4319640.743, 67
Trd, 4319641.393, 60
Trd, 4319641.793, 60
Trd, 4319642.143, 67
Trd, 4319643.293, 64
Trd, 4319644.393, 65
Trd, 4319644.943, 66
Trd, 4319645.593, 70
Trd, 4319645.693, 66
Trd, 4319645.743, 93
Trd, 4319647.993, 140
Trd, 4319648.843, 139
Trd, 4319648.943, 88
Trd, 4319649.943, 131
Trd, 4319650.593, 132
Trd, 4319651.743, 88
Trd, 4319652.893, 60
Trd, 4319654.193, 60
Trd, 4319654.393, 61
Trd, 4319655.143, 65
Trd, 4319655.393, 61
Trd, 4319656.443, 66
Trd, 4319657.743, 67
Trd, 4319657.993, 63
Trd, 4319658.743, 61
Trd, 4319659.443, 61
Trd, 4319659.593, 67
Trd, 4319661.143, 65
Trd, 4319661.343, 63
Trd, 4319661.593, 60
Trd, 4319663.993, 60
Trd, 4319664.193, 60
Trd, 4319664.843, 60
Trd, 4319665.243, 61
Trd, 4319665.593, 60
Trd, 4319666.893, 60
Trd, 4319666.943, 60
Trd, 4319667.293, 61
Trd, 4319667.893, 140
Trd, 4319668.343, 140
Trd, 4319668.493, 138
Trd, 4319669.193, 135
Trd, 4319670.443, 139
Trd, 4319671.593, 65
Trd, 4319672.493, 138
Trd, 4319672.843, 139
Trd, 4319674.193, 122
Trd, 4319675.293, 140
Trd, 4319676.493, 140
Trd, 4319677.193, 140
Trd, 4319677.593, 140
Trd, 4319678.343, 140
Trd, 4319678.743, 140
Trd, 4319679.493, 140
Trd, 4319680.793, 140
Trd, 4319681.793, 140
Trd, 4319682.993, 140
Trd, 4319683.293, 140
Trd, 4319683.943, 140
Trd, 4319683.993, 140
Trd, 4319686.093, 140
Trd, 4319686.343, 140
Trd, 4319687.043, 140
Trd, 4319687.143, 140
Trd, 4319687.493, 140
Trd, 4319687.643, 140
Trd, 4319687.743, 93
Trd, 4319688.143, 139
Trd, 4319691.043, 140
Trd, 4319691.293, 140
Trd, 4319692.243, 140
Trd, 4319693.893, 140
Trd, 4319694.643, 140
Trd, 4319695.593, 140
Trd, 4319696.043, 140
Trd, 4319696.543, 140
Trd, 4319696.643, 140
Trd, 4319696.793, 140
Trd, 4319697.043, 140
Trd, 4319698.543, 140
Trd, 4319698.643, 139
Trd, 4319699.093, 139
Trd, 4319700.293, 138
Trd, 4319701.593, 140
Trd, 4319702.043, 140
Trd, 4319703.893, 140
Trd, 4319704.393, 140
Trd, 4319705.843, 140
Trd, 4319707.193, 140
Trd, 4319707.393, 140
Trd, 4319707.643, 140
Trd, 4319708.143, 140
Trd, 4319709.843, 140
Trd, 4319710.143, 140
Trd, 4319711.243, 140
Trd, 4319711.993, 140
Trd, 4319712.143, 140
Trd, 4319712.643, 139
Trd, 4319714.293, 140
Trd, 4319715.093, 140
Trd, 4319715.293, 140
Trd, 4319715.543, 140
Trd, 4319716.093, 74
Trd, 4319716.943, 69
Trd, 4319717.493, 139
Trd, 4319718.543, 140
Trd, 4319718.643, 140
Trd, 4319720.193, 140
Trd, 4319720.793, 140
Trd, 4319721.743, 140
Trd, 4319722.093, 140
Trd, 4319722.993, 140
Trd, 4319723.393, 140
Trd, 4319723.893, 140
Trd, 4319724.493, 139
Trd, 4319724.993, 140
Trd, 4319725.593, 139
Trd, 4319726.343, 139
Trd, 4319726.693, 138
Trd, 4319726.943, 137
Trd, 4319729.043, 140
Trd, 4319729.093, 139
Trd, 4319730.243, 117
Trd, 4319730.343, 74
Trd, 4319730.693, 61
Trd, 4319731.993, 81
Trd, 4319734.193, 66
Trd, 4319735.493, 60
Trd, 4319735.593, 62
Trd, 4319735.643, 122
Trd, 4319736.293, 130
Trd, 4319736.643, 140
Trd, 4319737.993, 60
Trd, 4319738.343, 64
Trd, 4319739.143, 60
Trd, 4319739.943, 60
Trd, 4319741.543, 60
Trd, 4319741.643, 60
Trd, 4319742.243, 60
Trd, 4319742.893, 60
Trd, 4319742.943, 63
Trd, 4319743.143, 64
Trd, 4319743.643, 60
Trd, 4319745.843, 60
Trd, 4319745.943, 60
Trd, 4319745.993, 60
Trd, 4319746.093, 60
Trd, 4319746.843, 69
Trd, 4319746.943, 70
Trd, 4319747.943, 140
Trd, 4319748.493, 140
Trd, 4319748.893, 106
Trd, 4319749.593, 133
Trd, 4319750.093, 118
Trd, 4319750.943, 76
Trd, 4319752.493, 140
Trd, 4319754.593, 140
Trd, 4319754.643, 140
Trd, 4319754.743, 140
Trd, 4319755.493, 140
Trd, 4319755.743, 140
Trd, 4319756.393, 140
Trd, 4319757.243, 140
Trd, 4319757.443, 140
Trd, 4319758.043, 140
Trd, 4319758.893, 140
Trd, 4319759.043, 140
Trd, 4319759.843, 140
Trd, 4319760.043, 140
Trd, 4319761.543, 140
Trd, 4319761.643, 140
Trd, 4319762.943, 140
Trd, 4319763.693, 140
Trd, 4319764.893, 140
Trd, 4319765.393, 140
Trd, 4319765.493, 140
Trd, 4319766.693, 140
Trd, 4319767.343, 139
Trd, 4319768.593, 140
Trd, 4319770.543, 140
Trd, 4319770.843, 140
Trd, 4319771.093, 140
Trd, 4319771.643, 140
Trd, 4319773.193, 140
Trd, 4319776.093, 140
Trd, 4319776.493, 140
Trd, 4319776.593, 140
Trd, 4319776.693, 140
Trd, 4319777.343, 140
Trd, 4319778.543, 140
Trd, 4319778.643, 140
Trd, 4319779.043, 139
Trd, 4319779.793, 131
Trd, 4319780.493, 140
Trd, 4319780.993, 133
Trd, 4319782.643, 136
Trd, 4319783.043, 124
Trd, 4319783.293, 62
Trd, 4319783.643, 140
Trd, 4319784.093, 140
Trd, 4319786.343, 131
Trd, 4319786.793, 140
Trd, 4319787.243, 139
Trd, 4319788.193, 92
Trd, 4319789.843, 94
Trd, 4319789.943, 129
Trd, 4319791.243, 126
Trd, 4319791.443, 139
Trd, 4319791.493, 94
Trd, 4319791.943, 140
Trd, 4319792.493, 139
Trd, 4319793.343, 139
Trd, 4319793.943, 139
Trd, 4319794.943, 140
Trd, 4319797.193, 140
Trd, 4319797.343, 140
Trd, 4319798.093, 140
Trd, 4319799.093, 140
Trd, 4319799.543, 140
Trd, 4319800.593, 140
Trd, 4319801.893, 140
Trd, 4319802.893, 140
Trd, 4319803.243, 140
Trd, 4319803.643, 140
Trd, 4319804.093, 140
Trd, 4319806.593, 140
Trd, 4319807.593, 140
Trd, 4319807.993, 140
Trd, 4319809.193, 140
Trd, 4319809.343, 140
Trd, 4319810.943, 140
Trd, 4319811.793, 140
Trd, 4319815.443, 140
Trd, 4319815.893, 140
Trd, 4319817.243, 140
Trd, 4319817.543, 140
Trd, 4319818.043, 140
Trd, 4319818.093, 140
Trd, 4319818.143, 140
Trd, 4319819.093, 140
Trd, 4319819.243, 137
Trd, 4319819.943, 135
Trd, 4319820.293, 139
Trd, 4319821.193, 136
Trd, 4319821.443, 139
Trd, 4319822.093, 137
Trd, 4319822.693, 135
Trd, 4319823.093, 129
Trd, 4319824.193, 139
Trd, 4319825.443, 140
Trd, 4319825.793, 140
Trd, 4319828.793, 140
Trd, 4319830.243, 140
Trd, 4319830.943, 140
Trd, 4319831.143, 140
Trd, 4319831.243, 140
Trd, 4319831.543, 140
Trd, 4319831.693, 110
Trd, 4319832.243, 63
Trd, 4319833.343, 61
Trd, 4319833.593, 140
Trd, 4319835.943, 60
Trd, 4319836.393, 60
Trd, 4319836.943, 60
Trd, 4319837.593, 60
Trd, 4319838.043, 60
Trd, 4319840.343, 60
Trd, 4319840.793, 60
Trd, 4319840.843, 60
Trd, 4319842.093, 63
Trd, 4319842.343, 65
Trd, 4319842.443, 64
Trd, 4319842.593, 63
Trd, 4319843.243, 137
Trd, 4319844.143, 139
Trd, 4319845.443, 136
Trd, 4319845.743, 140
Trd, 4319846.943, 90
Trd, 4319847.693, 140
Trd, 4319847.893, 140
Trd, 4319849.493, 93
Trd, 4319850.443, 140
Trd, 4319851.043, 140
Trd, 4319851.193, 140
Trd, 4319851.843, 139
Trd, 4319852.093, 140
Trd, 4319852.543, 140
Trd, 4319853.043, 136
Trd, 4319853.093, 113
Trd, 4319854.793, 139
Trd, 4319855.793, 140
Trd, 4319855.843, 140
Trd, 4319857.993, 140
Trd, 4319858.593, 140
Trd, 4319859.143, 139
Trd, 4319859.343, 138
Trd, 4319859.943, 140
Trd, 4319860.493, 74
Trd, 4319860.943, 140
Trd, 4319862.243, 140
Trd, 4319862.443, 140
Trd, 4319862.843, 140
Trd, 4319863.243, 140
Trd, 4319864.693, 139
Trd, 4319865.193, 125
Trd, 4319865.943, 98
Trd, 4319866.193, 97
Trd, 4319867.293, 140
Trd, 4319868.593, 140
Trd, 4319869.093, 140
Trd, 4319869.893, 139
Trd, 4319870.293, 61
Trd, 4319870.643, 61
Trd, 4319870.943, 140
Trd, 4319871.943, 140
Trd, 4319873.343, 139
Trd, 4319873.843, 140
Trd, 4319874.143, 140
Trd, 4319874.893, 140
Trd, 4319875.093, 140
Trd, 4319875.293, 139
Trd, 4319875.943, 109
Trd, 4319876.943, 86
Trd, 4319877.443, 132
Trd, 4319878.243, 133
Trd, 4319880.693, 140
Trd, 4319881.643, 140
Trd, 4319883.343, 140
Trd, 4319885.093, 140
Trd, 4319885.743, 140
Trd, 4319886.093, 140
Trd, 4319886.843, 140
Trd, 4319887.093, 137
Trd, 4319888.593, 140
Trd, 4319888.693, 140
Trd, 4319888.793, 140
Trd, 4319890.643, 140
Trd, 4319891.443, 140
Trd, 4319892.043, 140
Trd, 4319892.243, 140
Trd, 4319894.043, 140
Trd, 4319897.193, 140
Trd, 4319897.393, 140
Trd, 4319898.593, 140
Trd, 4319898.843, 140
Trd, 4319900.043, 140
Trd, 4319901.443, 140
Trd, 4319902.643, 140
Trd, 4319903.443, 140
Trd, 4319904.093, 140
Trd, 4319904.243, 140
Trd, 4319904.293, 140
Trd, 4319904.693, 140
Trd, 4319904.793, 140
Trd, 4319906.243, 140
Trd, 4319906.893, 140
Trd, 4319907.043, 140
Trd, 4319907.843, 140
Trd, 4319909.343, 140
Trd, 4319909.793, 140
Trd, 4319910.943, 140
Trd, 4319911.893, 140
Trd, 4319912.043, 140
Trd, 4319912.793, 140
Trd, 4319915.243, 140
Trd, 4319916.843, 140
Trd, 4319917.193, 140
Trd, 4319918.193, 140
Trd, 4319918.643, 140
Trd, 4319918.693, 140
Trd, 4319919.493, 140
Trd, 4319921.143, 140
Trd, 4319922.343, 140
Trd, 4319923.593, 140
Trd, 4319923.843, 140
Trd, 4319924.643, 140
Trd, 4319925.043, 140
Trd, 4319925.593, 140
Trd, 4319926.293, 140
Trd, 4319926.493, 140
Trd, 4319928.593, 140
Trd, 4319929.043, 140
Trd, 4319929.593, 140
Trd, 4319930.693, 140
Trd, 4319931.793, 140
Trd, 4319932.543, 140
Trd, 4319933.793, 140
Trd, 4319934.793, 140
Trd, 4319934.943, 140
Trd, 4319935.243, 140
Trd, 4319936.593, 140
Trd, 4319937.393, 140
Trd, 4319939.793, 140
Trd, 4319939.843, 140
Trd, 4319940.093, 140
Trd, 4319940.493, 137
Trd, 4319941.243, 140
Trd, 4319941.443, 82
Trd, 4319941.843, 81
Trd, 4319942.043, 80
Trd, 4319942.843, 139
Trd, 4319942.943, 70
Trd, 4319945.443, 140
Trd, 4319945.493, 140
Trd, 4319946.893, 140
Trd, 4319947.593, 140
Trd, 4319948.143, 140
Trd, 4319949.043, 140
Trd, 4319949.943, 140
Trd, 4319950.043, 140
Trd, 4319950.493, 140
Trd, 4319951.343, 134
Trd, 4319951.843, 78
Trd, 4319952.093, 132
Trd, 4319955.293, 140
Trd, 4319955.943, 140
Trd, 4319956.543, 139
Trd, 4319956.643, 139
Trd, 4319956.893, 138
Trd, 4319958.543, 140
Trd, 4319959.193, 140
Trd, 4319960.143, 140
Trd, 4319961.293, 140
Trd, 4319962.793, 140
Trd, 4319963.393, 140
Trd, 4319964.043, 140
Trd, 4319965.643, 140
Trd, 4319966.143, 140
Trd, 4319967.243, 140
Trd, 4319968.543, 140
Trd, 4319969.993, 140
Trd, 4319970.393, 140
Trd, 4319970.443, 140
Trd, 4319970.993, 140
Trd, 4319971.143, 140
Trd, 4319972.193, 131
Trd, 4319972.393, 119
Trd, 4319972.993, 128
Trd, 4319973.093, 116
Trd, 4319974.643, 140
Trd, 4319975.093, 139
Trd, 4319975.143, 137
Trd, 4319976.643, 60
Trd, 4319977.943, 60
Trd, 4319978.743, 61
Trd, 4319979.743, 60
Trd, 4319980.143, 61
Trd, 4319980.493, 61
Trd, 4319980.543, 61
Trd, 4319980.943, 62
Trd, 4319981.443, 130
Trd, 4319982.993, 60
Trd, 4319983.393, 62
Trd, 4319983.693, 139
Trd, 4319984.143, 60
Trd, 4319986.193, 60
Trd, 4319986.493, 60
Trd, 4319986.843, 60
Trd, 4319988.043, 60
Trd, 4319990.443, 61
Trd, 4319990.543, 64
Trd, 4319991.243, 62
Trd, 4319991.293, 65
Trd, 4319991.693, 64
Trd, 4319992.093, 65
Trd, 4319992.943, 71
Trd, 4319993.443, 68
Trd, 4319994.393, 64
Trd, 4319995.693, 60
Trd, 4319997.893, 140
Trd, 4319999.743, 140
Trd, 4319999.843, 140
