Trd, 4318139.793, 94
Trd, 4318142.393, 131
Trd, 4318142.443, 125
Trd, 4318142.493, 111
Trd, 4318142.543, 98
Trd, 4318143.093, 78
Trd, 4318143.993, 93
Trd, 4318144.043, 73
Trd, 4318144.193, 62
Trd, 4318144.793, 125
Trd, 4318146.193, 94
Trd, 4318146.843, 131
Trd, 4318147.243, 132
Trd, 4318147.843, 131
Trd, 4318147.993, 119
Trd, 4318148.143, 109
Trd, 4318149.293, 96
Trd, 4318149.643, 96
Trd, 4318150.543, 120
Trd, 4318152.143, 91
Trd, 4318152.693, 117
Trd, 4318152.743, 117
Trd, 4318153.343, 119
Trd, 4318153.443, 78
Trd, 4318153.693, 69
Trd, 4318155.943, 60
Trd, 4318156.343, 61
Trd, 4318157.393, 62
Trd, 4318159.093, 62
Trd, 4318160.143, 101
Trd, 4318160.493, 102
Trd, 4318160.893, 131
Trd, 4318161.443, 74
Trd, 4318162.543, 101
Trd, 4318162.793, 95
Trd, 4318163.193, 94
Trd, 4318163.343, 63
Trd, 4318165.643, 67
Trd, 4318166.793, 63
Trd, 4318166.893, 73
Trd, 4318168.693, 135
Trd, 4318168.943, 135
Trd, 4318168.993, 123
Trd, 4318170.093, 88
Trd, 4318172.293, 121
Trd, 4318173.193, 139
Trd, 4318173.393, 133
Trd, 4318173.793, 126
Trd, 4318174.743, 90
Trd, 4318175.043, 92
Trd, 4318175.193, 85
Trd, 4318175.743, 106
Trd, 4318175.893, 93
Trd, 4318176.643, 125
Trd, 4318176.993, 93
Trd, 4318177.693, 79
Trd, 4318177.943, 125
Trd, 4318179.393, 87
Trd, 4318181.143, 63
Trd, 4318182.393, 64
Trd, 4318182.943, 65
Trd, 4318184.543, 73
Trd, 4318184.993, 63
Trd, 4318185.893, 71
Trd, 4318186.293, 101
Trd, 4318186.793, 123
Trd, 4318188.343, 93
Trd, 4318188.993, 133
Trd, 4318189.043, 122
Trd, 4318189.643, 120
Trd, 4318190.093, 120
Trd, 4318191.143, 111
Trd, 4318191.693, 97
Trd, 4318192.193, 98
Trd, 4318192.543, 110
Trd, 4318192.643, 89
Trd, 4318192.993, 137
Trd, 4318194.343, 104
Trd, 4318194.443, 104
Trd, 4318194.943, 140
Trd, 4318196.043, 101
Trd, 4318196.843, 93
Trd, 4318197.143, 92
Trd, 4318198.243, 78
Trd, 4318199.293, 130
Trd, 4318199.643, 118
Trd, 4318200.543, 112
Trd, 4318200.593, 98
Trd, 4318201.243, 74
Trd, 4318201.843, 102
Trd, 4318204.093, 119
Trd, 4318204.143, 119
Trd, 4318204.293, 105
Trd, 4318204.393, 98
Trd, 4318204.693, 65
Trd, 4318206.593, 79
Trd, 4318208.443, 124
Trd, 4318208.593, 110
Trd, 4318209.143, 132
Trd, 4318209.243, 131
Trd, 4318209.293, 81
Trd, 4318209.943, 96
Trd, 4318210.393, 93
Trd, 4318211.793, 74
Trd, 4318213.343, 85
Trd, 4318213.393, 85
Trd, 4318213.443, 84
Trd, 4318213.843, 120
Trd, 4318215.943, 60
Trd, 4318217.593, 61
Trd, 4318217.693, 69
Trd, 4318218.493, 69
Trd, 4318218.993, 80
Trd, 4318220.393, 61
Trd, 4318220.643, 64
Trd, 4318221.293, 65
Trd, 4318222.143, 103
Trd, 4318222.993, 66
Trd, 4318223.143, 60
Trd, 4318224.393, 75
Trd, 4318224.643, 61
Trd, 4318225.593, 74
Trd, 4318225.893, 65
Trd, 4318226.143, 64
Trd, 4318226.343, 107
Trd, 4318226.693, 102
Trd, 4318226.743, 93
Trd, 4318227.793, 87
Trd, 4318229.443, 60
Trd, 4318230.443, 65
Trd, 4318230.643, 114
Trd, 4318231.743, 62
Trd, 4318232.093, 107
Trd, 4318232.593, 128
Trd, 4318233.893, 120
Trd, 4318234.243, 120
Trd, 4318235.093, 124
Trd, 4318235.493, 98
Trd, 4318236.743, 122
Trd, 4318237.243, 128
Trd, 4318237.643, 107
Trd, 4318238.693, 136
Trd, 4318239.193, 128
Trd, 4318240.643, 135
Trd, 4318240.793, 120
Trd, 4318241.143, 115
Trd, 4318241.843, 89
Trd, 4318241.993, 73
Trd, 4318242.893, 92
Trd, 4318243.343, 79
Trd, 4318244.193, 64
Trd, 4318244.393, 77
Trd, 4318244.793, 117
Trd, 4318246.143, 60
Trd, 4318246.193, 63
Trd, 4318247.643, 62
Trd, 4318249.243, 75
Trd, 4318250.493, 61
Trd, 4318250.893, 65
Trd, 4318251.243, 73
Trd, 4318252.943, 130
Trd, 4318253.743, 92
Trd, 4318253.993, 92
Trd, 4318254.393, 89
Trd, 4318254.493, 85
Trd, 4318255.393, 60
Trd, 4318255.993, 78
Trd, 4318256.393, 120
Trd, 4318257.343, 99
Trd, 4318258.493, 76
Trd, 4318259.743, 84
Trd, 4318259.993, 89
Trd, 4318260.343, 75
Trd, 4318260.593, 90
Trd, 4318260.693, 69
Trd, 4318262.093, 75
Trd, 4318263.143, 89
Trd, 4318263.343, 98
Trd, 4318264.393, 92
Trd, 4318264.893, 66
Trd, 4318265.043, 64
Trd, 4318265.193, 61
Trd, 4318265.943, 70
Trd, 4318267.193, 70
Trd, 4318269.143, 67
Trd, 4318269.293, 94
Trd, 4318269.993, 71
Trd, 4318270.943, 60
Trd, 4318271.793, 61
Trd, 4318273.093, 64
Trd, 4318275.143, 103
Trd, 4318275.493, 118
Trd, 4318275.693, 88
Trd, 4318276.193, 92
Trd, 4318276.293, 75
Trd, 4318277.843, 64
Trd, 4318278.493, 88
Trd, 4318279.443, 108
Trd, 4318280.043, 123
Trd, 4318280.343, 113
Trd, 4318280.493, 113
Trd, 4318280.643, 98
Trd, 4318281.993, 137
Trd, 4318282.393, 122
Trd, 4318282.593, 131
Trd, 4318282.893, 127
Trd, 4318283.293, 67
Trd, 4318283.593, 64
Trd, 4318286.393, 60
Trd, 4318286.993, 64
Trd, 4318287.193, 66
Trd, 4318287.493, 93
Trd, 4318287.743, 76
Trd, 4318288.043, 114
Trd, 4318289.093, 113
Trd, 4318289.243, 97
Trd, 4318290.243, 120
Trd, 4318292.093, 128
Trd, 4318292.593, 119
Trd, 4318293.443, 90
Trd, 4318293.593, 89
Trd, 4318294.593, 86
Trd, 4318294.693, 74
Trd, 4318294.843, 100
Trd, 4318296.843, 61
Trd, 4318297.743, 61
Trd, 4318297.893, 62
Trd, 4318298.193, 116
Trd, 4318298.943, 65
Trd, 4318299.643, 75
Trd, 4318301.043, 80
Trd, 4318301.643, 78
Trd, 4318302.193, 105
Trd, 4318303.193, 69
Trd, 4318303.593, 107
Trd, 4318304.143, 114
Trd, 4318305.043, 99
Trd, 4318305.493, 88
Trd, 4318306.893, 86
Trd, 4318307.093, 85
Trd, 4318307.293, 83
Trd, 4318308.193, 117
Trd, 4318308.993, 81
Trd, 4318310.293, 109
Trd, 4318312.343, 120
Trd, 4318312.593, 122
Trd, 4318312.643, 113
Trd, 4318312.743, 110
Trd, 4318313.043, 86
Trd, 4318313.193, 96
Trd, 4318313.443, 82
Trd, 4318316.143, 115
Trd, 4318316.843, 90
Trd, 4318316.893, 90
Trd, 4318317.443, 97
Trd, 4318317.693, 75
Trd, 4318318.193, 80
Trd, 4318319.143, 90
Trd, 4318319.243, 105
Trd, 4318319.793, 88
Trd, 4318320.993, 61
Trd, 4318321.393, 70
Trd, 4318321.693, 61
Trd, 4318324.243, 122
Trd, 4318324.993, 69
Trd, 4318325.043, 68
Trd, 4318325.993, 67
Trd, 4318326.193, 136
Trd, 4318326.443, 104
Trd, 4318326.693, 66
Trd, 4318327.793, 72
Trd, 4318328.743, 84
Trd, 4318328.893, 96
Trd, 4318329.593, 73
Trd, 4318330.243, 89
Trd, 4318330.843, 110
Trd, 4318331.743, 112
Trd, 4318331.893, 102
Trd, 4318333.043, 64
Trd, 4318333.843, 80
Trd, 4318334.943, 60
Trd, 4318335.543, 63
Trd, 4318336.743, 133
Trd, 4318337.843, 130
Trd, 4318338.293, 130
Trd, 4318338.593, 137
Trd, 4318338.643, 118
Trd, 4318338.693, 118
Trd, 4318339.743, 94
Trd, 4318340.993, 129
Trd, 4318341.043, 130
Trd, 4318341.643, 110
Trd, 4318342.293, 108
Trd, 4318342.893, 121
Trd, 4318344.143, 91
Trd, 4318345.943, 68
Trd, 4318346.343, 115
Trd, 4318347.193, 109
Trd, 4318347.443, 124
Trd, 4318348.193, 130
Trd, 4318348.443, 99
Trd, 4318349.343, 65
Trd, 4318349.943, 61
Trd, 4318350.343, 74
Trd, 4318351.093, 129
Trd, 4318352.993, 100
Trd, 4318353.343, 99
Trd, 4318353.493, 91
Trd, 4318354.443, 85
Trd, 4318356.143, 106
Trd, 4318356.243, 89
Trd, 4318356.643, 112
Trd, 4318357.293, 66
Trd, 4318358.643, 97
Trd, 4318359.693, 105
Trd, 4318360.693, 132
Trd, 4318361.693, 132
Trd, 4318362.043, 112
Trd, 4318362.443, 113
Trd, 4318362.693, 95
Trd, 4318362.993, 66
Trd, 4318363.943, 87
Trd, 4318364.343, 84
Trd, 4318364.593, 71
Trd, 4318365.593, 67
Trd, 4318366.993, 67
Trd, 4318367.293, 61
Trd, 4318367.393, 64
Trd, 4318368.243, 84
Trd, 4318368.693, 112
Trd, 4318368.793, 140
Trd, 4318370.843, 89
Trd, 4318371.243, 70
Trd, 4318371.843, 139
Trd, 4318373.443, 125
Trd, 4318374.343, 139
Trd, 4318374.993, 119
Trd, 4318375.043, 119
Trd, 4318375.493, 109
Trd, 4318376.093, 105
Trd, 4318376.843, 109
Trd, 4318377.943, 111
Trd, 4318378.043, 86
Trd, 4318379.243, 110
Trd, 4318379.343, 78
Trd, 4318379.843, 86
Trd, 4318379.943, 85
Trd, 4318380.393, 88
Trd, 4318381.343, 60
Trd, 4318381.943, 65
Trd, 4318382.293, 98
Trd, 4318382.943, 136
Trd, 4318383.743, 100
Trd, 4318384.993, 87
Trd, 4318385.793, 95
Trd, 4318385.943, 103
Trd, 4318386.893, 86
Trd, 4318388.043, 82
Trd, 4318388.593, 138
Trd, 4318389.193, 113
Trd, 4318390.243, 130
Trd, 4318390.393, 130
Trd, 4318391.493, 137
Trd, 4318391.693, 103
Trd, 4318392.093, 96
Trd, 4318392.993, 118
Trd, 4318394.193, 71
Trd, 4318395.243, 65
Trd, 4318395.443, 64
Trd, 4318395.843, 68
Trd, 4318395.893, 69
Trd, 4318397.293, 61
Trd, 4318398.543, 104
Trd, 4318398.643, 104
Trd, 4318398.793, 99
Trd, 4318399.043, 102
Trd, 4318399.843, 96
Trd, 4318401.743, 127
Trd, 4318402.943, 123
Trd, 4318403.143, 122
Trd, 4318403.643, 122
Trd, 4318404.243, 139
Trd, 4318406.293, 84
Trd, 4318406.743, 109
Trd, 4318406.943, 116
Trd, 4318406.993, 83
Trd, 4318407.043, 81
Trd, 4318407.393, 78
Trd, 4318408.093, 93
Trd, 4318408.693, 63
Trd, 4318409.543, 130
Trd, 4318410.343, 60
Trd, 4318410.543, 106
Trd, 4318411.743, 119
Trd, 4318411.943, 108
Trd, 4318413.593, 71
Trd, 4318414.543, 74
Trd, 4318415.743, 128
Trd, 4318415.893, 122
Trd, 4318416.043, 84
Trd, 4318417.093, 94
Trd, 4318417.743, 107
Trd, 4318418.093, 108
Trd, 4318418.593, 119
Trd, 4318419.093, 113
Trd, 4318419.293, 108
Trd, 4318420.543, 110
Trd, 4318421.243, 68
Trd, 4318422.543, 78
Trd, 4318423.643, 62
Trd, 4318424.043, 64
Trd, 4318424.343, 122
Trd, 4318424.943, 139
Trd, 4318426.293, 63
Trd, 4318428.143, 140
Trd, 4318428.343, 139
Trd, 4318428.593, 126
Trd, 4318428.893, 126
Trd, 4318429.143, 128
Trd, 4318430.093, 106
Trd, 4318431.143, 108
Trd, 4318431.793, 98
Trd, 4318431.843, 98
Trd, 4318432.093, 85
Trd, 4318432.393, 98
Trd, 4318434.293, 124
Trd, 4318434.993, 112
Trd, 4318435.143, 121
Trd, 4318436.943, 104
Trd, 4318437.143, 90
Trd, 4318438.193, 136
Trd, 4318438.993, 123
Trd, 4318439.993, 135
Trd, 4318440.343, 123
Trd, 4318441.443, 71
Trd, 4318442.543, 67
Trd, 4318443.793, 66
Trd, 4318444.243, 84
Trd, 4318445.093, 80
Trd, 4318445.593, 89
Trd, 4318446.593, 72
Trd, 4318446.943, 115
Trd, 4318447.093, 65
Trd, 4318447.993, 60
Trd, 4318449.093, 89
Trd, 4318449.143, 81
Trd, 4318451.143, 135
Trd, 4318451.293, 139
Trd, 4318451.393, 124
Trd, 4318451.793, 131
Trd, 4318452.293, 113
Trd, 4318452.893, 113
Trd, 4318453.043, 110
Trd, 4318453.843, 110
Trd, 4318454.093, 60
Trd, 4318455.593, 63
Trd, 4318455.643, 69
Trd, 4318457.493, 63
Trd, 4318457.943, 60
Trd, 4318459.793, 65
Trd, 4318460.143, 65
Trd, 4318460.243, 70
Trd, 4318461.593, 74
Trd, 4318462.543, 62
Trd, 4318462.893, 62
Trd, 4318463.543, 62
Trd, 4318464.093, 103
Trd, 4318465.093, 131
Trd, 4318465.593, 84
Trd, 4318466.093, 102
Trd, 4318466.293, 84
Trd, 4318467.843, 74
Trd, 4318468.043, 74
Trd, 4318468.743, 87
Trd, 4318469.243, 106
Trd, 4318470.393, 123
Trd, 4318470.693, 122
Trd, 4318470.743, 118
Trd, 4318471.043, 97
Trd, 4318472.043, 114
Trd, 4318474.143, 119
Trd, 4318474.293, 118
Trd, 4318474.343, 117
Trd, 4318474.493, 116
Trd, 4318476.143, 114
Trd, 4318476.343, 97
Trd, 4318476.643, 93
Trd, 4318476.693, 88
Trd, 4318478.293, 63
Trd, 4318478.743, 66
Trd, 4318479.643, 75
Trd, 4318480.193, 124
Trd, 4318480.993, 72
Trd, 4318482.193, 62
Trd, 4318482.693, 63
Trd, 4318482.843, 112
Trd, 4318483.793, 60
Trd, 4318484.243, 89
Trd, 4318485.793, 69
Trd, 4318486.093, 68
Trd, 4318486.943, 72
Trd, 4318487.893, 62
Trd, 4318489.643, 61
Trd, 4318490.543, 75
Trd, 4318491.143, 105
Trd, 4318492.043, 110
Trd, 4318492.093, 102
Trd, 4318492.493, 62
Trd, 4318493.193, 68
Trd, 4318493.643, 102
Trd, 4318494.193, 64
Trd, 4318495.343, 72
Trd, 4318495.393, 72
Trd, 4318496.593, 67
Trd, 4318496.743, 63
Trd, 4318497.093, 63
Trd, 4318497.793, 69
Trd, 4318498.543, 62
Trd, 4318498.643, 105
Trd, 4318500.493, 63
Trd, 4318501.543, 64
Trd, 4318501.893, 75
Trd, 4318502.543, 113
Trd, 4318502.643, 71
Trd, 4318503.493, 65
Trd, 4318504.143, 61
Trd, 4318505.893, 90
Trd, 4318506.143, 102
Trd, 4318507.343, 79
Trd, 4318508.443, 131
Trd, 4318508.693, 131
Trd, 4318508.893, 124
Trd, 4318509.443, 103
Trd, 4318509.693, 100
Trd, 4318511.093, 128
Trd, 4318511.643, 102
Trd, 4318512.343, 99
Trd, 4318513.693, 121
Trd, 4318514.393, 120
Trd, 4318514.593, 86
Trd, 4318515.343, 102
Trd, 4318515.743, 125
Trd, 4318516.443, 90
Trd, 4318517.093, 70
Trd, 4318517.893, 98
Trd, 4318518.193, 97
Trd, 4318518.493, 118
Trd, 4318519.443, 113
Trd, 4318520.043, 119
Trd, 4318520.393, 81
Trd, 4318521.693, 114
Trd, 4318523.143, 99
Trd, 4318523.443, 96
Trd, 4318524.793, 128
Trd, 4318525.143, 128
Trd, 4318525.643, 89
Trd, 4318525.693, 89
Trd, 4318526.443, 73
Trd, 4318526.793, 88
Trd, 4318528.293, 120
Trd, 4318528.393, 109
Trd, 4318528.893, 121
Trd, 4318529.093, 103
Trd, 4318529.693, 110
Trd, 4318531.993, 60
Trd, 4318532.893, 60
Trd, 4318533.143, 61
Trd, 4318534.643, 70
Trd, 4318535.643, 64
Trd, 4318536.843, 60
Trd, 4318536.893, 63
Trd, 4318537.993, 61
Trd, 4318538.093, 62
Trd, 4318538.443, 62
Trd, 4318539.943, 100
Trd, 4318540.093, 88
Trd, 4318540.893, 81
Trd, 4318540.993, 80
Trd, 4318541.743, 97
Trd, 4318542.593, 134
Trd, 4318542.743, 122
Trd, 4318542.943, 120
Trd, 4318543.793, 82
Trd, 4318544.193, 74
Trd, 4318546.443, 114
Trd, 4318546.493, 113
Trd, 4318546.893, 93
Trd, 4318546.993, 123
Trd, 4318547.543, 91
Trd, 4318548.443, 90
Trd, 4318548.493, 122
Trd, 4318548.593, 86
Trd, 4318550.393, 109
Trd, 4318551.443, 105
Trd, 4318552.143, 97
Trd, 4318552.743, 101
Trd, 4318553.193, 97
Trd, 4318553.293, 84
Trd, 4318553.893, 91
Trd, 4318554.143, 78
Trd, 4318554.943, 76
Trd, 4318555.443, 76
Trd, 4318556.393, 97
Trd, 4318557.443, 81
Trd, 4318558.743, 75
Trd, 4318559.393, 100
Trd, 4318559.743, 101
Trd, 4318560.993, 120
Trd, 4318561.593, 111
Trd, 4318562.193, 110
Trd, 4318562.343, 92
Trd, 4318563.193, 71
Trd, 4318563.893, 72
Trd, 4318565.243, 68
Trd, 4318565.393, 62
Trd, 4318565.543, 82
Trd, 4318567.393, 64
Trd, 4318568.243, 61
Trd, 4318568.793, 70
Trd, 4318570.443, 131
Trd, 4318570.893, 130
Trd, 4318571.143, 104
Trd, 4318571.443, 97
Trd, 4318572.743, 120
Trd, 4318573.143, 119
Trd, 4318573.593, 83
Trd, 4318575.193, 130
Trd, 4318576.093, 123
Trd, 4318576.393, 138
Trd, 4318576.693, 118
Trd, 4318577.243, 121
Trd, 4318577.743, 83
Trd, 4318578.193, 128
Trd, 4318578.393, 113
Trd, 4318579.893, 74
Trd, 4318580.593, 119
Trd, 4318580.693, 117
Trd, 4318582.893, 69
Trd, 4318583.893, 65
Trd, 4318584.793, 64
Trd, 4318585.243, 74
Trd, 4318585.443, 85
Trd, 4318586.593, 138
Trd, 4318586.943, 137
Trd, 4318587.093, 136
Trd, 4318588.143, 109
Trd, 4318588.393, 107
Trd, 4318590.243, 118
Trd, 4318590.443, 118
Trd, 4318591.093, 102
Trd, 4318591.243, 81
Trd, 4318592.393, 68
Trd, 4318592.843, 127
Trd, 4318593.543, 106
Trd, 4318594.293, 92
Trd, 4318594.893, 61
Trd, 4318597.393, 121
Trd, 4318597.443, 119
Trd, 4318597.743, 107
Trd, 4318597.793, 100
Trd, 4318597.993, 69
Trd, 4318598.843, 76
Trd, 4318600.343, 79
Trd, 4318602.893, 61
Trd, 4318602.943, 67
Trd, 4318603.643, 60
Trd, 4318604.043, 65
Trd, 4318605.843, 136
Trd, 4318605.943, 135
Trd, 4318606.193, 102
Trd, 4318606.793, 128
Trd, 4318606.993, 91
Trd, 4318608.543, 127
Trd, 4318608.593, 126
Trd, 4318609.793, 132
Trd, 4318610.793, 94
Trd, 4318611.393, 132
Trd, 4318611.643, 131
Trd, 4318613.043, 119
Trd, 4318613.693, 67
Trd, 4318614.743, 87
Trd, 4318614.843, 79
Trd, 4318615.743, 76
Trd, 4318615.793, 74
Trd, 4318616.593, 104
Trd, 4318616.943, 103
Trd, 4318617.293, 85
Trd, 4318617.843, 73
Trd, 4318617.993, 126
Trd, 4318620.043, 97
Trd, 4318620.943, 125
Trd, 4318621.693, 125
Trd, 4318622.993, 135
Trd, 4318623.293, 129
Trd, 4318623.743, 122
Trd, 4318624.093, 113
Trd, 4318624.743, 90
Trd, 4318625.593, 101
Trd, 4318625.693, 100
Trd, 4318625.893, 62
Trd, 4318627.593, 60
Trd, 4318627.743, 70
Trd, 4318627.843, 81
Trd, 4318627.893, 106
Trd, 4318629.243, 108
Trd, 4318630.043, 71
Trd, 4318630.943, 96
Trd, 4318632.143, 67
Trd, 4318632.993, 65
Trd, 4318633.843, 70
Trd, 4318634.493, 124
Trd, 4318634.993, 117
Trd, 4318635.393, 102
Trd, 4318635.493, 101
Trd, 4318636.693, 79
Trd, 4318637.293, 128
Trd, 4318637.743, 117
Trd, 4318638.093, 72
Trd, 4318639.143, 85
Trd, 4318639.543, 107
Trd, 4318641.143, 92
Trd, 4318641.643, 85
Trd, 4318641.993, 131
Trd, 4318642.943, 81
Trd, 4318643.143, 74
Trd, 4318643.893, 79
Trd, 4318644.393, 97
Trd, 4318644.593, 72
Trd, 4318645.143, 123
Trd, 4318646.293, 60
Trd, 4318647.393, 71
Trd, 4318647.743, 113
Trd, 4318648.793, 120
Trd, 4318648.943, 110
Trd, 4318649.493, 109
Trd, 4318651.243, 114
Trd, 4318651.393, 100
Trd, 4318652.093, 111
Trd, 4318652.493, 124
Trd, 4318653.193, 102
Trd, 4318654.093, 62
Trd, 4318654.293, 98
Trd, 4318654.593, 102
Trd, 4318655.543, 95
Trd, 4318656.893, 125
Trd, 4318656.993, 124
Trd, 4318657.543, 123
Trd, 4318658.493, 126
Trd, 4318658.843, 137
Trd, 4318659.093, 134
Trd, 4318659.393, 124
Trd, 4318661.243, 81
Trd, 4318662.143, 81
Trd, 4318662.893, 86
Trd, 4318663.443, 70
Trd, 4318663.843, 64
Trd, 4318664.193, 60
Trd, 4318665.093, 63
Trd, 4318665.743, 114
Trd, 4318665.943, 140
Trd, 4318668.343, 65
Trd, 4318669.143, 64
Trd, 4318669.843, 71
Trd, 4318669.943, 87
Trd, 4318670.243, 121
Trd, 4318671.793, 106
Trd, 4318672.093, 102
Trd, 4318672.593, 90
Trd, 4318672.643, 69
Trd, 4318674.143, 70
Trd, 4318675.343, 69
Trd, 4318675.693, 129
Trd, 4318676.443, 120
Trd, 4318677.543, 113
Trd, 4318677.593, 103
Trd, 4318678.143, 116
Trd, 4318679.193, 69
Trd, 4318680.243, 131
Trd, 4318680.293, 101
Trd, 4318680.393, 99
Trd, 4318680.693, 99
Trd, 4318681.593, 92
Trd, 4318682.293, 139
Trd, 4318683.093, 112
Trd, 4318683.643, 79
Trd, 4318684.693, 130
Trd, 4318684.743, 129
Trd, 4318684.793, 73
Trd, 4318685.493, 68
Trd, 4318685.893, 87
Trd, 4318687.193, 100
Trd, 4318687.343, 110
Trd, 4318688.143, 88
Trd, 4318688.993, 96
Trd, 4318689.793, 66
Trd, 4318690.343, 60
Trd, 4318690.743, 68
Trd, 4318691.893, 80
Trd, 4318692.593, 82
Trd, 4318692.743, 76
Trd, 4318692.993, 73
Trd, 4318693.843, 121
Trd, 4318693.943, 105
Trd, 4318694.943, 96
Trd, 4318695.443, 118
Trd, 4318695.843, 110
Trd, 4318697.143, 102
Trd, 4318697.643, 124
Trd, 4318697.743, 114
Trd, 4318698.493, 100
Trd, 4318699.693, 132
Trd, 4318700.143, 130
Trd, 4318700.743, 63
Trd, 4318701.493, 113
Trd, 4318701.643, 104
Trd, 4318702.993, 69
Trd, 4318703.543, 64
Trd, 4318704.543, 60
Trd, 4318704.693, 75
Trd, 4318705.643, 78
Trd, 4318706.693, 65
Trd, 4318707.093, 93
Trd, 4318707.143, 63
Trd, 4318707.693, 115
Trd, 4318708.693, 108
Trd, 4318709.843, 109
Trd, 4318711.993, 107
Trd, 4318712.243, 100
Trd, 4318712.793, 97
Trd, 4318713.543, 122
Trd, 4318713.693, 119
Trd, 4318714.593, 140
Trd, 4318714.693, 113
Trd, 4318715.243, 111
Trd, 4318715.443, 96
Trd, 4318717.243, 100
Trd, 4318717.443, 100
Trd, 4318717.743, 113
Trd, 4318720.093, 120
Trd, 4318720.943, 97
Trd, 4318721.443, 115
Trd, 4318721.593, 107
Trd, 4318721.743, 93
Trd, 4318722.443, 118
Trd, 4318722.943, 98
Trd, 4318724.843, 123
Trd, 4318725.493, 132
Trd, 4318726.493, 101
Trd, 4318726.593, 95
Trd, 4318726.793, 90
Trd, 4318727.093, 97
Trd, 4318727.893, 91
Trd, 4318728.543, 90
Trd, 4318729.193, 94
Trd, 4318729.593, 79
Trd, 4318730.043, 104
Trd, 4318732.343, 81
Trd, 4318732.443, 104
Trd, 4318733.293, 67
Trd, 4318734.693, 76
Trd, 4318735.643, 74
Trd, 4318735.743, 72
Trd, 4318735.843, 72
Trd, 4318736.143, 97
Trd, 4318737.143, 131
Trd, 4318738.193, 115
Trd, 4318738.493, 114
Trd, 4318739.143, 114
Trd, 4318739.193, 97
Trd, 4318740.393, 112
Trd, 4318741.393, 110
Trd, 4318744.293, 128
Trd, 4318744.643, 126
Trd, 4318744.943, 117
Trd, 4318744.993, 102
Trd, 4318745.393, 130
Trd, 4318746.343, 106
Trd, 4318746.493, 100
Trd, 4318746.693, 78
Trd, 4318747.193, 109
Trd, 4318747.493, 97
Trd, 4318748.743, 115
Trd, 4318749.593, 115
Trd, 4318749.893, 77
Trd, 4318750.293, 127
Trd, 4318750.693, 105
Trd, 4318751.493, 76
Trd, 4318752.943, 71
Trd, 4318753.493, 87
Trd, 4318753.993, 74
Trd, 4318755.593, 81
Trd, 4318756.343, 113
Trd, 4318756.843, 69
Trd, 4318756.893, 63
Trd, 4318757.943, 127
Trd, 4318758.343, 84
Trd, 4318759.693, 120
Trd, 4318760.143, 139
Trd, 4318760.243, 124
Trd, 4318760.443, 120
Trd, 4318761.643, 92
Trd, 4318762.143, 91
Trd, 4318762.443, 98
Trd, 4318762.693, 91
Trd, 4318763.043, 91
Trd, 4318763.893, 76
Trd, 4318764.493, 126
Trd, 4318765.743, 97
Trd, 4318766.843, 78
Trd, 4318766.943, 75
Trd, 4318767.643, 60
Trd, 4318769.343, 139
Trd, 4318769.393, 134
Trd, 4318769.443, 121
Trd, 4318769.593, 103
Trd, 4318770.993, 66
Trd, 4318771.593, 80
Trd, 4318772.843, 65
Trd, 4318774.593, 87
Trd, 4318774.693, 97
Trd, 4318775.743, 87
Trd, 4318775.943, 63
Trd, 4318776.443, 123
Trd, 4318776.843, 60
Trd, 4318777.893, 61
Trd, 4318778.543, 78
Trd, 4318779.043, 65
Trd, 4318779.893, 123
Trd, 4318780.293, 131
Trd, 4318780.443, 123
Trd, 4318781.243, 60
Trd, 4318782.593, 63
Trd, 4318784.143, 71
Trd, 4318785.643, 67
Trd, 4318785.993, 65
Trd, 4318786.493, 78
Trd, 4318787.243, 89
Trd, 4318787.443, 88
Trd, 4318788.693, 110
Trd, 4318789.143, 114
Trd, 4318789.543, 114
Trd, 4318789.593, 74
Trd, 4318790.043, 97
Trd, 4318791.243, 123
Trd, 4318791.343, 114
Trd, 4318791.793, 94
Trd, 4318792.343, 112
Trd, 4318794.993, 65
Trd, 4318795.393, 69
Trd, 4318796.043, 60
Trd, 4318796.943, 113
Trd, 4318797.043, 90
Trd, 4318797.293, 100
Trd, 4318797.743, 64
Trd, 4318797.993, 65
Trd, 4318799.793, 103
Trd, 4318800.093, 65
Trd, 4318801.643, 64
Trd, 4318802.193, 87
Trd, 4318802.693, 67
Trd, 4318802.793, 67
Trd, 4318804.493, 65
Trd, 4318806.343, 60
Trd, 4318806.493, 66
Trd, 4318806.793, 69
Trd, 4318807.593, 84
Trd, 4318808.193, 111
Trd, 4318808.693, 78
Trd, 4318808.943, 85
Trd, 4318809.043, 82
Trd, 4318809.993, 120
Trd, 4318810.743, 69
Trd, 4318811.293, 91
Trd, 4318812.543, 95
Trd, 4318812.843, 110
Trd, 4318812.943, 80
Trd, 4318813.843, 75
Trd, 4318814.443, 64
Trd, 4318814.843, 66
Trd, 4318816.343, 87
Trd, 4318816.643, 130
Trd, 4318816.893, 90
Trd, 4318817.293, 64
Trd, 4318817.643, 133
Trd, 4318819.193, 114
Trd, 4318820.443, 80
Trd, 4318820.943, 83
Trd, 4318821.893, 104
Trd, 4318822.243, 102
Trd, 4318823.593, 108
Trd, 4318824.543, 111
Trd, 4318824.993, 133
Trd, 4318826.143, 79
Trd, 4318826.993, 78
Trd, 4318827.993, 94
Trd, 4318828.493, 97
Trd, 4318828.593, 89
Trd, 4318829.693, 79
Trd, 4318830.393, 70
Trd, 4318830.793, 79
Trd, 4318831.443, 98
Trd, 4318832.643, 112
Trd, 4318832.793, 111
Trd, 4318833.593, 60
Trd, 4318834.043, 64
Trd, 4318834.543, 62
Trd, 4318835.543, 132
Trd, 4318835.593, 120
Trd, 4318836.893, 77
Trd, 4318838.093, 79
Trd, 4318838.143, 78
Trd, 4318839.293, 120
Trd, 4318840.743, 135
Trd, 4318841.293, 135
Trd, 4318841.743, 126
Trd, 4318841.893, 94
Trd, 4318842.743, 74
Trd, 4318843.293, 78
Trd, 4318844.193, 104
Trd, 4318844.393, 121
Trd, 4318844.743, 90
Trd, 4318845.243, 79
Trd, 4318846.743, 72
Trd, 4318846.943, 68
Trd, 4318847.893, 73
Trd, 4318849.593, 63
Trd, 4318849.793, 62
Trd, 4318850.293, 64
Trd, 4318850.993, 104
Trd, 4318851.793, 92
Trd, 4318854.093, 119
Trd, 4318854.193, 117
Trd, 4318854.543, 103
Trd, 4318854.943, 104
Trd, 4318855.093, 133
Trd, 4318855.593, 125
Trd, 4318857.493, 138
Trd, 4318857.593, 129
Trd, 4318857.893, 116
Trd, 4318858.393, 105
Trd, 4318859.343, 61
Trd, 4318859.943, 74
Trd, 4318861.043, 60
Trd, 4318861.343, 62
Trd, 4318861.443, 64
Trd, 4318862.643, 63
Trd, 4318863.293, 117
Trd, 4318864.543, 125
Trd, 4318864.893, 93
Trd, 4318865.343, 78
Trd, 4318865.993, 77
Trd, 4318867.293, 120
Trd, 4318867.943, 113
Trd, 4318868.293, 81
Trd, 4318868.743, 78
Trd, 4318868.843, 68
Trd, 4318869.343, 93
Trd, 4318871.593, 65
Trd, 4318871.743, 69
Trd, 4318872.493, 66
Trd, 4318872.893, 70
Trd, 4318875.093, 125
Trd, 4318875.443, 122
Trd, 4318875.843, 121
Trd, 4318876.743, 102
Trd, 4318876.843, 99
Trd, 4318878.143, 100
Trd, 4318878.193, 100
Trd, 4318878.943, 123
Trd, 4318878.993, 84
Trd, 4318880.043, 64
Trd, 4318880.593, 61
Trd, 4318882.143, 89
Trd, 4318882.743, 132
Trd, 4318882.993, 84
Trd, 4318883.293, 135
Trd, 4318885.843, 60
Trd, 4318887.193, 61
Trd, 4318887.593, 63
Trd, 4318889.243, 64
Trd, 4318889.443, 68
Trd, 4318889.843, 69
Trd, 4318890.043, 62
Trd, 4318891.043, 71
Trd, 4318891.843, 127
Trd, 4318892.343, 98
Trd, 4318892.393, 93
Trd, 4318892.493, 92
Trd, 4318893.493, 94
Trd, 4318894.093, 71
Trd, 4318896.193, 118
Trd, 4318896.243, 118
Trd, 4318897.993, 101
Trd, 4318898.093, 100
Trd, 4318899.293, 108
Trd, 4318899.493, 96
Trd, 4318900.443, 103
Trd, 4318901.043, 113
Trd, 4318901.143, 90
Trd, 4318901.593, 111
Trd, 4318902.243, 90
Trd, 4318904.293, 117
Trd, 4318905.893, 115
Trd, 4318905.943, 107
Trd, 4318906.043, 120
Trd, 4318906.743, 67
Trd, 4318906.893, 60
Trd, 4318909.093, 97
Trd, 4318910.143, 121
Trd, 4318910.193, 111
Trd, 4318910.343, 103
Trd, 4318910.843, 88
Trd, 4318912.443, 140
Trd, 4318912.793, 128
Trd, 4318913.543, 127
Trd, 4318914.243, 127
Trd, 4318916.193, 140
Trd, 4318917.693, 138
Trd, 4318918.693, 136
Trd, 4318919.143, 128
Trd, 4318919.543, 131
Trd, 4318919.693, 119
Trd, 4318919.793, 109
Trd, 4318920.593, 67
Trd, 4318920.993, 90
Trd, 4318921.243, 109
Trd, 4318921.693, 123
Trd, 4318921.743, 80
Trd, 4318922.093, 60
Trd, 4318924.993, 95
Trd, 4318925.993, 138
Trd, 4318926.243, 115
Trd, 4318926.343, 88
Trd, 4318926.693, 65
Trd, 4318928.093, 63
Trd, 4318928.793, 78
Trd, 4318929.193, 77
Trd, 4318929.443, 122
Trd, 4318930.943, 106
Trd, 4318932.443, 107
Trd, 4318932.693, 72
Trd, 4318934.343, 93
Trd, 4318934.693, 81
Trd, 4318934.793, 76
Trd, 4318935.043, 76
Trd, 4318936.743, 135
Trd, 4318936.943, 131
Trd, 4318937.893, 123
Trd, 4318937.993, 119
Trd, 4318939.043, 116
Trd, 4318939.293, 116
Trd, 4318939.793, 115
Trd, 4318939.943, 114
Trd, 4318940.543, 82
Trd, 4318943.243, 65
Trd, 4318943.293, 69
Trd, 4318943.343, 93
Trd, 4318944.943, 67
Trd, 4318945.293, 72
Trd, 4318947.043, 132
Trd, 4318947.093, 79
Trd, 4318948.093, 137
Trd, 4318948.493, 128
Trd, 4318948.543, 111
Trd, 4318949.443, 93
Trd, 4318950.343, 100
Trd, 4318950.793, 97
Trd, 4318950.943, 102
Trd, 4318951.143, 97
Trd, 4318952.893, 71
Trd, 4318953.093, 66
Trd, 4318953.743, 61
Trd, 4318953.893, 84
Trd, 4318954.293, 71
Trd, 4318955.643, 69
Trd, 4318958.693, 107
Trd, 4318958.943, 130
Trd, 4318958.993, 107
Trd, 4318959.043, 107
Trd, 4318959.393, 108
Trd, 4318959.893, 67
Trd, 4318960.143, 124
Trd, 4318960.643, 60
Trd, 4318961.693, 88
Trd, 4318963.093, 81
Trd, 4318963.293, 77
Trd, 4318964.443, 116
Trd, 4318964.993, 138
Trd, 4318965.243, 80
Trd, 4318965.493, 93
Trd, 4318965.943, 91
Trd, 4318966.993, 78
Trd, 4318967.643, 127
Trd, 4318968.093, 72
Trd, 4318969.993, 114
Trd, 4318970.293, 117
Trd, 4318970.943, 71
Trd, 4318971.943, 122
Trd, 4318972.543, 104
Trd, 4318972.893, 98
Trd, 4318973.043, 100
Trd, 4318974.093, 98
Trd, 4318974.993, 117
Trd, 4318975.893, 124
Trd, 4318976.093, 97
Trd, 4318977.143, 129
Trd, 4318977.743, 96
Trd, 4318977.793, 75
Trd, 4318978.293, 111
Trd, 4318980.343, 134
Trd, 4318980.893, 135
Trd, 4318981.193, 122
Trd, 4318981.743, 72
Trd, 4318983.943, 140
Trd, 4318984.443, 137
Trd, 4318984.893, 137
Trd, 4318985.743, 126
Trd, 4318985.943, 121
Trd, 4318986.843, 111
Trd, 4318987.243, 100
Trd, 4318987.793, 112
Trd, 4318988.243, 74
Trd, 4318988.443, 60
Trd, 4318988.543, 76
Trd, 4318989.293, 61
Trd, 4318989.743, 96
Trd, 4318990.743, 118
Trd, 4318991.843, 65
Trd, 4318993.893, 62
Trd, 4318994.593, 124
Trd, 4318994.843, 116
Trd, 4318994.943, 115
Trd, 4318995.243, 89
Trd, 4318996.293, 80
Trd, 4318996.843, 79
Trd, 4318997.543, 68
Trd, 4318997.843, 93
Trd, 4318998.343, 135
Trd, 4318999.093, 120
Trd, 4319000.493, 128
Trd, 4319000.943, 120
Trd, 4319001.343, 127
Trd, 4319001.393, 105
Trd, 4319003.443, 99
Trd, 4319003.893, 95
Trd, 4319004.143, 94
Trd, 4319004.293, 128
Trd, 4319004.793, 77
Trd, 4319006.593, 74
Trd, 4319007.293, 75
Trd, 4319007.993, 127
Trd, 4319008.393, 133
Trd, 4319008.743, 133
Trd, 4319009.293, 133
Trd, 4319010.093, 99
Trd, 4319010.793, 98
Trd, 4319011.943, 97
Trd, 4319012.893, 93
Trd, 4319013.493, 125
Trd, 4319014.893, 116
Trd, 4319015.043, 107
Trd, 4319015.193, 106
Trd, 4319016.243, 117
Trd, 4319016.843, 117
Trd, 4319017.793, 103
Trd, 4319018.043, 103
Trd, 4319018.143, 92
Trd, 4319019.793, 62
Trd, 4319019.943, 61
Trd, 4319020.493, 62
Trd, 4319020.843, 64
Trd, 4319022.043, 111
Trd, 4319022.293, 103
Trd, 4319022.843, 123
Trd, 4319023.543, 100
Trd, 4319023.943, 63
Trd, 4319024.793, 61
Trd, 4319024.943, 63
Trd, 4319026.043, 103
Trd, 4319026.643, 130
Trd, 4319028.193, 137
Trd, 4319029.143, 138
Trd, 4319029.393, 136
Trd, 4319029.543, 124
Trd, 4319029.893, 122
Trd, 4319029.993, 117
Trd, 4319030.093, 105
Trd, 4319030.443, 91
Trd, 4319032.893, 62
Trd, 4319033.843, 60
Trd, 4319034.493, 119
Trd, 4319034.693, 98
Trd, 4319034.993, 68
Trd, 4319035.543, 104
Trd, 4319037.043, 109
Trd, 4319037.743, 85
Trd, 4319038.843, 65
Trd, 4319039.693, 117
Trd, 4319040.243, 61
Trd, 4319040.793, 62
Trd, 4319041.643, 78
Trd, 4319041.893, 72
Trd, 4319042.493, 90
Trd, 4319042.993, 82
Trd, 4319044.193, 84
Trd, 4319044.293, 84
Trd, 4319044.843, 82
Trd, 4319046.143, 70
Trd, 4319046.243, 87
Trd, 4319046.843, 60
Trd, 4319047.243, 64
Trd, 4319047.843, 127
Trd, 4319048.193, 128
Trd, 4319048.743, 127
Trd, 4319049.043, 124
Trd, 4319049.143, 83
Trd, 4319050.243, 122
Trd, 4319051.643, 132
Trd, 4319052.243, 124
Trd, 4319052.343, 115
Trd, 4319053.243, 105
Trd, 4319055.143, 128
Trd, 4319056.293, 138
Trd, 4319056.493, 65
Trd, 4319057.043, 112
Trd, 4319057.643, 111
Trd, 4319057.943, 111
Trd, 4319059.043, 110
Trd, 4319059.443, 131
Trd, 4319059.743, 110
Trd, 4319061.993, 104
Trd, 4319062.043, 94
Trd, 4319062.893, 111
Trd, 4319063.293, 76
Trd, 4319063.893, 88
Trd, 4319065.093, 114
Trd, 4319065.193, 84
Trd, 4319065.293, 61
Trd, 4319065.993, 76
Trd, 4319066.143, 64
Trd, 4319066.343, 84
Trd, 4319066.893, 82
Trd, 4319067.743, 136
Trd, 4319069.243, 85
Trd, 4319070.893, 64
Trd, 4319071.343, 122
Trd, 4319071.593, 63
Trd, 4319072.243, 91
Trd, 4319072.943, 69
Trd, 4319073.693, 68
Trd, 4319074.043, 116
Trd, 4319075.143, 62
Trd, 4319075.743, 80
Trd, 4319076.493, 75
Trd, 4319077.493, 124
Trd, 4319078.543, 108
Trd, 4319078.893, 110
Trd, 4319079.193, 105
Trd, 4319079.393, 102
Trd, 4319080.143, 107
Trd, 4319081.243, 60
Trd, 4319082.193, 83
Trd, 4319083.293, 67
Trd, 4319084.443, 125
Trd, 4319084.693, 70
Trd, 4319085.193, 67
Trd, 4319085.743, 64
Trd, 4319086.793, 113
Trd, 4319088.243, 111
Trd, 4319088.643, 108
Trd, 4319089.093, 97
Trd, 4319089.843, 86
Trd, 4319090.443, 109
Trd, 4319091.493, 90
Trd, 4319092.243, 117
Trd, 4319092.393, 117
Trd, 4319092.493, 109
Trd, 4319094.343, 96
Trd, 4319094.593, 73
Trd, 4319095.193, 87
Trd, 4319096.293, 134
Trd, 4319096.693, 121
Trd, 4319097.093, 127
Trd, 4319097.393, 77
Trd, 4319098.443, 92
Trd, 4319098.543, 91
Trd, 4319100.193, 137
Trd, 4319100.593, 134
Trd, 4319101.043, 110
Trd, 4319101.443, 107
Trd, 4319101.493, 85
Trd, 4319101.793, 82
Trd, 4319103.143, 129
Trd, 4319104.393, 118
Trd, 4319105.693, 118
Trd, 4319106.643, 140
Trd, 4319107.193, 96
Trd, 4319107.343, 96
Trd, 4319108.193, 100
Trd, 4319109.093, 93
Trd, 4319111.593, 113
Trd, 4319111.743, 111
Trd, 4319112.443, 133
Trd, 4319112.693, 116
Trd, 4319112.893, 78
Trd, 4319113.343, 92
Trd, 4319113.843, 62
Trd, 4319114.393, 131
Trd, 4319116.293, 61
Trd, 4319116.543, 79
Trd, 4319117.193, 63
Trd, 4319117.793, 117
Trd, 4319118.493, 117
Trd, 4319118.843, 125
Trd, 4319119.543, 136
Trd, 4319120.543, 108
Trd, 4319120.793, 106
Trd, 4319121.493, 110
Trd, 4319122.043, 122
Trd, 4319123.143, 122
Trd, 4319124.143, 101
Trd, 4319124.193, 99
Trd, 4319125.093, 65
Trd, 4319125.943, 65
Trd, 4319126.793, 104
Trd, 4319127.193, 61
Trd, 4319127.793, 78
Trd, 4319128.793, 115
Trd, 4319129.593, 105
Trd, 4319129.893, 112
Trd, 4319130.293, 96
Trd, 4319130.693, 90
Trd, 4319131.043, 73
Trd, 4319131.243, 77
Trd, 4319131.793, 79
Trd, 4319132.343, 76
Trd, 4319133.543, 63
Trd, 4319133.993, 106
Trd, 4319136.143, 111
Trd, 4319136.193, 111
Trd, 4319136.593, 137
Trd, 4319136.693, 137
Trd, 4319139.093, 128
Trd, 4319139.193, 128
Trd, 4319139.393, 119
Trd, 4319139.693, 108
Trd, 4319139.843, 75
Trd, 4319140.993, 85
Trd, 4319142.543, 105
Trd, 4319142.593, 119
Trd, 4319144.493, 126
Trd, 4319144.593, 126
Trd, 4319145.093, 104
Trd, 4319145.243, 92
Trd, 4319145.943, 134
Trd, 4319145.993, 121
Trd, 4319146.643, 130
Trd, 4319146.693, 61
Trd, 4319148.043, 81
Trd, 4319148.143, 64
Trd, 4319150.143, 140
Trd, 4319150.293, 124
Trd, 4319150.693, 95
Trd, 4319151.143, 86
Trd, 4319151.193, 65
Trd, 4319152.693, 119
Trd, 4319153.343, 99
Trd, 4319153.493, 104
Trd, 4319153.943, 60
Trd, 4319154.293, 60
Trd, 4319154.893, 66
Trd, 4319155.943, 98
Trd, 4319156.643, 106
Trd, 4319156.793, 87
Trd, 4319157.593, 137
Trd, 4319158.293, 85
Trd, 4319160.193, 62
Trd, 4319160.243, 67
Trd, 4319160.693, 69
Trd, 4319162.193, 62
Trd, 4319163.093, 79
Trd, 4319163.393, 65
Trd, 4319164.143, 135
Trd, 4319165.043, 128
Trd, 4319165.293, 121
Trd, 4319165.543, 120
Trd, 4319165.743, 82
Trd, 4319166.593, 91
Trd, 4319167.093, 72
Trd, 4319168.893, 126
Trd, 4319169.343, 125
Trd, 4319169.993, 115
Trd, 4319170.293, 127
Trd, 4319171.293, 116
Trd, 4319171.343, 110
Trd, 4319171.443, 99
Trd, 4319171.693, 65
Trd, 4319172.693, 115
Trd, 4319173.493, 62
Trd, 4319173.943, 63
Trd, 4319174.443, 66
Trd, 4319175.493, 98
Trd, 4319175.743, 67
Trd, 4319176.043, 64
Trd, 4319177.793, 62
Trd, 4319178.343, 101
Trd, 4319179.743, 61
Trd, 4319179.993, 65
Trd, 4319181.193, 87
Trd, 4319182.343, 84
Trd, 4319182.443, 104
Trd, 4319182.543, 89
Trd, 4319183.093, 85
Trd, 4319186.093, 65
Trd, 4319187.293, 76
Trd, 4319187.343, 73
Trd, 4319187.493, 91
Trd, 4319187.793, 120
Trd, 4319188.593, 63
Trd, 4319188.893, 62
Trd, 4319190.043, 69
Trd, 4319192.293, 100
Trd, 4319192.393, 103
Trd, 4319192.443, 100
Trd, 4319192.493, 95
Trd, 4319193.693, 78
Trd, 4319194.443, 81
Trd, 4319194.843, 94
Trd, 4319195.443, 128
Trd, 4319196.193, 115
Trd, 4319197.243, 115
Trd, 4319198.543, 78
Trd, 4319199.393, 99
Trd, 4319199.693, 122
Trd, 4319200.393, 65
Trd, 4319201.093, 60
Trd, 4319201.293, 110
Trd, 4319202.243, 79
Trd, 4319203.043, 62
Trd, 4319204.443, 61
Trd, 4319204.893, 65
Trd, 4319205.993, 66
Trd, 4319206.243, 129
Trd, 4319206.393, 99
Trd, 4319207.593, 79
Trd, 4319208.593, 70
Trd, 4319208.643, 88
Trd, 4319208.743, 94
Trd, 4319208.993, 86
Trd, 4319209.843, 62
Trd, 4319210.243, 75
Trd, 4319211.093, 61
Trd, 4319211.743, 83
Trd, 4319212.843, 63
Trd, 4319214.143, 65
Trd, 4319214.393, 65
Trd, 4319214.743, 67
Trd, 4319215.543, 103
Trd, 4319215.943, 102
Trd, 4319217.443, 109
Trd, 4319217.743, 90
Trd, 4319218.143, 96
Trd, 4319218.243, 106
Trd, 4319218.693, 88
Trd, 4319219.293, 92
Trd, 4319220.693, 99
Trd, 4319220.943, 97
Trd, 4319221.393, 70
Trd, 4319221.443, 67
Trd, 4319221.693, 64
Trd, 4319222.543, 116
Trd, 4319222.793, 112
Trd, 4319223.043, 115
Trd, 4319223.993, 87
Trd, 4319224.943, 135
Trd, 4319226.243, 80
Trd, 4319227.493, 123
Trd, 4319227.993, 102
Trd, 4319229.593, 131
Trd, 4319230.593, 126
Trd, 4319230.643, 87
Trd, 4319231.093, 78
Trd, 4319231.193, 78
Trd, 4319232.043, 126
Trd, 4319232.593, 94
Trd, 4319233.043, 94
Trd, 4319233.243, 69
Trd, 4319234.043, 66
Trd, 4319235.093, 135
Trd, 4319235.593, 138
Trd, 4319236.893, 114
Trd, 4319237.393, 100
Trd, 4319237.743, 95
Trd, 4319238.693, 140
Trd, 4319239.093, 106
Trd, 4319239.143, 98
Trd, 4319239.493, 71
Trd, 4319241.243, 60
Trd, 4319241.593, 107
Trd, 4319242.193, 91
Trd, 4319243.243, 61
Trd, 4319245.343, 66
Trd, 4319246.693, 68
Trd, 4319247.343, 72
Trd, 4319247.743, 71
Trd, 4319249.293, 62
Trd, 4319249.743, 74
Trd, 4319250.643, 75
Trd, 4319251.043, 69
Trd, 4319252.443, 70
Trd, 4319252.743, 64
Trd, 4319254.043, 114
Trd, 4319254.343, 114
Trd, 4319254.393, 113
Trd, 4319254.943, 96
Trd, 4319255.943, 62
Trd, 4319256.043, 74
Trd, 4319256.243, 75
Trd, 4319257.043, 102
Trd, 4319258.143, 82
Trd, 4319258.443, 131
Trd, 4319258.493, 82
Trd, 4319259.493, 114
Trd, 4319260.343, 112
Trd, 4319260.443, 106
Trd, 4319260.593, 103
Trd, 4319260.893, 75
Trd, 4319261.743, 77
Trd, 4319262.393, 79
Trd, 4319263.193, 75
Trd, 4319264.243, 67
Trd, 4319265.443, 134
Trd, 4319265.793, 92
Trd, 4319266.343, 88
Trd, 4319266.693, 119
Trd, 4319268.793, 63
Trd, 4319269.493, 61
Trd, 4319270.793, 91
Trd, 4319270.943, 111
Trd, 4319271.293, 114
Trd, 4319271.793, 116
Trd, 4319272.893, 110
Trd, 4319273.593, 109
Trd, 4319275.493, 111
Trd, 4319276.893, 112
Trd, 4319276.943, 111
Trd, 4319277.193, 110
Trd, 4319277.543, 108
Trd, 4319277.793, 94
Trd, 4319278.393, 66
Trd, 4319280.743, 60
Trd, 4319281.093, 63
Trd, 4319281.743, 66
Trd, 4319281.943, 65
Trd, 4319283.393, 100
Trd, 4319283.693, 103
Trd, 4319284.443, 103
Trd, 4319284.893, 137
Trd, 4319285.643, 71
Trd, 4319286.543, 82
Trd, 4319286.893, 70
Trd, 4319287.843, 118
Trd, 4319288.593, 117
Trd, 4319289.593, 117
Trd, 4319290.643, 136
Trd, 4319290.843, 135
Trd, 4319291.793, 100
Trd, 4319291.993, 98
Trd, 4319293.393, 135
Trd, 4319293.643, 129
Trd, 4319293.943, 96
Trd, 4319294.143, 70
Trd, 4319294.793, 60
Trd, 4319296.193, 126
Trd, 4319296.743, 126
Trd, 4319297.343, 74
Trd, 4319297.693, 71
Trd, 4319298.593, 119
Trd, 4319299.243, 139
Trd, 4319299.593, 97
Trd, 4319300.493, 63
Trd, 4319300.843, 72
Trd, 4319301.893, 71
Trd, 4319301.943, 67
Trd, 4319302.493, 62
Trd, 4319303.793, 81
Trd, 4319304.593, 79
Trd, 4319305.743, 87
Trd, 4319305.843, 92
Trd, 4319306.143, 87
Trd, 4319306.593, 100
Trd, 4319306.943, 91
Trd, 4319309.343, 60
Trd, 4319309.893, 63
Trd, 4319310.193, 64
Trd, 4319310.993, 62
Trd, 4319311.543, 116
Trd, 4319311.993, 64
Trd, 4319312.343, 93
Trd, 4319312.693, 65
Trd, 4319313.443, 74
Trd, 4319314.193, 68
Trd, 4319315.293, 81
Trd, 4319316.743, 69
Trd, 4319317.093, 64
Trd, 4319317.293, 140
Trd, 4319319.243, 108
Trd, 4319319.293, 107
Trd, 4319319.693, 101
Trd, 4319320.043, 86
Trd, 4319321.543, 135
Trd, 4319321.793, 118
Trd, 4319322.393, 118
Trd, 4319324.193, 70
Trd, 4319324.543, 98
Trd, 4319324.693, 75
Trd, 4319324.793, 70
Trd, 4319325.593, 122
Trd, 4319325.643, 74
Trd, 4319327.093, 106
Trd, 4319328.693, 103
Trd, 4319328.943, 118
Trd, 4319329.043, 113
Trd, 4319329.293, 80
Trd, 4319330.443, 63
Trd, 4319331.243, 129
Trd, 4319331.593, 101
Trd, 4319331.693, 95
Trd, 4319332.243, 92
Trd, 4319333.493, 115
Trd, 4319333.593, 94
Trd, 4319333.893, 93
Trd, 4319335.793, 104
Trd, 4319336.043, 100
Trd, 4319336.393, 99
Trd, 4319336.743, 93
Trd, 4319337.293, 124
Trd, 4319337.993, 102
Trd, 4319338.293, 93
Trd, 4319339.293, 133
Trd, 4319339.343, 134
Trd, 4319339.943, 63
Trd, 4319342.243, 61
Trd, 4319342.293, 78
Trd, 4319343.593, 75
Trd, 4319343.843, 101
Trd, 4319344.693, 64
Trd, 4319344.943, 65
Trd, 4319345.043, 63
Trd, 4319345.543, 97
Trd, 4319347.243, 116
Trd, 4319347.693, 120
Trd, 4319348.443, 108
Trd, 4319348.943, 115
Trd, 4319349.693, 109
Trd, 4319349.843, 108
Trd, 4319350.893, 118
Trd, 4319351.093, 108
Trd, 4319352.493, 139
Trd, 4319353.343, 120
Trd, 4319353.693, 104
Trd, 4319353.793, 97
Trd, 4319354.643, 113
Trd, 4319355.693, 136
Trd, 4319356.243, 113
Trd, 4319357.093, 93
Trd, 4319357.693, 113
Trd, 4319357.993, 82
Trd, 4319358.143, 62
Trd, 4319358.743, 62
Trd, 4319359.093, 60
Trd, 4319360.843, 135
Trd, 4319360.943, 133
Trd, 4319361.393, 67
Trd, 4319362.793, 126
Trd, 4319362.843, 109
Trd, 4319363.393, 103
Trd, 4319363.643, 62
Trd, 4319364.443, 89
Trd, 4319365.393, 73
Trd, 4319366.743, 103
Trd, 4319367.093, 105
Trd, 4319367.493, 96
Trd, 4319367.593, 96
Trd, 4319369.743, 132
Trd, 4319369.793, 93
Trd, 4319370.093, 113
Trd, 4319371.893, 126
Trd, 4319372.643, 126
Trd, 4319373.543, 77
Trd, 4319373.743, 95
Trd, 4319373.843, 72
Trd, 4319374.343, 93
Trd, 4319374.693, 77
Trd, 4319375.293, 93
Trd, 4319376.993, 107
Trd, 4319378.443, 109
Trd, 4319378.943, 90
Trd, 4319379.543, 117
Trd, 4319379.843, 65
Trd, 4319381.043, 88
Trd, 4319381.393, 102
Trd, 4319382.693, 130
Trd, 4319383.843, 122
Trd, 4319384.093, 124
Trd, 4319384.243, 116
Trd, 4319384.893, 112
Trd, 4319385.343, 113
Trd, 4319385.393, 88
Trd, 4319387.293, 72
Trd, 4319387.643, 102
Trd, 4319387.793, 63
Trd, 4319388.443, 99
Trd, 4319389.093, 119
Trd, 4319390.343, 109
Trd, 4319391.193, 135
Trd, 4319391.243, 109
Trd, 4319392.693, 136
Trd, 4319393.843, 124
Trd, 4319394.793, 122
Trd, 4319395.893, 121
Trd, 4319396.093, 111
Trd, 4319396.143, 102
Trd, 4319396.693, 69
Trd, 4319397.393, 111
Trd, 4319397.893, 97
Trd, 4319398.193, 96
Trd, 4319398.493, 86
Trd, 4319398.993, 123
Trd, 4319399.293, 76
Trd, 4319400.143, 124
Trd, 4319400.993, 117
Trd, 4319401.793, 111
Trd, 4319401.893, 106
Trd, 4319403.343, 94
Trd, 4319403.993, 98
Trd, 4319404.993, 116
Trd, 4319406.293, 131
Trd, 4319406.343, 131
Trd, 4319406.493, 94
Trd, 4319408.893, 64
Trd, 4319408.993, 79
Trd, 4319410.243, 66
Trd, 4319411.043, 60
Trd, 4319411.643, 119
Trd, 4319412.193, 108
Trd, 4319413.043, 107
Trd, 4319413.343, 101
Trd, 4319413.643, 98
Trd, 4319413.793, 91
Trd, 4319414.393, 85
Trd, 4319415.293, 85
Trd, 4319415.343, 84
Trd, 4319415.893, 112
Trd, 4319416.043, 109
Trd, 4319417.593, 83
Trd, 4319417.993, 138
Trd, 4319418.893, 95
Trd, 4319419.893, 77
Trd, 4319420.043, 75
Trd, 4319420.543, 62
Trd, 4319420.843, 67
Trd, 4319421.743, 61
Trd, 4319423.093, 107
Trd, 4319423.793, 101
Trd, 4319423.893, 101
Trd, 4319423.993, 80
Trd, 4319424.243, 114
Trd, 4319425.993, 80
Trd, 4319426.093, 63
Trd, 4319426.593, 89
Trd, 4319427.393, 70
Trd, 4319429.193, 117
Trd, 4319429.493, 138
Trd, 4319429.893, 135
Trd, 4319430.143, 131
Trd, 4319430.643, 114
Trd, 4319431.593, 120
Trd, 4319431.843, 111
Trd, 4319432.643, 73
Trd, 4319433.743, 62
Trd, 4319433.793, 66
Trd, 4319437.193, 60
Trd, 4319438.093, 63
Trd, 4319438.493, 60
Trd, 4319438.793, 64
Trd, 4319440.443, 60
Trd, 4319440.843, 63
Trd, 4319441.993, 102
Trd, 4319442.193, 129
Trd, 4319442.293, 102
Trd, 4319443.193, 137
Trd, 4319443.393, 136
Trd, 4319443.593, 112
Trd, 4319445.443, 128
Trd, 4319446.693, 120
Trd, 4319446.843, 102
Trd, 4319447.393, 94
Trd, 4319448.543, 75
Trd, 4319449.093, 70
Trd, 4319449.193, 71
Trd, 4319449.793, 94
Trd, 4319452.093, 110
Trd, 4319452.843, 99
Trd, 4319453.393, 97
Trd, 4319453.493, 74
Trd, 4319454.543, 105
Trd, 4319454.793, 118
Trd, 4319455.143, 93
Trd, 4319455.593, 124
Trd, 4319455.743, 123
Trd, 4319456.393, 98
Trd, 4319456.793, 72
Trd, 4319457.593, 132
Trd, 4319459.343, 69
Trd, 4319460.543, 66
Trd, 4319461.293, 65
Trd, 4319461.343, 66
Trd, 4319461.893, 77
Trd, 4319462.043, 93
Trd, 4319462.693, 84
Trd, 4319463.493, 86
Trd, 4319464.193, 110
Trd, 4319465.343, 76
Trd, 4319465.743, 76
Trd, 4319466.643, 60
Trd, 4319466.993, 66
Trd, 4319467.593, 64
Trd, 4319468.543, 65
Trd, 4319469.093, 62
Trd, 4319471.243, 60
Trd, 4319471.943, 86
Trd, 4319472.143, 96
Trd, 4319473.143, 119
Trd, 4319474.293, 135
Trd, 4319474.443, 123
Trd, 4319474.743, 76
Trd, 4319475.593, 71
Trd, 4319475.843, 90
Trd, 4319478.343, 108
Trd, 4319478.443, 100
Trd, 4319479.093, 89
Trd, 4319479.393, 104
Trd, 4319479.443, 100
Trd, 4319479.843, 76
Trd, 4319480.893, 72
Trd, 4319481.293, 67
Trd, 4319481.393, 83
Trd, 4319482.793, 110
Trd, 4319482.843, 88
Trd, 4319483.043, 140
Trd, 4319486.043, 63
Trd, 4319486.493, 60
Trd, 4319487.093, 62
Trd, 4319487.143, 62
Trd, 4319488.093, 83
Trd, 4319489.693, 116
Trd, 4319490.093, 112
Trd, 4319491.893, 134
Trd, 4319491.943, 132
Trd, 4319493.743, 137
Trd, 4319494.193, 132
Trd, 4319494.343, 125
Trd, 4319494.693, 106
Trd, 4319495.093, 107
Trd, 4319496.393, 68
Trd, 4319496.693, 67
Trd, 4319498.143, 85
Trd, 4319498.243, 135
Trd, 4319498.793, 124
Trd, 4319499.543, 140
Trd, 4319500.243, 100
Trd, 4319500.893, 124
Trd, 4319501.893, 93
Trd, 4319501.993, 93
Trd, 4319502.693, 101
Trd, 4319503.043, 87
Trd, 4319503.543, 60
Trd, 4319505.843, 140
Trd, 4319505.893, 138
Trd, 4319506.343, 138
Trd, 4319506.743, 125
Trd, 4319507.293, 116
Trd, 4319507.593, 122
Trd, 4319507.993, 108
Trd, 4319508.593, 112
Trd, 4319508.743, 112
Trd, 4319509.843, 115
Trd, 4319510.243, 103
Trd, 4319510.893, 86
Trd, 4319511.443, 71
Trd, 4319512.993, 72
Trd, 4319514.193, 82
Trd, 4319515.643, 139
Trd, 4319515.943, 140
Trd, 4319516.493, 131
Trd, 4319516.793, 132
Trd, 4319517.793, 79
Trd, 4319518.393, 60
Trd, 4319519.143, 80
Trd, 4319519.693, 134
Trd, 4319519.943, 128
Trd, 4319520.643, 114
Trd, 4319521.093, 114
Trd, 4319521.793, 77
Trd, 4319522.843, 68
Trd, 4319523.093, 68
Trd, 4319524.443, 65
Trd, 4319524.743, 62
Trd, 4319524.993, 80
Trd, 4319525.743, 78
Trd, 4319526.343, 128
Trd, 4319526.593, 74
Trd, 4319527.593, 64
Trd, 4319529.193, 62
Trd, 4319530.093, 75
Trd, 4319530.143, 101
Trd, 4319530.743, 60
Trd, 4319531.793, 61
Trd, 4319532.243, 67
Trd, 4319532.693, 63
Trd, 4319533.693, 96
Trd, 4319534.943, 62
Trd, 4319535.193, 65
Trd, 4319535.443, 60
Trd, 4319536.643, 71
Trd, 4319536.793, 65
Trd, 4319538.143, 64
Trd, 4319538.493, 68
Trd, 4319539.543, 131
Trd, 4319540.243, 130
Trd, 4319540.593, 86
Trd, 4319541.043, 82
Trd, 4319541.593, 108
Trd, 4319542.093, 98
Trd, 4319542.143, 64
Trd, 4319542.743, 70
Trd, 4319545.443, 82
Trd, 4319546.443, 60
Trd, 4319546.593, 80
Trd, 4319546.893, 96
Trd, 4319547.343, 120
Trd, 4319547.993, 123
Trd, 4319548.093, 113
Trd, 4319549.343, 69
Trd, 4319550.843, 104
Trd, 4319551.443, 111
Trd, 4319551.493, 110
Trd, 4319551.893, 82
Trd, 4319552.243, 81
Trd, 4319553.093, 67
Trd, 4319553.143, 87
Trd, 4319554.693, 61
Trd, 4319555.043, 60
Trd, 4319555.193, 70
Trd, 4319555.293, 79
Trd, 4319557.243, 103
Trd, 4319557.443, 103
Trd, 4319558.093, 94
Trd, 4319559.043, 104
Trd, 4319559.643, 89
Trd, 4319560.643, 124
Trd, 4319561.993, 114
Trd, 4319562.143, 118
Trd, 4319562.293, 114
Trd, 4319562.593, 139
Trd, 4319563.093, 105
Trd, 4319564.243, 101
Trd, 4319564.593, 83
Trd, 4319565.443, 61
Trd, 4319565.743, 73
Trd, 4319566.093, 65
Trd, 4319568.443, 61
Trd, 4319569.093, 61
Trd, 4319569.343, 71
Trd, 4319570.643, 60
Trd, 4319571.193, 63
Trd, 4319571.793, 67
Trd, 4319571.993, 76
Trd, 4319573.093, 86
Trd, 4319573.643, 103
Trd, 4319574.593, 112
Trd, 4319574.943, 88
Trd, 4319575.993, 107
Trd, 4319576.243, 107
Trd, 4319576.443, 106
Trd, 4319576.643, 140
Trd, 4319577.593, 78
Trd, 4319578.143, 126
Trd, 4319578.243, 101
Trd, 4319579.143, 131
Trd, 4319581.643, 63
Trd, 4319582.843, 66
Trd, 4319582.943, 78
Trd, 4319583.243, 78
Trd, 4319583.293, 111
Trd, 4319583.493, 65
Trd, 4319584.393, 62
Trd, 4319584.993, 75
Trd, 4319586.093, 89
Trd, 4319586.143, 90
Trd, 4319586.393, 110
Trd, 4319587.743, 74
Trd, 4319588.143, 83
Trd, 4319588.443, 73
Trd, 4319590.193, 93
Trd, 4319590.543, 66
Trd, 4319590.643, 80
Trd, 4319591.343, 96
Trd, 4319593.343, 61
Trd, 4319594.143, 74
Trd, 4319594.893, 103
Trd, 4319596.193, 119
Trd, 4319596.243, 119
Trd, 4319597.043, 104
Trd, 4319597.643, 94
Trd, 4319598.443, 62
Trd, 4319598.843, 66
Trd, 4319600.143, 68
Trd, 4319600.993, 63
Trd, 4319601.293, 102
Trd, 4319602.093, 97
Trd, 4319602.143, 101
Trd, 4319603.393, 126
Trd, 4319603.443, 126
Trd, 4319605.193, 116
Trd, 4319606.593, 137
Trd, 4319606.793, 128
Trd, 4319607.193, 137
Trd, 4319607.593, 82
Trd, 4319608.293, 111
Trd, 4319609.993, 72
Trd, 4319610.993, 102
Trd, 4319611.093, 102
Trd, 4319611.743, 97
Trd, 4319612.043, 76
Trd, 4319612.093, 73
Trd, 4319612.343, 71
Trd, 4319612.643, 133
Trd, 4319613.493, 60
Trd, 4319614.743, 122
Trd, 4319615.893, 111
Trd, 4319616.443, 110
Trd, 4319617.143, 98
Trd, 4319617.743, 127
Trd, 4319617.793, 95
Trd, 4319618.543, 80
Trd, 4319620.143, 135
Trd, 4319620.593, 92
Trd, 4319620.693, 85
Trd, 4319620.893, 77
Trd, 4319621.643, 121
Trd, 4319623.643, 97
Trd, 4319624.493, 105
Trd, 4319624.893, 117
Trd, 4319625.093, 95
Trd, 4319625.543, 94
Trd, 4319625.643, 94
Trd, 4319627.443, 105
Trd, 4319628.643, 98
Trd, 4319628.743, 98
Trd, 4319628.843, 89
Trd, 4319630.293, 117
Trd, 4319630.393, 106
Trd, 4319631.243, 124
Trd, 4319632.043, 116
Trd, 4319633.743, 136
Trd, 4319634.443, 116
Trd, 4319635.243, 94
Trd, 4319635.443, 124
Trd, 4319635.943, 82
Trd, 4319636.743, 129
Trd, 4319638.343, 139
Trd, 4319638.393, 129
Trd, 4319639.243, 65
Trd, 4319640.793, 66
Trd, 4319641.393, 60
Trd, 4319641.893, 60
Trd, 4319643.193, 132
Trd, 4319643.493, 116
Trd, 4319643.793, 101
Trd, 4319644.343, 66
Trd, 4319644.843, 128
Trd, 4319644.943, 118
Trd, 4319645.593, 65
Trd, 4319645.893, 65
Trd, 4319646.543, 72
Trd, 4319647.193, 84
Trd, 4319647.243, 75
Trd, 4319649.543, 135
Trd, 4319650.393, 120
Trd, 4319650.443, 120
Trd, 4319650.893, 119
Trd, 4319651.193, 109
Trd, 4319652.243, 117
Trd, 4319652.893, 96
Trd, 4319654.543, 132
Trd, 4319654.743, 110
Trd, 4319655.443, 93
Trd, 4319655.493, 63
Trd, 4319656.343, 90
Trd, 4319657.293, 65
Trd, 4319658.743, 65
Trd, 4319658.943, 61
Trd, 4319659.593, 134
Trd, 4319661.143, 108
Trd, 4319661.593, 131
Trd, 4319661.843, 119
Trd, 4319661.993, 109
Trd, 4319662.143, 87
Trd, 4319662.693, 90
Trd, 4319663.843, 64
Trd, 4319664.343, 110
Trd, 4319666.393, 120
Trd, 4319666.643, 113
Trd, 4319667.443, 135
Trd, 4319667.893, 126
Trd, 4319668.293, 114
Trd, 4319669.743, 63
Trd, 4319669.843, 68
Trd, 4319669.943, 100
Trd, 4319670.193, 70
Trd, 4319670.643, 101
Trd, 4319672.693, 102
Trd, 4319672.993, 102
Trd, 4319673.843, 117
Trd, 4319674.393, 100
Trd, 4319674.693, 125
Trd, 4319675.693, 125
Trd, 4319676.543, 103
Trd, 4319677.893, 97
Trd, 4319678.343, 112
Trd, 4319678.643, 91
Trd, 4319678.843, 90
Trd, 4319679.043, 75
Trd, 4319679.343, 124
Trd, 4319682.793, 60
Trd, 4319682.993, 71
Trd, 4319683.093, 83
Trd, 4319683.643, 104
Trd, 4319683.893, 67
Trd, 4319684.343, 64
Trd, 4319685.993, 100
Trd, 4319686.693, 82
Trd, 4319687.143, 72
Trd, 4319687.993, 68
Trd, 4319689.543, 130
Trd, 4319689.593, 129
Trd, 4319690.193, 115
Trd, 4319690.393, 118
Trd, 4319691.393, 110
Trd, 4319691.443, 100
Trd, 4319691.943, 105
Trd, 4319692.893, 121
Trd, 4319693.543, 130
Trd, 4319694.393, 137
Trd, 4319694.693, 129
Trd, 4319694.943, 120
Trd, 4319695.443, 61
Trd, 4319696.193, 60
Trd, 4319696.943, 72
Trd, 4319699.043, 98
Trd, 4319699.543, 131
Trd, 4319699.593, 119
Trd, 4319700.393, 120
Trd, 4319700.543, 120
Trd, 4319701.693, 96
Trd, 4319701.793, 95
Trd, 4319702.843, 133
Trd, 4319702.993, 133
Trd, 4319703.643, 92
Trd, 4319704.243, 85
Trd, 4319705.593, 109
Trd, 4319706.043, 65
Trd, 4319706.693, 82
Trd, 4319708.793, 65
Trd, 4319708.943, 66
Trd, 4319709.743, 65
Trd, 4319710.643, 106
Trd, 4319711.543, 111
Trd, 4319712.243, 116
Trd, 4319713.193, 80
Trd, 4319713.393, 82
Trd, 4319713.693, 92
Trd, 4319713.793, 79
Trd, 4319714.743, 104
Trd, 4319715.243, 101
Trd, 4319717.343, 73
Trd, 4319717.993, 82
Trd, 4319719.343, 88
Trd, 4319719.443, 79
Trd, 4319719.743, 72
Trd, 4319719.893, 72
Trd, 4319720.843, 93
Trd, 4319721.043, 93
Trd, 4319721.093, 88
Trd, 4319722.243, 70
Trd, 4319723.093, 64
Trd, 4319725.143, 78
Trd, 4319726.143, 99
Trd, 4319726.493, 100
Trd, 4319726.593, 89
Trd, 4319728.543, 130
Trd, 4319728.693, 129
Trd, 4319728.893, 117
Trd, 4319729.443, 74
Trd, 4319730.143, 108
Trd, 4319730.943, 85
Trd, 4319731.243, 74
Trd, 4319731.293, 89
Trd, 4319731.593, 64
Trd, 4319731.893, 128
Trd, 4319733.593, 66
Trd, 4319734.243, 66
Trd, 4319734.993, 84
Trd, 4319735.593, 66
Trd, 4319736.293, 64
Trd, 4319736.493, 64
Trd, 4319736.693, 67
Trd, 4319737.093, 65
Trd, 4319739.093, 85
Trd, 4319739.193, 87
Trd, 4319739.343, 68
Trd, 4319739.843, 68
Trd, 4319740.293, 77
Trd, 4319740.643, 71
Trd, 4319741.543, 119
Trd, 4319742.243, 119
Trd, 4319743.393, 118
Trd, 4319744.343, 103
Trd, 4319745.643, 109
Trd, 4319746.543, 139
Trd, 4319746.643, 126
Trd, 4319747.043, 126
Trd, 4319747.093, 101
Trd, 4319748.143, 92
Trd, 4319748.443, 91
Trd, 4319748.993, 88
Trd, 4319751.393, 118
Trd, 4319751.443, 100
Trd, 4319751.593, 128
Trd, 4319753.243, 90
Trd, 4319753.493, 90
Trd, 4319754.493, 110
Trd, 4319755.843, 92
Trd, 4319755.943, 138
Trd, 4319756.443, 105
Trd, 4319756.543, 96
Trd, 4319756.843, 108
Trd, 4319758.343, 137
Trd, 4319758.593, 127
Trd, 4319758.743, 130
Trd, 4319760.043, 122
Trd, 4319760.193, 121
Trd, 4319760.293, 112
Trd, 4319760.893, 104
Trd, 4319760.943, 104
Trd, 4319762.343, 60
Trd, 4319762.393, 78
Trd, 4319763.343, 62
Trd, 4319765.743, 65
Trd, 4319766.493, 69
Trd, 4319766.943, 69
Trd, 4319767.993, 74
Trd, 4319768.943, 92
Trd, 4319769.393, 110
Trd, 4319769.693, 69
Trd, 4319770.093, 60
Trd, 4319770.143, 124
Trd, 4319770.393, 107
Trd, 4319771.043, 98
Trd, 4319771.743, 127
Trd, 4319773.443, 78
Trd, 4319773.593, 75
Trd, 4319774.293, 95
Trd, 4319774.443, 80
Trd, 4319774.593, 71
Trd, 4319775.693, 61
Trd, 4319776.593, 78
Trd, 4319776.993, 79
Trd, 4319777.093, 68
Trd, 4319777.193, 68
Trd, 4319777.643, 63
Trd, 4319778.993, 98
Trd, 4319779.643, 88
Trd, 4319779.793, 83
Trd, 4319780.143, 88
Trd, 4319780.943, 136
Trd, 4319781.793, 126
Trd, 4319782.393, 130
Trd, 4319782.543, 106
Trd, 4319782.993, 91
Trd, 4319783.693, 75
Trd, 4319785.543, 112
Trd, 4319785.743, 125
Trd, 4319786.593, 106
Trd, 4319788.643, 74
Trd, 4319788.793, 70
Trd, 4319790.193, 117
Trd, 4319790.543, 129
Trd, 4319791.443, 125
Trd, 4319792.193, 118
Trd, 4319792.643, 115
Trd, 4319792.743, 108
Trd, 4319793.093, 93
Trd, 4319795.043, 113
Trd, 4319795.093, 111
Trd, 4319795.343, 80
Trd, 4319796.493, 130
Trd, 4319796.793, 121
Trd, 4319797.993, 126
Trd, 4319798.593, 117
Trd, 4319799.893, 122
Trd, 4319799.943, 112
Trd, 4319800.543, 133
Trd, 4319800.593, 122
Trd, 4319801.193, 108
Trd, 4319801.393, 108
Trd, 4319803.193, 68
Trd, 4319803.993, 113
Trd, 4319804.143, 109
Trd, 4319804.793, 108
Trd, 4319805.943, 97
Trd, 4319806.393, 117
Trd, 4319807.343, 126
Trd, 4319807.943, 125
Trd, 4319808.093, 114
Trd, 4319808.143, 121
Trd, 4319809.093, 122
Trd, 4319810.543, 135
Trd, 4319810.693, 121
Trd, 4319811.443, 110
Trd, 4319813.093, 116
Trd, 4319813.393, 134
Trd, 4319813.543, 77
Trd, 4319817.043, 113
Trd, 4319818.143, 108
Trd, 4319818.243, 99
Trd, 4319818.493, 86
Trd, 4319819.093, 111
Trd, 4319819.143, 106
Trd, 4319819.843, 85
Trd, 4319821.343, 70
Trd, 4319821.993, 93
Trd, 4319823.143, 110
Trd, 4319824.143, 104
Trd, 4319824.493, 69
Trd, 4319824.943, 98
Trd, 4319825.743, 61
Trd, 4319827.243, 107
Trd, 4319827.443, 77
Trd, 4319827.543, 94
Trd, 4319829.393, 71
Trd, 4319830.193, 71
Trd, 4319830.493, 68
Trd, 4319831.043, 70
Trd, 4319831.093, 79
Trd, 4319831.343, 65
Trd, 4319831.593, 67
Trd, 4319832.343, 66
Trd, 4319832.793, 94
Trd, 4319834.593, 106
Trd, 4319835.193, 138
Trd, 4319835.293, 88
Trd, 4319835.493, 96
Trd, 4319835.593, 83
Trd, 4319836.943, 60
Trd, 4319838.193, 62
Trd, 4319838.943, 107
Trd, 4319840.243, 106
Trd, 4319840.393, 128
Trd, 4319840.893, 98
Trd, 4319842.493, 98
Trd, 4319843.793, 138
Trd, 4319843.893, 137
Trd, 4319845.143, 115
Trd, 4319845.293, 85
Trd, 4319845.543, 104
Trd, 4319846.193, 127
Trd, 4319846.843, 94
Trd, 4319846.943, 94
Trd, 4319847.493, 125
Trd, 4319848.493, 116
Trd, 4319850.193, 129
Trd, 4319850.943, 115
Trd, 4319851.643, 120
Trd, 4319851.793, 110
Trd, 4319852.243, 108
Trd, 4319853.143, 108
Trd, 4319854.293, 124
Trd, 4319854.643, 99
Trd, 4319855.093, 123
Trd, 4319856.893, 105
Trd, 4319856.993, 95
Trd, 4319857.093, 72
Trd, 4319857.643, 113
Trd, 4319858.193, 137
Trd, 4319858.593, 103
Trd, 4319858.643, 102
Trd, 4319859.193, 96
Trd, 4319859.993, 110
Trd, 4319861.243, 134
Trd, 4319862.393, 94
Trd, 4319863.093, 108
Trd, 4319863.343, 109
Trd, 4319864.593, 111
Trd, 4319865.193, 122
Trd, 4319865.443, 122
Trd, 4319866.093, 112
Trd, 4319866.593, 103
Trd, 4319867.443, 127
Trd, 4319868.493, 99
Trd, 4319868.643, 92
Trd, 4319868.743, 76
Trd, 4319869.043, 63
Trd, 4319869.893, 107
Trd, 4319871.443, 62
Trd, 4319871.543, 73
Trd, 4319872.543, 82
Trd, 4319873.143, 84
Trd, 4319873.943, 120
Trd, 4319874.043, 120
Trd, 4319875.393, 110
Trd, 4319876.093, 74
Trd, 4319876.743, 75
Trd, 4319877.493, 100
Trd, 4319877.793, 117
Trd, 4319878.393, 61
Trd, 4319879.193, 69
Trd, 4319879.743, 60
Trd, 4319880.643, 82
Trd, 4319881.793, 66
Trd, 4319882.893, 81
Trd, 4319883.043, 80
Trd, 4319883.993, 118
Trd, 4319884.643, 67
Trd, 4319884.693, 64
Trd, 4319885.543, 90
Trd, 4319886.743, 96
Trd, 4319887.743, 74
Trd, 4319888.043, 107
Trd, 4319888.443, 117
Trd, 4319889.343, 114
Trd, 4319889.493, 86
Trd, 4319889.843, 60
Trd, 4319890.343, 80
Trd, 4319892.143, 90
Trd, 4319892.343, 111
Trd, 4319892.393, 78
Trd, 4319893.993, 69
Trd, 4319894.543, 73
Trd, 4319894.693, 71
Trd, 4319895.643, 61
Trd, 4319896.243, 73
Trd, 4319898.393, 61
Trd, 4319898.793, 99
Trd, 4319899.993, 109
Trd, 4319900.193, 119
Trd, 4319900.293, 122
Trd, 4319901.093, 136
Trd, 4319901.293, 123
Trd, 4319901.993, 67
Trd, 4319902.643, 124
Trd, 4319903.643, 132
Trd, 4319903.843, 132
Trd, 4319904.243, 131
Trd, 4319904.293, 120
Trd, 4319904.443, 89
Trd, 4319905.393, 69
Trd, 4319906.293, 85
Trd, 4319906.443, 61
Trd, 4319906.693, 66
Trd, 4319906.993, 87
Trd, 4319910.343, 131
Trd, 4319910.493, 131
Trd, 4319910.793, 122
Trd, 4319911.343, 133
Trd, 4319911.943, 118
Trd, 4319912.343, 107
Trd, 4319912.793, 102
Trd, 4319912.893, 102
Trd, 4319914.093, 138
Trd, 4319914.943, 103
Trd, 4319915.193, 102
Trd, 4319915.793, 69
Trd, 4319917.193, 68
Trd, 4319917.293, 69
Trd, 4319918.293, 73
Trd, 4319919.393, 96
Trd, 4319920.593, 69
Trd, 4319920.643, 70
Trd, 4319921.793, 64
Trd, 4319923.043, 79
Trd, 4319923.393, 129
Trd, 4319923.793, 86
Trd, 4319923.993, 85
Trd, 4319925.143, 71
Trd, 4319925.943, 104
Trd, 4319926.193, 83
Trd, 4319926.993, 108
Trd, 4319927.343, 81
Trd, 4319927.893, 96
Trd, 4319928.243, 78
Trd, 4319930.343, 71
Trd, 4319930.843, 73
Trd, 4319931.743, 70
Trd, 4319933.643, 106
Trd, 4319934.243, 105
Trd, 4319934.343, 139
Trd, 4319934.393, 103
Trd, 4319934.493, 90
Trd, 4319935.493, 103
Trd, 4319936.343, 88
Trd, 4319937.393, 64
Trd, 4319937.843, 84
Trd, 4319939.093, 102
Trd, 4319940.143, 106
Trd, 4319940.393, 134
Trd, 4319940.743, 106
Trd, 4319940.843, 106
Trd, 4319941.193, 90
Trd, 4319942.343, 65
Trd, 4319943.243, 68
Trd, 4319943.293, 64
Trd, 4319943.793, 60
Trd, 4319943.843, 62
Trd, 4319944.993, 100
Trd, 4319946.043, 95
Trd, 4319946.293, 90
Trd, 4319946.943, 72
Trd, 4319947.443, 60
Trd, 4319948.293, 97
Trd, 4319950.393, 61
Trd, 4319951.193, 83
Trd, 4319951.493, 111
Trd, 4319952.193, 115
Trd, 4319953.343, 130
Trd, 4319953.893, 97
Trd, 4319954.193, 94
Trd, 4319956.743, 130
Trd, 4319957.093, 122
Trd, 4319957.293, 121
Trd, 4319957.543, 103
Trd, 4319959.443, 108
Trd, 4319959.593, 105
Trd, 4319959.643, 104
Trd, 4319962.143, 139
Trd, 4319962.893, 110
Trd, 4319963.043, 101
Trd, 4319963.193, 100
Trd, 4319963.593, 99
Trd, 4319964.093, 65
Trd, 4319965.093, 61
Trd, 4319965.843, 61
Trd, 4319966.193, 72
Trd, 4319968.193, 97
Trd, 4319968.293, 96
Trd, 4319968.393, 96
Trd, 4319968.493, 96
Trd, 4319969.993, 126
Trd, 4319971.393, 134
Trd, 4319972.193, 133
Trd, 4319972.243, 112
Trd, 4319973.093, 138
Trd, 4319973.143, 126
Trd, 4319973.543, 81
Trd, 4319975.043, 116
Trd, 4319975.243, 116
Trd, 4319975.543, 118
Trd, 4319976.693, 119
Trd, 4319978.193, 123
Trd, 4319978.593, 137
Trd, 4319978.993, 125
Trd, 4319979.343, 125
Trd, 4319979.493, 69
Trd, 4319979.943, 64
Trd, 4319981.843, 63
Trd, 4319982.193, 127
Trd, 4319982.893, 100
Trd, 4319983.393, 136
Trd, 4319983.743, 95
Trd, 4319985.143, 117
Trd, 4319985.393, 117
Trd, 4319987.593, 131
Trd, 4319987.643, 126
Trd, 4319987.893, 112
Trd, 4319988.193, 111
Trd, 4319989.543, 109
Trd, 4319989.643, 84
Trd, 4319990.243, 63
Trd, 4319990.893, 60
Trd, 4319991.443, 60
Trd, 4319991.693, 66
Trd, 4319992.093, 91
Trd, 4319993.393, 61
Trd, 4319993.693, 62
Trd, 4319994.293, 78
Trd, 4319995.143, 65
Trd, 4319996.093, 70
Trd, 4319996.143, 62
Trd, 4319996.243, 83
Trd, 4319997.643, 85
Trd, 4319998.193, 110
Trd, 4319999.493, 100
