Trd, 4318189.643, 140
Trd, 4318190.943, 140
Trd, 4318190.993, 140
Trd, 4318192.993, 140
Trd, 4318193.143, 140
Trd, 4318193.293, 139
Trd, 4318193.443, 139
Trd, 4318194.293, 139
Trd, 4318194.393, 120
Trd, 4318195.943, 140
Trd, 4318197.443, 140
Trd, 4318197.993, 140
Trd, 4318198.193, 139
Trd, 4318198.743, 140
Trd, 4318199.043, 140
Trd, 4318199.093, 134
Trd, 4318199.743, 139
Trd, 4318200.543, 140
Trd, 4318200.993, 140
Trd, 4318202.243, 140
Trd, 4318202.593, 140
Trd, 4318203.043, 140
Trd, 4318203.193, 140
Trd, 4318203.443, 140
Trd, 4318205.243, 140
Trd, 4318205.443, 140
Trd, 4318207.293, 140
Trd, 4318207.843, 139
Trd, 4318208.743, 140
Trd, 4318209.993, 140
Trd, 4318210.043, 140
Trd, 4318210.093, 140
Trd, 4318210.443, 140
Trd, 4318210.843, 140
Trd, 4318210.893, 139
Trd, 4318211.443, 140
Trd, 4318211.993, 140
Trd, 4318212.493, 140
Trd, 4318213.743, 140
Trd, 4318214.543, 140
Trd, 4318215.843, 140
Trd, 4318215.943, 140
Trd, 4318216.343, 136
Trd, 4318217.443, 140
Trd, 4318217.643, 140
Trd, 4318218.343, 140
Trd, 4318218.493, 138
Trd, 4318219.543, 140
Trd, 4318220.043, 138
Trd, 4318220.593, 60
Trd, 4318220.943, 139
Trd, 4318221.793, 140
Trd, 4318222.793, 138
Trd, 4318222.943, 137
Trd, 4318224.593, 60
Trd, 4318225.143, 60
Trd, 4318225.693, 64
Trd, 4318226.443, 64
Trd, 4318226.743, 62
Trd, 4318227.743, 61
Trd, 4318228.043, 61
Trd, 4318229.093, 60
Trd, 4318229.143, 60
Trd, 4318229.843, 61
Trd, 4318230.593, 60
Trd, 4318230.743, 62
Trd, 4318231.293, 62
Trd, 4318231.643, 64
Trd, 4318232.493, 87
Trd, 4318233.293, 140
Trd, 4318234.043, 139
Trd, 4318234.493, 139
Trd, 4318234.893, 138
Trd, 4318235.293, 66
Trd, 4318236.243, 140
Trd, 4318236.693, 140
Trd, 4318237.243, 139
Trd, 4318238.443, 72
Trd, 4318238.893, 61
Trd, 4318239.293, 63
Trd, 4318239.893, 60
Trd, 4318240.343, 60
Trd, 4318241.443, 60
Trd, 4318241.693, 61
Trd, 4318241.943, 139
Trd, 4318242.743, 140
Trd, 4318243.293, 140
Trd, 4318244.343, 139
Trd, 4318245.093, 140
Trd, 4318245.643, 140
Trd, 4318245.743, 140
Trd, 4318246.893, 140
Trd, 4318247.693, 140
Trd, 4318247.793, 125
Trd, 4318248.693, 140
Trd, 4318248.843, 139
Trd, 4318249.693, 140
Trd, 4318249.943, 140
Trd, 4318250.593, 140
Trd, 4318251.393, 139
Trd, 4318251.843, 138
Trd, 4318252.643, 138
Trd, 4318253.643, 138
Trd, 4318253.743, 137
Trd, 4318254.343, 140
Trd, 4318255.093, 140
Trd, 4318255.493, 137
Trd, 4318256.843, 135
Trd, 4318257.143, 140
Trd, 4318258.693, 140
Trd, 4318259.193, 140
Trd, 4318259.443, 139
Trd, 4318260.093, 138
Trd, 4318260.843, 140
Trd, 4318262.093, 140
Trd, 4318262.193, 137
Trd, 4318263.193, 73
Trd, 4318263.593, 64
Trd, 4318263.843, 61
Trd, 4318264.343, 72
Trd, 4318264.743, 61
Trd, 4318266.893, 140
Trd, 4318267.543, 140
Trd, 4318268.343, 140
Trd, 4318268.493, 140
Trd, 4318268.643, 139
Trd, 4318269.643, 140
Trd, 4318269.893, 138
Trd, 4318271.543, 140
Trd, 4318272.693, 140
Trd, 4318273.443, 139
Trd, 4318273.493, 139
Trd, 4318273.843, 139
Trd, 4318274.143, 138
Trd, 4318274.343, 139
Trd, 4318275.993, 140
Trd, 4318276.543, 140
Trd, 4318277.593, 140
Trd, 4318277.993, 140
Trd, 4318278.893, 140
Trd, 4318279.443, 140
Trd, 4318279.493, 140
Trd, 4318280.693, 140
Trd, 4318280.793, 140
Trd, 4318281.143, 140
Trd, 4318282.043, 140
Trd, 4318282.143, 139
Trd, 4318282.543, 140
Trd, 4318283.493, 139
Trd, 4318284.393, 140
Trd, 4318285.493, 140
Trd, 4318286.593, 140
Trd, 4318286.643, 140
Trd, 4318287.093, 140
Trd, 4318287.843, 140
Trd, 4318288.593, 140
Trd, 4318289.893, 140
Trd, 4318290.293, 140
Trd, 4318290.893, 140
Trd, 4318292.343, 140
Trd, 4318292.393, 140
Trd, 4318292.993, 140
Trd, 4318293.043, 139
Trd, 4318294.293, 140
Trd, 4318294.543, 140
Trd, 4318294.893, 87
Trd, 4318295.443, 140
Trd, 4318295.743, 140
Trd, 4318296.743, 140
Trd, 4318297.343, 140
Trd, 4318298.293, 140
Trd, 4318298.943, 139
Trd, 4318299.043, 138
Trd, 4318299.943, 138
Trd, 4318299.993, 134
Trd, 4318300.543, 140
Trd, 4318300.693, 138
Trd, 4318301.393, 133
Trd, 4318301.993, 140
Trd, 4318302.843, 139
Trd, 4318304.043, 139
Trd, 4318305.293, 140
Trd, 4318306.243, 139
Trd, 4318306.443, 140
Trd, 4318306.943, 140
Trd, 4318307.443, 140
Trd, 4318308.043, 140
Trd, 4318308.093, 139
Trd, 4318308.993, 80
Trd, 4318309.343, 139
Trd, 4318309.693, 139
Trd, 4318309.893, 92
Trd, 4318311.093, 140
Trd, 4318311.693, 140
Trd, 4318312.043, 139
Trd, 4318313.143, 140
Trd, 4318313.343, 140
Trd, 4318315.243, 140
Trd, 4318315.393, 140
Trd, 4318315.943, 140
Trd, 4318316.993, 140
Trd, 4318317.043, 140
Trd, 4318317.893, 139
Trd, 4318318.793, 139
Trd, 4318319.243, 140
Trd, 4318319.293, 139
Trd, 4318320.343, 139
Trd, 4318320.443, 138
Trd, 4318320.543, 137
Trd, 4318320.943, 136
Trd, 4318322.393, 140
Trd, 4318323.093, 139
Trd, 4318323.893, 139
Trd, 4318324.893, 140
Trd, 4318325.093, 140
Trd, 4318325.643, 139
Trd, 4318325.693, 132
Trd, 4318326.743, 140
Trd, 4318328.143, 140
Trd, 4318328.193, 140
Trd, 4318328.643, 140
Trd, 4318330.943, 140
Trd, 4318331.393, 140
Trd, 4318331.593, 139
Trd, 4318332.743, 140
Trd, 4318333.793, 140
Trd, 4318334.543, 140
Trd, 4318334.743, 140
Trd, 4318335.293, 139
Trd, 4318335.443, 134
Trd, 4318335.593, 64
Trd, 4318336.643, 139
Trd, 4318336.943, 140
Trd, 4318337.743, 140
Trd, 4318338.693, 139
Trd, 4318338.893, 105
Trd, 4318340.193, 140
Trd, 4318340.743, 140
Trd, 4318341.143, 140
Trd, 4318342.593, 140
Trd, 4318343.193, 140
Trd, 4318343.693, 139
Trd, 4318344.293, 140
Trd, 4318344.643, 138
Trd, 4318344.993, 140
Trd, 4318346.743, 140
Trd, 4318347.493, 140
Trd, 4318347.793, 140
Trd, 4318348.743, 140
Trd, 4318349.443, 140
Trd, 4318349.943, 140
Trd, 4318351.543, 140
Trd, 4318351.843, 140
Trd, 4318351.893, 140
Trd, 4318352.243, 140
Trd, 4318353.243, 140
Trd, 4318353.393, 137
Trd, 4318354.193, 140
Trd, 4318354.643, 139
Trd, 4318355.493, 140
Trd, 4318355.843, 139
Trd, 4318356.143, 138
Trd, 4318357.143, 140
Trd, 4318357.793, 140
Trd, 4318358.143, 139
Trd, 4318358.843, 140
Trd, 4318359.693, 140
Trd, 4318361.593, 140
Trd, 4318361.893, 140
Trd, 4318362.443, 140
Trd, 4318362.643, 140
Trd, 4318363.443, 140
Trd, 4318363.843, 140
Trd, 4318366.043, 140
Trd, 4318366.543, 140
Trd, 4318366.943, 140
Trd, 4318367.093, 140
Trd, 4318367.243, 140
Trd, 4318368.293, 97
Trd, 4318369.243, 140
Trd, 4318370.293, 140
Trd, 4318370.543, 140
Trd, 4318370.693, 138
Trd, 4318371.043, 72
Trd, 4318371.693, 140
Trd, 4318372.143, 60
Trd, 4318372.643, 94
Trd, 4318373.243, 61
Trd, 4318373.443, 65
Trd, 4318374.743, 139
Trd, 4318375.093, 61
Trd, 4318375.293, 63
Trd, 4318376.293, 140
Trd, 4318376.843, 140
Trd, 4318377.093, 139
Trd, 4318377.893, 140
Trd, 4318378.643, 140
Trd, 4318379.693, 140
Trd, 4318380.893, 140
Trd, 4318381.693, 140
Trd, 4318382.393, 140
Trd, 4318382.793, 140
Trd, 4318382.993, 140
Trd, 4318383.643, 140
Trd, 4318385.893, 140
Trd, 4318386.243, 140
Trd, 4318386.893, 140
Trd, 4318386.943, 140
Trd, 4318387.793, 140
Trd, 4318388.393, 140
Trd, 4318388.743, 138
Trd, 4318390.393, 140
Trd, 4318390.443, 140
Trd, 4318391.243, 140
Trd, 4318392.843, 140
Trd, 4318393.143, 140
Trd, 4318393.593, 140
Trd, 4318393.843, 140
Trd, 4318394.243, 140
Trd, 4318394.893, 61
Trd, 4318394.943, 70
Trd, 4318395.143, 62
Trd, 4318397.543, 139
Trd, 4318398.043, 138
Trd, 4318398.493, 140
Trd, 4318398.943, 140
Trd, 4318398.993, 139
Trd, 4318399.643, 138
Trd, 4318399.843, 138
Trd, 4318399.943, 138
Trd, 4318400.393, 60
Trd, 4318401.343, 61
Trd, 4318401.943, 62
Trd, 4318403.543, 60
Trd, 4318404.543, 60
Trd, 4318404.693, 60
Trd, 4318404.893, 60
Trd, 4318405.043, 61
Trd, 4318406.093, 140
Trd, 4318406.193, 140
Trd, 4318406.793, 139
Trd, 4318407.593, 140
Trd, 4318407.643, 137
Trd, 4318408.193, 140
Trd, 4318409.093, 140
Trd, 4318409.593, 140
Trd, 4318409.643, 122
Trd, 4318410.043, 60
Trd, 4318412.043, 140
Trd, 4318412.393, 140
Trd, 4318413.043, 140
Trd, 4318413.143, 139
Trd, 4318413.843, 139
Trd, 4318414.893, 140
Trd, 4318414.993, 140
Trd, 4318415.943, 140
Trd, 4318416.093, 140
Trd, 4318416.693, 140
Trd, 4318417.593, 140
Trd, 4318417.643, 140
Trd, 4318417.743, 140
Trd, 4318418.893, 139
Trd, 4318420.093, 140
Trd, 4318420.143, 140
Trd, 4318420.393, 140
Trd, 4318420.893, 64
Trd, 4318421.193, 65
Trd, 4318421.543, 139
Trd, 4318422.943, 60
Trd, 4318422.993, 60
Trd, 4318423.043, 66
Trd, 4318424.793, 140
Trd, 4318425.043, 140
Trd, 4318425.493, 140
Trd, 4318426.693, 61
Trd, 4318427.293, 63
Trd, 4318427.593, 63
Trd, 4318427.693, 65
Trd, 4318428.593, 61
Trd, 4318428.993, 139
Trd, 4318429.893, 60
Trd, 4318430.143, 60
Trd, 4318430.593, 70
Trd, 4318431.043, 63
Trd, 4318432.343, 139
Trd, 4318432.793, 140
Trd, 4318432.993, 140
Trd, 4318433.743, 139
Trd, 4318434.243, 111
Trd, 4318435.193, 140
Trd, 4318435.393, 140
Trd, 4318436.193, 140
Trd, 4318436.743, 139
Trd, 4318438.093, 140
Trd, 4318438.593, 140
Trd, 4318438.643, 139
Trd, 4318438.743, 138
Trd, 4318439.843, 140
Trd, 4318440.293, 140
Trd, 4318441.093, 139
Trd, 4318442.343, 140
Trd, 4318442.443, 96
Trd, 4318443.493, 140
Trd, 4318443.643, 138
Trd, 4318444.443, 140
Trd, 4318444.643, 135
Trd, 4318445.643, 139
Trd, 4318446.793, 140
Trd, 4318447.293, 140
Trd, 4318447.943, 140
Trd, 4318448.643, 139
Trd, 4318449.043, 140
Trd, 4318450.143, 140
Trd, 4318450.743, 140
Trd, 4318450.943, 140
Trd, 4318452.243, 140
Trd, 4318452.443, 138
Trd, 4318453.093, 140
Trd, 4318453.143, 140
Trd, 4318454.943, 140
Trd, 4318455.243, 140
Trd, 4318455.443, 139
Trd, 4318456.243, 140
Trd, 4318456.343, 137
Trd, 4318457.543, 62
Trd, 4318458.243, 73
Trd, 4318458.443, 63
Trd, 4318458.993, 64
Trd, 4318459.593, 77
Trd, 4318459.793, 78
Trd, 4318460.293, 60
Trd, 4318460.493, 138
Trd, 4318462.093, 60
Trd, 4318462.543, 136
Trd, 4318463.443, 140
Trd, 4318463.693, 140
Trd, 4318464.293, 113
Trd, 4318464.443, 72
Trd, 4318464.893, 60
Trd, 4318465.393, 61
Trd, 4318465.593, 62
Trd, 4318466.143, 64
Trd, 4318467.443, 140
Trd, 4318468.593, 64
Trd, 4318468.993, 60
Trd, 4318469.093, 61
Trd, 4318469.593, 60
Trd, 4318469.893, 65
Trd, 4318470.193, 139
Trd, 4318471.243, 140
Trd, 4318472.143, 140
Trd, 4318472.493, 140
Trd, 4318473.043, 140
Trd, 4318473.943, 140
Trd, 4318474.143, 139
Trd, 4318475.243, 138
Trd, 4318475.693, 138
Trd, 4318476.943, 140
Trd, 4318477.293, 140
Trd, 4318478.143, 140
Trd, 4318478.643, 60
Trd, 4318479.943, 140
Trd, 4318480.643, 73
Trd, 4318481.093, 135
Trd, 4318481.893, 60
Trd, 4318482.043, 60
Trd, 4318482.343, 63
Trd, 4318482.693, 60
Trd, 4318483.743, 140
Trd, 4318484.543, 139
Trd, 4318485.443, 140
Trd, 4318485.793, 114
Trd, 4318485.993, 95
Trd, 4318486.393, 61
Trd, 4318487.293, 62
Trd, 4318488.993, 60
Trd, 4318489.193, 60
Trd, 4318489.293, 79
Trd, 4318489.843, 66
Trd, 4318490.043, 140
Trd, 4318490.943, 140
Trd, 4318491.393, 140
Trd, 4318491.893, 60
Trd, 4318492.343, 140
Trd, 4318493.043, 140
Trd, 4318494.593, 139
Trd, 4318495.093, 140
Trd, 4318495.793, 139
Trd, 4318496.693, 140
Trd, 4318496.743, 140
Trd, 4318497.243, 139
Trd, 4318497.893, 140
Trd, 4318498.043, 64
Trd, 4318498.443, 140
Trd, 4318500.043, 140
Trd, 4318500.193, 140
Trd, 4318500.693, 140
Trd, 4318501.493, 140
Trd, 4318502.243, 140
Trd, 4318503.243, 140
Trd, 4318504.693, 140
Trd, 4318505.743, 140
Trd, 4318506.293, 140
Trd, 4318506.543, 140
Trd, 4318506.943, 140
Trd, 4318507.643, 140
Trd, 4318508.093, 140
Trd, 4318508.343, 139
Trd, 4318508.743, 137
Trd, 4318508.893, 62
Trd, 4318510.393, 140
Trd, 4318511.043, 140
Trd, 4318511.093, 140
Trd, 4318512.343, 140
Trd, 4318512.743, 140
Trd, 4318514.893, 140
Trd, 4318515.293, 140
Trd, 4318515.943, 140
Trd, 4318516.243, 140
Trd, 4318516.543, 140
Trd, 4318516.843, 139
Trd, 4318519.143, 140
Trd, 4318519.343, 140
Trd, 4318519.443, 140
Trd, 4318519.743, 140
Trd, 4318520.293, 140
Trd, 4318520.543, 140
Trd, 4318521.593, 140
Trd, 4318521.843, 140
Trd, 4318523.443, 140
Trd, 4318524.593, 139
Trd, 4318524.643, 139
Trd, 4318526.543, 140
Trd, 4318527.743, 140
Trd, 4318528.043, 140
Trd, 4318528.193, 140
Trd, 4318528.443, 140
Trd, 4318528.993, 140
Trd, 4318529.793, 140
Trd, 4318529.943, 140
Trd, 4318530.043, 140
Trd, 4318530.643, 138
Trd, 4318532.043, 140
Trd, 4318532.193, 140
Trd, 4318532.293, 138
Trd, 4318532.893, 64
Trd, 4318533.743, 140
Trd, 4318534.293, 140
Trd, 4318535.043, 61
Trd, 4318535.793, 62
Trd, 4318536.043, 60
Trd, 4318536.543, 64
Trd, 4318536.993, 64
Trd, 4318537.443, 65
Trd, 4318538.993, 60
Trd, 4318539.343, 65
Trd, 4318539.743, 62
Trd, 4318539.893, 63
Trd, 4318540.043, 67
Trd, 4318540.343, 61
Trd, 4318541.793, 61
Trd, 4318541.893, 62
Trd, 4318542.393, 68
Trd, 4318542.693, 61
Trd, 4318543.343, 65
Trd, 4318544.043, 60
Trd, 4318544.393, 140
Trd, 4318544.493, 140
Trd, 4318545.993, 62
Trd, 4318546.093, 68
Trd, 4318546.793, 68
Trd, 4318547.143, 61
Trd, 4318548.493, 60
Trd, 4318549.093, 63
Trd, 4318549.743, 62
Trd, 4318549.893, 62
Trd, 4318551.193, 61
Trd, 4318552.243, 61
Trd, 4318552.543, 63
Trd, 4318552.643, 63
Trd, 4318553.143, 81
Trd, 4318553.943, 62
Trd, 4318554.743, 140
Trd, 4318554.893, 139
Trd, 4318555.443, 140
Trd, 4318556.343, 61
Trd, 4318556.443, 65
Trd, 4318556.793, 63
Trd, 4318557.293, 70
Trd, 4318558.193, 71
Trd, 4318558.943, 140
Trd, 4318559.593, 66
Trd, 4318560.243, 128
Trd, 4318560.843, 60
Trd, 4318561.493, 62
Trd, 4318561.593, 63
Trd, 4318561.993, 65
Trd, 4318563.143, 60
Trd, 4318563.393, 60
Trd, 4318563.843, 60
Trd, 4318564.493, 70
Trd, 4318564.843, 136
Trd, 4318565.843, 60
Trd, 4318566.743, 63
Trd, 4318566.893, 64
Trd, 4318567.943, 60
Trd, 4318568.493, 60
Trd, 4318568.843, 62
Trd, 4318569.043, 69
Trd, 4318569.393, 62
Trd, 4318570.343, 69
Trd, 4318571.143, 140
Trd, 4318571.493, 67
Trd, 4318571.993, 140
Trd, 4318572.643, 73
Trd, 4318573.293, 65
Trd, 4318573.493, 62
Trd, 4318574.493, 63
Trd, 4318574.593, 64
Trd, 4318576.293, 60
Trd, 4318576.743, 60
Trd, 4318577.343, 137
Trd, 4318578.043, 61
Trd, 4318578.093, 62
Trd, 4318578.243, 65
Trd, 4318578.943, 72
Trd, 4318579.893, 62
Trd, 4318580.293, 61
Trd, 4318581.443, 60
Trd, 4318581.993, 61
Trd, 4318582.343, 62
Trd, 4318583.143, 62
Trd, 4318583.643, 61
Trd, 4318583.943, 61
Trd, 4318584.393, 60
Trd, 4318584.943, 60
Trd, 4318585.393, 60
Trd, 4318586.193, 60
Trd, 4318586.843, 60
Trd, 4318587.093, 60
Trd, 4318587.493, 60
Trd, 4318587.893, 61
Trd, 4318588.443, 64
Trd, 4318588.993, 60
Trd, 4318589.193, 61
Trd, 4318590.093, 60
Trd, 4318590.743, 73
Trd, 4318591.893, 140
Trd, 4318592.393, 140
Trd, 4318593.093, 140
Trd, 4318593.343, 111
Trd, 4318593.843, 140
Trd, 4318594.743, 140
Trd, 4318595.193, 140
Trd, 4318595.393, 138
Trd, 4318595.993, 60
Trd, 4318596.893, 61
Trd, 4318597.593, 60
Trd, 4318597.693, 62
Trd, 4318599.443, 60
Trd, 4318599.493, 60
Trd, 4318599.843, 64
Trd, 4318600.343, 63
Trd, 4318600.943, 60
Trd, 4318601.243, 60
Trd, 4318601.393, 60
Trd, 4318602.443, 60
Trd, 4318602.993, 61
Trd, 4318603.393, 63
Trd, 4318604.193, 63
Trd, 4318605.143, 60
Trd, 4318605.793, 65
Trd, 4318606.443, 61
Trd, 4318607.843, 60
Trd, 4318608.143, 72
Trd, 4318610.393, 140
Trd, 4318610.493, 140
Trd, 4318610.693, 139
Trd, 4318610.843, 139
Trd, 4318610.993, 138
Trd, 4318611.143, 136
Trd, 4318612.043, 61
Trd, 4318612.943, 60
Trd, 4318614.393, 61
Trd, 4318614.743, 60
Trd, 4318615.043, 61
Trd, 4318615.393, 60
Trd, 4318616.243, 104
Trd, 4318616.793, 102
Trd, 4318617.143, 140
Trd, 4318618.593, 140
Trd, 4318619.243, 140
Trd, 4318619.693, 140
Trd, 4318620.243, 139
Trd, 4318620.293, 138
Trd, 4318620.543, 80
Trd, 4318621.643, 60
Trd, 4318622.393, 60
Trd, 4318622.543, 61
Trd, 4318622.943, 140
Trd, 4318623.543, 139
Trd, 4318623.993, 128
Trd, 4318626.093, 140
Trd, 4318626.843, 140
Trd, 4318626.943, 140
Trd, 4318627.943, 140
Trd, 4318628.493, 140
Trd, 4318629.043, 140
Trd, 4318629.293, 140
Trd, 4318629.593, 101
Trd, 4318630.493, 140
Trd, 4318630.793, 140
Trd, 4318632.943, 140
Trd, 4318633.593, 139
Trd, 4318633.843, 139
Trd, 4318634.093, 138
Trd, 4318634.843, 136
Trd, 4318635.143, 140
Trd, 4318635.293, 69
Trd, 4318636.493, 140
Trd, 4318637.543, 140
Trd, 4318637.593, 140
Trd, 4318639.393, 140
Trd, 4318639.593, 140
Trd, 4318640.093, 139
Trd, 4318640.443, 140
Trd, 4318641.693, 140
Trd, 4318642.343, 140
Trd, 4318642.493, 140
Trd, 4318643.093, 140
Trd, 4318643.543, 137
Trd, 4318644.393, 140
Trd, 4318645.093, 140
Trd, 4318645.593, 140
Trd, 4318645.843, 140
Trd, 4318647.893, 140
Trd, 4318648.393, 140
Trd, 4318648.693, 140
Trd, 4318649.043, 140
Trd, 4318649.493, 139
Trd, 4318650.243, 140
Trd, 4318650.743, 140
Trd, 4318650.943, 140
Trd, 4318652.793, 140
Trd, 4318653.243, 140
Trd, 4318654.343, 140
Trd, 4318654.593, 140
Trd, 4318655.443, 140
Trd, 4318655.493, 140
Trd, 4318656.193, 140
Trd, 4318656.843, 140
Trd, 4318656.993, 140
Trd, 4318657.893, 140
Trd, 4318659.393, 140
Trd, 4318659.543, 140
Trd, 4318659.743, 138
Trd, 4318659.893, 140
Trd, 4318660.843, 60
Trd, 4318661.743, 65
Trd, 4318662.393, 140
Trd, 4318662.793, 140
Trd, 4318664.293, 140
Trd, 4318665.143, 140
Trd, 4318665.543, 140
Trd, 4318665.993, 138
Trd, 4318666.143, 138
Trd, 4318666.493, 137
Trd, 4318667.343, 138
Trd, 4318668.993, 139
Trd, 4318669.593, 140
Trd, 4318670.043, 140
Trd, 4318670.343, 138
Trd, 4318670.993, 140
Trd, 4318671.193, 140
Trd, 4318672.193, 137
Trd, 4318672.693, 139
Trd, 4318673.143, 63
Trd, 4318673.493, 67
Trd, 4318673.593, 68
Trd, 4318674.793, 140
Trd, 4318675.643, 140
Trd, 4318676.093, 140
Trd, 4318676.143, 77
Trd, 4318676.893, 62
Trd, 4318677.293, 63
Trd, 4318678.293, 60
Trd, 4318678.343, 66
Trd, 4318678.643, 60
Trd, 4318679.593, 60
Trd, 4318680.593, 140
Trd, 4318680.743, 140
Trd, 4318681.143, 140
Trd, 4318681.293, 138
Trd, 4318682.243, 140
Trd, 4318683.693, 140
Trd, 4318684.443, 140
Trd, 4318684.743, 140
Trd, 4318685.243, 140
Trd, 4318686.193, 140
Trd, 4318686.643, 140
Trd, 4318687.443, 140
Trd, 4318687.593, 134
Trd, 4318688.243, 64
Trd, 4318688.393, 64
Trd, 4318689.893, 137
Trd, 4318690.393, 105
Trd, 4318691.143, 138
Trd, 4318692.143, 140
Trd, 4318692.243, 139
Trd, 4318692.893, 140
Trd, 4318693.343, 140
Trd, 4318693.493, 140
Trd, 4318693.643, 138
Trd, 4318694.193, 61
Trd, 4318694.993, 66
Trd, 4318696.043, 61
Trd, 4318697.443, 60
Trd, 4318697.493, 62
Trd, 4318698.093, 60
Trd, 4318698.693, 62
Trd, 4318698.943, 61
Trd, 4318699.643, 61
Trd, 4318699.943, 64
Trd, 4318700.943, 62
Trd, 4318701.593, 61
Trd, 4318702.293, 61
Trd, 4318702.793, 121
Trd, 4318703.293, 61
Trd, 4318704.293, 139
Trd, 4318704.543, 139
Trd, 4318705.293, 140
Trd, 4318705.743, 122
Trd, 4318706.343, 63
Trd, 4318706.593, 64
Trd, 4318707.943, 140
Trd, 4318708.693, 140
Trd, 4318709.743, 140
Trd, 4318710.143, 140
Trd, 4318710.793, 140
Trd, 4318710.943, 140
Trd, 4318712.993, 140
Trd, 4318713.193, 140
Trd, 4318713.343, 140
Trd, 4318714.543, 140
Trd, 4318714.743, 140
Trd, 4318714.843, 140
Trd, 4318715.293, 140
Trd, 4318715.793, 140
Trd, 4318716.193, 140
Trd, 4318717.043, 140
Trd, 4318717.793, 139
Trd, 4318717.993, 122
Trd, 4318718.893, 138
Trd, 4318719.693, 140
Trd, 4318720.093, 140
Trd, 4318722.193, 140
Trd, 4318722.243, 140
Trd, 4318722.293, 140
Trd, 4318722.443, 140
Trd, 4318723.393, 140
Trd, 4318724.043, 139
Trd, 4318725.343, 140
Trd, 4318726.343, 140
Trd, 4318726.793, 140
Trd, 4318727.793, 140
Trd, 4318727.943, 140
Trd, 4318728.243, 138
Trd, 4318728.893, 139
Trd, 4318729.343, 139
Trd, 4318729.543, 139
Trd, 4318730.043, 136
Trd, 4318731.593, 138
Trd, 4318731.793, 102
Trd, 4318732.043, 140
Trd, 4318732.943, 140
Trd, 4318733.643, 140
Trd, 4318734.193, 140
Trd, 4318734.643, 139
Trd, 4318734.743, 138
Trd, 4318735.143, 140
Trd, 4318736.443, 139
Trd, 4318737.193, 63
Trd, 4318737.243, 64
Trd, 4318737.693, 66
Trd, 4318738.093, 61
Trd, 4318739.193, 61
Trd, 4318739.793, 63
Trd, 4318741.093, 61
Trd, 4318741.143, 61
Trd, 4318741.493, 62
Trd, 4318742.043, 63
Trd, 4318742.643, 140
Trd, 4318744.343, 61
Trd, 4318744.593, 61
Trd, 4318744.893, 138
Trd, 4318745.393, 61
Trd, 4318746.293, 63
Trd, 4318746.843, 74
Trd, 4318747.443, 140
Trd, 4318747.993, 140
Trd, 4318748.693, 140
Trd, 4318749.693, 139
Trd, 4318750.143, 140
Trd, 4318751.243, 140
Trd, 4318751.693, 140
Trd, 4318751.843, 140
Trd, 4318752.493, 140
Trd, 4318753.443, 140
Trd, 4318753.993, 140
Trd, 4318754.343, 139
Trd, 4318755.093, 140
Trd, 4318755.743, 140
Trd, 4318756.643, 140
Trd, 4318756.743, 105
Trd, 4318757.443, 137
Trd, 4318757.943, 140
Trd, 4318758.193, 139
Trd, 4318759.143, 140
Trd, 4318759.643, 64
Trd, 4318760.193, 139
Trd, 4318760.643, 140
Trd, 4318761.793, 68
Trd, 4318762.343, 67
Trd, 4318762.643, 61
Trd, 4318762.793, 68
Trd, 4318763.493, 64
Trd, 4318764.443, 68
Trd, 4318765.143, 140
Trd, 4318765.293, 139
Trd, 4318766.493, 140
Trd, 4318766.693, 140
Trd, 4318768.093, 140
Trd, 4318768.243, 140
Trd, 4318768.393, 138
Trd, 4318768.843, 138
Trd, 4318770.143, 140
Trd, 4318771.143, 140
Trd, 4318772.193, 140
Trd, 4318773.343, 140
Trd, 4318773.543, 140
Trd, 4318773.843, 138
Trd, 4318775.943, 140
Trd, 4318776.043, 140
Trd, 4318776.293, 140
Trd, 4318776.593, 140
Trd, 4318776.893, 140
Trd, 4318777.543, 140
Trd, 4318778.393, 140
Trd, 4318779.093, 140
Trd, 4318779.793, 140
Trd, 4318780.293, 140
Trd, 4318780.643, 140
Trd, 4318781.643, 140
Trd, 4318781.893, 139
Trd, 4318781.943, 139
Trd, 4318782.743, 138
Trd, 4318783.043, 140
Trd, 4318784.093, 61
Trd, 4318785.393, 119
Trd, 4318785.643, 140
Trd, 4318786.743, 140
Trd, 4318786.993, 140
Trd, 4318788.793, 140
Trd, 4318788.943, 140
Trd, 4318789.143, 139
Trd, 4318790.043, 140
Trd, 4318790.293, 140
Trd, 4318791.593, 140
Trd, 4318791.793, 140
Trd, 4318792.243, 138
Trd, 4318793.043, 140
Trd, 4318793.643, 140
Trd, 4318793.893, 139
Trd, 4318794.593, 138
Trd, 4318794.943, 140
Trd, 4318795.593, 138
Trd, 4318796.843, 140
Trd, 4318797.793, 138
Trd, 4318797.943, 139
Trd, 4318798.243, 139
Trd, 4318799.093, 136
Trd, 4318799.443, 62
Trd, 4318800.543, 140
Trd, 4318801.143, 140
Trd, 4318801.893, 140
Trd, 4318802.043, 140
Trd, 4318802.893, 140
Trd, 4318802.993, 138
Trd, 4318803.843, 140
Trd, 4318804.643, 140
Trd, 4318805.893, 139
Trd, 4318806.393, 136
Trd, 4318806.743, 140
Trd, 4318807.393, 140
Trd, 4318807.593, 140
Trd, 4318807.943, 139
Trd, 4318808.743, 139
Trd, 4318809.643, 140
Trd, 4318809.943, 139
Trd, 4318811.393, 140
Trd, 4318811.793, 140
Trd, 4318812.143, 140
Trd, 4318813.293, 140
Trd, 4318814.343, 140
Trd, 4318816.293, 140
Trd, 4318817.343, 140
Trd, 4318817.643, 139
Trd, 4318818.093, 140
Trd, 4318818.393, 140
Trd, 4318818.443, 140
Trd, 4318818.543, 139
Trd, 4318819.143, 140
Trd, 4318820.043, 140
Trd, 4318820.343, 140
Trd, 4318820.593, 140
Trd, 4318820.743, 139
Trd, 4318820.893, 140
Trd, 4318821.743, 63
Trd, 4318822.343, 61
Trd, 4318822.393, 66
Trd, 4318823.293, 62
Trd, 4318823.343, 68
Trd, 4318825.093, 140
Trd, 4318825.693, 140
Trd, 4318826.343, 140
Trd, 4318827.193, 140
Trd, 4318827.543, 140
Trd, 4318827.943, 133
Trd, 4318828.193, 64
Trd, 4318828.593, 63
Trd, 4318829.093, 65
Trd, 4318831.443, 140
Trd, 4318831.843, 139
Trd, 4318831.993, 140
Trd, 4318832.393, 140
Trd, 4318832.793, 140
Trd, 4318834.293, 140
Trd, 4318835.593, 140
Trd, 4318835.743, 140
Trd, 4318835.943, 140
Trd, 4318836.343, 140
Trd, 4318836.893, 139
Trd, 4318837.643, 140
Trd, 4318838.093, 140
Trd, 4318838.193, 139
Trd, 4318838.493, 138
Trd, 4318838.593, 61
Trd, 4318839.743, 71
Trd, 4318840.193, 140
Trd, 4318841.043, 138
Trd, 4318841.943, 140
Trd, 4318842.043, 140
Trd, 4318842.293, 140
Trd, 4318843.393, 140
Trd, 4318843.693, 139
Trd, 4318843.743, 136
Trd, 4318845.193, 140
Trd, 4318845.743, 140
Trd, 4318846.793, 140
Trd, 4318847.543, 140
Trd, 4318847.593, 139
Trd, 4318847.943, 137
Trd, 4318848.193, 137
Trd, 4318850.393, 140
Trd, 4318850.693, 140
Trd, 4318851.543, 140
Trd, 4318851.793, 140
Trd, 4318852.143, 140
Trd, 4318852.593, 140
Trd, 4318853.343, 140
Trd, 4318853.543, 140
Trd, 4318853.643, 139
Trd, 4318855.243, 140
Trd, 4318855.643, 140
Trd, 4318856.343, 140
Trd, 4318856.893, 140
Trd, 4318856.993, 135
Trd, 4318858.293, 140
Trd, 4318858.443, 140
Trd, 4318859.543, 140
Trd, 4318859.593, 140
Trd, 4318860.043, 140
Trd, 4318860.743, 140
Trd, 4318860.843, 139
Trd, 4318861.493, 138
Trd, 4318861.943, 140
Trd, 4318863.643, 140
Trd, 4318864.143, 140
Trd, 4318864.743, 140
Trd, 4318865.193, 138
Trd, 4318866.743, 140
Trd, 4318866.843, 140
Trd, 4318867.493, 139
Trd, 4318868.293, 62
Trd, 4318868.543, 140
Trd, 4318869.143, 140
Trd, 4318869.643, 140
Trd, 4318870.943, 140
Trd, 4318871.543, 140
Trd, 4318872.693, 140
Trd, 4318872.843, 140
Trd, 4318872.993, 138
Trd, 4318874.493, 140
Trd, 4318875.093, 140
Trd, 4318875.393, 140
Trd, 4318875.493, 140
Trd, 4318875.993, 139
Trd, 4318876.943, 118
Trd, 4318877.443, 64
Trd, 4318878.193, 140
Trd, 4318878.693, 140
Trd, 4318878.793, 140
Trd, 4318880.293, 140
Trd, 4318880.443, 140
Trd, 4318881.793, 139
Trd, 4318882.343, 140
Trd, 4318883.043, 140
Trd, 4318884.393, 140
Trd, 4318884.743, 140
Trd, 4318885.543, 140
Trd, 4318885.593, 140
Trd, 4318886.143, 140
Trd, 4318886.343, 140
Trd, 4318886.643, 140
Trd, 4318886.893, 139
Trd, 4318887.143, 126
Trd, 4318887.293, 92
Trd, 4318887.893, 67
Trd, 4318888.343, 95
Trd, 4318889.543, 140
Trd, 4318889.893, 140
Trd, 4318891.243, 140
Trd, 4318892.493, 140
Trd, 4318893.343, 140
Trd, 4318893.643, 140
Trd, 4318893.993, 140
Trd, 4318894.543, 140
Trd, 4318894.893, 139
Trd, 4318895.943, 140
Trd, 4318896.343, 140
Trd, 4318897.543, 140
Trd, 4318897.643, 140
Trd, 4318898.093, 140
Trd, 4318898.793, 140
Trd, 4318898.993, 139
Trd, 4318899.993, 140
Trd, 4318900.393, 140
Trd, 4318900.893, 140
Trd, 4318901.593, 140
Trd, 4318901.993, 140
Trd, 4318903.943, 140
Trd, 4318904.343, 140
Trd, 4318904.543, 139
Trd, 4318904.693, 140
Trd, 4318904.893, 139
Trd, 4318905.093, 138
Trd, 4318907.893, 140
Trd, 4318908.143, 140
Trd, 4318908.393, 140
Trd, 4318909.443, 140
Trd, 4318909.493, 140
Trd, 4318909.893, 140
Trd, 4318911.443, 140
Trd, 4318911.543, 140
Trd, 4318911.943, 139
Trd, 4318912.343, 140
Trd, 4318913.743, 140
Trd, 4318914.093, 139
Trd, 4318914.243, 139
Trd, 4318914.593, 139
Trd, 4318916.243, 140
Trd, 4318917.093, 140
Trd, 4318917.693, 140
Trd, 4318918.543, 140
Trd, 4318918.593, 140
Trd, 4318919.043, 140
Trd, 4318920.243, 140
Trd, 4318920.343, 140
Trd, 4318920.893, 140
Trd, 4318922.143, 140
Trd, 4318922.293, 140
Trd, 4318922.593, 140
Trd, 4318922.943, 140
Trd, 4318924.343, 140
Trd, 4318925.593, 139
Trd, 4318926.493, 140
Trd, 4318926.893, 132
Trd, 4318927.243, 138
Trd, 4318927.343, 138
Trd, 4318927.943, 139
Trd, 4318928.293, 102
Trd, 4318929.693, 62
Trd, 4318930.043, 63
Trd, 4318930.893, 139
Trd, 4318931.043, 138
Trd, 4318931.093, 138
Trd, 4318932.243, 60
Trd, 4318932.393, 60
Trd, 4318932.593, 61
Trd, 4318933.693, 66
Trd, 4318934.693, 61
Trd, 4318935.043, 73
Trd, 4318935.243, 63
Trd, 4318935.693, 67
Trd, 4318936.043, 69
Trd, 4318937.293, 70
Trd, 4318937.543, 139
Trd, 4318939.443, 140
Trd, 4318939.493, 140
Trd, 4318939.543, 140
Trd, 4318939.943, 140
Trd, 4318940.743, 140
Trd, 4318941.043, 140
Trd, 4318942.093, 140
Trd, 4318942.143, 140
Trd, 4318942.343, 138
Trd, 4318944.693, 140
Trd, 4318944.743, 140
Trd, 4318944.793, 140
Trd, 4318944.893, 140
Trd, 4318945.643, 62
Trd, 4318947.093, 140
Trd, 4318947.493, 140
Trd, 4318948.143, 140
Trd, 4318948.343, 140
Trd, 4318948.743, 139
Trd, 4318949.093, 138
Trd, 4318949.893, 140
Trd, 4318951.493, 140
Trd, 4318951.643, 140
Trd, 4318952.093, 140
Trd, 4318954.393, 140
Trd, 4318954.593, 140
Trd, 4318954.643, 140
Trd, 4318955.343, 140
Trd, 4318955.393, 139
Trd, 4318955.743, 139
Trd, 4318956.943, 140
Trd, 4318956.993, 140
Trd, 4318958.093, 140
Trd, 4318959.343, 140
Trd, 4318959.743, 140
Trd, 4318960.493, 140
Trd, 4318960.993, 140
Trd, 4318961.093, 140
Trd, 4318961.993, 140
Trd, 4318962.593, 140
Trd, 4318964.543, 140
Trd, 4318964.743, 140
Trd, 4318965.343, 140
Trd, 4318965.993, 140
Trd, 4318966.443, 140
Trd, 4318966.543, 139
Trd, 4318968.593, 140
Trd, 4318968.943, 140
Trd, 4318970.493, 140
Trd, 4318971.093, 140
Trd, 4318971.143, 140
Trd, 4318971.643, 140
Trd, 4318971.693, 140
Trd, 4318972.393, 140
Trd, 4318973.243, 140
Trd, 4318973.993, 140
Trd, 4318974.443, 140
Trd, 4318975.143, 140
Trd, 4318975.393, 140
Trd, 4318976.743, 140
Trd, 4318976.793, 140
Trd, 4318977.293, 140
Trd, 4318977.743, 139
Trd, 4318977.893, 60
Trd, 4318979.293, 139
Trd, 4318979.393, 139
Trd, 4318979.843, 139
Trd, 4318980.843, 140
Trd, 4318981.043, 140
Trd, 4318982.243, 140
Trd, 4318982.443, 138
Trd, 4318983.593, 140
Trd, 4318985.093, 139
Trd, 4318985.543, 139
Trd, 4318985.643, 138
Trd, 4318987.093, 140
Trd, 4318987.143, 140
Trd, 4318988.793, 140
Trd, 4318989.243, 140
Trd, 4318989.943, 140
Trd, 4318990.243, 139
Trd, 4318991.093, 140
Trd, 4318991.993, 140
Trd, 4318993.443, 140
Trd, 4318993.843, 139
Trd, 4318993.993, 139
Trd, 4318995.443, 140
Trd, 4318995.893, 140
Trd, 4318995.943, 139
Trd, 4318996.143, 139
Trd, 4318997.893, 140
Trd, 4318998.143, 140
Trd, 4318998.393, 140
Trd, 4318998.943, 140
Trd, 4319000.893, 140
Trd, 4319001.693, 140
Trd, 4319001.793, 140
Trd, 4319001.943, 140
Trd, 4319002.543, 138
Trd, 4319002.993, 140
Trd, 4319003.243, 139
Trd, 4319003.793, 140
Trd, 4319004.693, 140
Trd, 4319005.993, 140
Trd, 4319007.493, 140
Trd, 4319008.143, 140
Trd, 4319008.643, 138
Trd, 4319009.693, 140
Trd, 4319009.943, 140
Trd, 4319010.693, 140
Trd, 4319011.493, 140
Trd, 4319011.843, 138
Trd, 4319013.493, 140
Trd, 4319013.543, 140
Trd, 4319014.543, 139
Trd, 4319014.643, 139
Trd, 4319014.743, 139
Trd, 4319015.693, 140
Trd, 4319015.893, 140
Trd, 4319016.543, 140
Trd, 4319016.743, 140
Trd, 4319018.543, 140
Trd, 4319018.843, 139
Trd, 4319019.343, 138
Trd, 4319020.043, 63
Trd, 4319020.243, 63
Trd, 4319020.293, 64
Trd, 4319021.393, 139
Trd, 4319022.643, 62
Trd, 4319022.693, 68
Trd, 4319023.993, 140
Trd, 4319024.093, 140
Trd, 4319024.893, 140
Trd, 4319025.293, 140
Trd, 4319026.343, 140
Trd, 4319026.643, 139
Trd, 4319027.293, 140
Trd, 4319028.043, 140
Trd, 4319029.093, 140
Trd, 4319029.343, 140
Trd, 4319029.443, 138
Trd, 4319030.593, 62
Trd, 4319030.643, 71
Trd, 4319031.643, 63
Trd, 4319032.293, 70
Trd, 4319033.243, 140
Trd, 4319033.493, 140
Trd, 4319033.843, 140
Trd, 4319034.193, 101
Trd, 4319034.893, 140
Trd, 4319035.743, 140
Trd, 4319036.393, 140
Trd, 4319036.743, 140
Trd, 4319038.243, 140
Trd, 4319038.493, 140
Trd, 4319038.593, 140
Trd, 4319038.793, 140
Trd, 4319040.343, 140
Trd, 4319040.593, 140
Trd, 4319041.143, 139
Trd, 4319042.043, 140
Trd, 4319042.393, 140
Trd, 4319044.343, 140
Trd, 4319044.493, 140
Trd, 4319044.593, 140
Trd, 4319044.793, 139
Trd, 4319045.293, 140
Trd, 4319045.443, 140
Trd, 4319045.693, 86
Trd, 4319046.343, 114
Trd, 4319046.893, 139
Trd, 4319047.943, 139
Trd, 4319049.043, 139
Trd, 4319049.143, 139
Trd, 4319049.943, 140
Trd, 4319050.843, 139
Trd, 4319051.243, 140
Trd, 4319051.743, 138
Trd, 4319051.843, 97
Trd, 4319053.743, 140
Trd, 4319054.343, 140
Trd, 4319054.693, 140
Trd, 4319054.843, 139
Trd, 4319055.343, 138
Trd, 4319055.493, 140
Trd, 4319056.043, 138
Trd, 4319057.443, 140
Trd, 4319057.943, 140
Trd, 4319059.843, 140
Trd, 4319060.393, 140
Trd, 4319060.693, 140
Trd, 4319061.343, 140
Trd, 4319061.693, 140
Trd, 4319061.943, 140
Trd, 4319062.793, 140
Trd, 4319062.893, 138
Trd, 4319063.293, 139
Trd, 4319063.493, 99
Trd, 4319064.393, 128
Trd, 4319064.693, 138
Trd, 4319065.493, 62
Trd, 4319065.693, 74
Trd, 4319066.043, 60
Trd, 4319066.993, 67
Trd, 4319067.943, 66
Trd, 4319068.793, 63
Trd, 4319069.293, 73
Trd, 4319069.843, 138
Trd, 4319070.393, 60
Trd, 4319071.143, 60
Trd, 4319071.793, 60
Trd, 4319072.993, 63
Trd, 4319073.043, 65
Trd, 4319073.593, 140
Trd, 4319073.693, 126
Trd, 4319074.643, 76
Trd, 4319076.193, 60
Trd, 4319076.243, 61
Trd, 4319076.443, 62
Trd, 4319076.743, 63
Trd, 4319077.143, 77
Trd, 4319077.593, 137
Trd, 4319077.643, 77
Trd, 4319079.043, 140
Trd, 4319079.843, 140
Trd, 4319079.943, 138
Trd, 4319081.143, 140
Trd, 4319081.493, 67
Trd, 4319082.143, 109
Trd, 4319082.693, 140
Trd, 4319083.643, 140
Trd, 4319084.243, 140
Trd, 4319084.543, 140
Trd, 4319085.843, 85
Trd, 4319086.043, 60
Trd, 4319086.243, 62
Trd, 4319087.093, 140
Trd, 4319087.393, 140
Trd, 4319088.893, 140
Trd, 4319088.993, 138
Trd, 4319089.493, 140
Trd, 4319091.693, 139
Trd, 4319091.943, 140
Trd, 4319092.393, 140
Trd, 4319092.993, 140
Trd, 4319093.343, 140
Trd, 4319095.743, 140
Trd, 4319096.243, 140
Trd, 4319096.643, 140
Trd, 4319097.693, 140
Trd, 4319097.893, 140
Trd, 4319097.943, 140
Trd, 4319098.593, 140
Trd, 4319099.193, 139
Trd, 4319099.393, 138
Trd, 4319099.843, 139
Trd, 4319101.043, 140
Trd, 4319102.093, 140
Trd, 4319103.093, 140
Trd, 4319103.143, 140
Trd, 4319103.893, 140
Trd, 4319104.343, 140
Trd, 4319104.543, 139
Trd, 4319106.043, 140
Trd, 4319106.143, 139
Trd, 4319106.543, 140
Trd, 4319108.143, 140
Trd, 4319108.793, 140
Trd, 4319109.943, 140
Trd, 4319110.293, 139
Trd, 4319110.993, 138
Trd, 4319111.093, 83
Trd, 4319111.193, 140
Trd, 4319111.893, 139
Trd, 4319112.043, 136
Trd, 4319112.743, 140
Trd, 4319115.943, 140
Trd, 4319116.843, 140
Trd, 4319116.993, 140
Trd, 4319117.093, 139
Trd, 4319117.343, 140
Trd, 4319118.293, 140
Trd, 4319118.493, 139
Trd, 4319118.593, 139
Trd, 4319120.593, 140
Trd, 4319120.843, 139
Trd, 4319121.593, 140
Trd, 4319121.643, 139
Trd, 4319122.643, 140
Trd, 4319122.993, 73
Trd, 4319123.243, 139
Trd, 4319124.443, 140
Trd, 4319124.543, 140
Trd, 4319125.393, 140
Trd, 4319126.543, 140
Trd, 4319127.143, 140
Trd, 4319127.293, 140
Trd, 4319127.443, 139
Trd, 4319128.043, 140
Trd, 4319128.643, 139
Trd, 4319128.693, 106
Trd, 4319130.543, 140
Trd, 4319131.593, 140
Trd, 4319131.943, 139
Trd, 4319132.293, 140
Trd, 4319132.493, 139
Trd, 4319132.543, 137
Trd, 4319134.443, 140
Trd, 4319134.543, 138
Trd, 4319135.793, 140
Trd, 4319136.343, 140
Trd, 4319136.793, 138
Trd, 4319136.943, 137
Trd, 4319138.343, 140
Trd, 4319140.243, 140
Trd, 4319141.243, 140
Trd, 4319141.493, 140
Trd, 4319141.793, 140
Trd, 4319142.093, 139
Trd, 4319142.343, 81
Trd, 4319142.793, 140
Trd, 4319143.393, 139
Trd, 4319144.743, 140
Trd, 4319145.093, 140
Trd, 4319146.043, 140
Trd, 4319146.593, 140
Trd, 4319146.843, 139
Trd, 4319147.343, 139
Trd, 4319147.543, 135
Trd, 4319148.343, 139
Trd, 4319149.343, 140
Trd, 4319150.393, 140
Trd, 4319150.493, 140
Trd, 4319150.843, 140
Trd, 4319151.143, 140
Trd, 4319151.243, 140
Trd, 4319152.993, 140
Trd, 4319153.143, 140
Trd, 4319154.593, 140
Trd, 4319155.043, 140
Trd, 4319156.493, 140
Trd, 4319157.293, 140
Trd, 4319158.443, 140
Trd, 4319159.193, 140
Trd, 4319159.293, 140
Trd, 4319159.443, 139
Trd, 4319160.293, 140
Trd, 4319160.343, 139
Trd, 4319160.643, 140
Trd, 4319161.093, 140
Trd, 4319162.643, 140
Trd, 4319163.493, 140
Trd, 4319164.343, 140
Trd, 4319164.443, 140
Trd, 4319164.843, 140
Trd, 4319165.693, 140
Trd, 4319165.743, 140
Trd, 4319166.643, 140
Trd, 4319166.743, 140
Trd, 4319167.793, 136
Trd, 4319168.243, 140
Trd, 4319168.643, 140
Trd, 4319168.993, 128
Trd, 4319169.493, 140
Trd, 4319170.193, 140
Trd, 4319170.693, 62
Trd, 4319171.293, 60
Trd, 4319172.443, 140
Trd, 4319173.493, 140
Trd, 4319174.093, 140
Trd, 4319174.593, 140
Trd, 4319174.793, 140
Trd, 4319175.593, 140
Trd, 4319175.743, 139
Trd, 4319176.443, 140
Trd, 4319176.793, 140
Trd, 4319178.343, 140
Trd, 4319178.793, 140
Trd, 4319179.693, 138
Trd, 4319179.793, 140
Trd, 4319181.743, 140
Trd, 4319182.093, 140
Trd, 4319182.643, 140
Trd, 4319183.443, 140
Trd, 4319183.793, 140
Trd, 4319183.893, 139
Trd, 4319185.043, 140
Trd, 4319185.093, 140
Trd, 4319186.043, 140
Trd, 4319186.493, 140
Trd, 4319187.093, 140
Trd, 4319188.043, 140
Trd, 4319188.593, 139
Trd, 4319188.993, 136
Trd, 4319189.793, 138
Trd, 4319189.993, 140
Trd, 4319190.943, 60
Trd, 4319191.093, 61
Trd, 4319191.993, 140
Trd, 4319192.543, 140
Trd, 4319194.143, 60
Trd, 4319194.193, 61
Trd, 4319194.693, 63
Trd, 4319195.243, 140
Trd, 4319196.043, 139
Trd, 4319196.293, 136
Trd, 4319197.393, 140
Trd, 4319197.643, 139
Trd, 4319197.793, 139
Trd, 4319198.043, 140
Trd, 4319198.393, 139
Trd, 4319199.743, 137
Trd, 4319200.193, 60
Trd, 4319200.293, 62
Trd, 4319201.093, 139
Trd, 4319201.193, 75
Trd, 4319203.293, 140
Trd, 4319204.043, 140
Trd, 4319204.243, 140
Trd, 4319204.943, 140
Trd, 4319205.193, 140
Trd, 4319205.393, 140
Trd, 4319206.093, 140
Trd, 4319206.193, 140
Trd, 4319208.543, 140
Trd, 4319209.043, 140
Trd, 4319209.393, 136
Trd, 4319210.193, 139
Trd, 4319210.493, 138
Trd, 4319210.543, 138
Trd, 4319211.693, 140
Trd, 4319212.293, 140
Trd, 4319212.493, 140
Trd, 4319212.693, 140
Trd, 4319213.043, 139
Trd, 4319213.093, 111
Trd, 4319215.043, 140
Trd, 4319215.893, 140
Trd, 4319216.993, 140
Trd, 4319217.643, 140
Trd, 4319218.043, 140
Trd, 4319218.243, 140
Trd, 4319219.643, 140
Trd, 4319220.843, 140
Trd, 4319221.093, 140
Trd, 4319221.693, 139
Trd, 4319221.743, 139
Trd, 4319222.393, 140
Trd, 4319222.893, 140
Trd, 4319223.093, 140
Trd, 4319223.143, 140
Trd, 4319224.793, 140
Trd, 4319224.943, 140
Trd, 4319225.243, 139
Trd, 4319226.843, 139
Trd, 4319226.893, 138
Trd, 4319227.193, 138
Trd, 4319227.293, 140
Trd, 4319229.293, 140
Trd, 4319229.993, 140
Trd, 4319230.843, 140
Trd, 4319230.893, 140
Trd, 4319231.393, 140
Trd, 4319231.793, 140
Trd, 4319233.093, 140
Trd, 4319233.443, 140
Trd, 4319233.543, 140
Trd, 4319234.043, 139
Trd, 4319234.143, 138
Trd, 4319236.143, 140
Trd, 4319236.643, 140
Trd, 4319237.143, 140
Trd, 4319237.443, 137
Trd, 4319238.743, 138
Trd, 4319238.943, 137
Trd, 4319239.343, 139
Trd, 4319239.893, 139
Trd, 4319241.343, 140
Trd, 4319241.593, 140
Trd, 4319242.243, 140
Trd, 4319243.693, 140
Trd, 4319244.293, 140
Trd, 4319244.443, 140
Trd, 4319245.193, 140
Trd, 4319245.393, 136
Trd, 4319246.343, 140
Trd, 4319247.243, 65
Trd, 4319247.793, 140
Trd, 4319249.043, 140
Trd, 4319249.893, 140
Trd, 4319249.993, 139
Trd, 4319250.243, 140
Trd, 4319251.393, 137
Trd, 4319251.993, 61
Trd, 4319252.743, 139
Trd, 4319253.243, 113
Trd, 4319253.693, 137
Trd, 4319253.743, 77
Trd, 4319254.093, 68
Trd, 4319255.793, 61
Trd, 4319256.843, 140
Trd, 4319257.043, 139
Trd, 4319257.593, 138
Trd, 4319258.993, 140
Trd, 4319259.793, 140
Trd, 4319259.943, 138
Trd, 4319260.443, 140
Trd, 4319260.593, 135
Trd, 4319261.143, 140
Trd, 4319261.243, 140
Trd, 4319261.593, 133
Trd, 4319261.993, 82
Trd, 4319262.793, 140
Trd, 4319263.493, 139
Trd, 4319264.143, 62
Trd, 4319264.543, 65
Trd, 4319265.443, 60
Trd, 4319265.993, 60
Trd, 4319266.193, 60
Trd, 4319266.893, 60
Trd, 4319266.943, 69
Trd, 4319268.243, 139
Trd, 4319268.543, 140
Trd, 4319268.993, 140
Trd, 4319270.293, 139
Trd, 4319270.643, 139
Trd, 4319271.043, 138
Trd, 4319271.393, 138
Trd, 4319271.943, 140
Trd, 4319272.243, 140
Trd, 4319273.943, 140
Trd, 4319274.193, 140
Trd, 4319274.743, 140
Trd, 4319275.343, 140
Trd, 4319275.393, 139
Trd, 4319275.593, 140
Trd, 4319276.143, 140
Trd, 4319276.443, 139
Trd, 4319277.993, 139
Trd, 4319278.493, 139
Trd, 4319279.443, 139
Trd, 4319279.693, 140
Trd, 4319279.843, 140
Trd, 4319280.893, 140
Trd, 4319281.343, 139
Trd, 4319281.793, 62
Trd, 4319282.143, 137
Trd, 4319282.593, 140
Trd, 4319284.593, 140
Trd, 4319284.893, 140
Trd, 4319285.893, 140
Trd, 4319285.943, 140
Trd, 4319286.693, 140
Trd, 4319287.243, 140
Trd, 4319287.293, 139
Trd, 4319287.893, 139
Trd, 4319288.343, 88
Trd, 4319288.943, 140
Trd, 4319289.143, 65
Trd, 4319289.843, 66
Trd, 4319291.343, 139
Trd, 4319291.643, 137
Trd, 4319291.793, 140
Trd, 4319292.593, 140
Trd, 4319292.643, 140
Trd, 4319293.243, 139
Trd, 4319294.593, 140
Trd, 4319295.243, 140
Trd, 4319295.493, 61
Trd, 4319296.493, 135
Trd, 4319297.193, 66
Trd, 4319298.343, 140
Trd, 4319298.443, 140
Trd, 4319299.693, 60
Trd, 4319300.293, 64
Trd, 4319300.543, 140
Trd, 4319301.143, 140
Trd, 4319301.843, 140
Trd, 4319301.993, 140
Trd, 4319302.493, 140
Trd, 4319302.743, 140
Trd, 4319304.043, 66
Trd, 4319304.443, 67
Trd, 4319305.443, 60
Trd, 4319305.893, 61
Trd, 4319306.343, 63
Trd, 4319306.493, 64
Trd, 4319307.293, 68
Trd, 4319308.293, 140
Trd, 4319308.893, 140
Trd, 4319309.293, 139
Trd, 4319310.093, 140
Trd, 4319310.393, 117
Trd, 4319311.043, 140
Trd, 4319312.843, 140
Trd, 4319313.643, 140
Trd, 4319314.243, 140
Trd, 4319314.893, 140
Trd, 4319314.943, 140
Trd, 4319315.643, 139
Trd, 4319315.993, 140
Trd, 4319316.243, 139
Trd, 4319316.893, 64
Trd, 4319317.543, 140
Trd, 4319318.643, 140
Trd, 4319319.843, 140
Trd, 4319320.793, 140
Trd, 4319322.693, 140
Trd, 4319322.843, 140
Trd, 4319323.093, 140
Trd, 4319323.543, 140
Trd, 4319323.693, 140
Trd, 4319323.893, 140
Trd, 4319325.443, 140
Trd, 4319325.793, 140
Trd, 4319326.243, 139
Trd, 4319326.693, 140
Trd, 4319327.243, 140
Trd, 4319328.093, 140
Trd, 4319329.143, 140
Trd, 4319329.343, 140
Trd, 4319329.593, 62
Trd, 4319330.093, 67
Trd, 4319330.893, 140
Trd, 4319332.843, 140
Trd, 4319333.243, 140
Trd, 4319333.543, 140
Trd, 4319333.743, 140
Trd, 4319333.843, 140
Trd, 4319334.193, 140
Trd, 4319335.143, 140
Trd, 4319335.293, 140
Trd, 4319335.443, 138
Trd, 4319336.593, 139
Trd, 4319337.093, 136
Trd, 4319338.043, 140
Trd, 4319338.343, 139
Trd, 4319338.443, 139
Trd, 4319339.743, 140
Trd, 4319339.793, 120
Trd, 4319340.993, 140
Trd, 4319341.193, 60
Trd, 4319341.393, 88
Trd, 4319342.793, 140
Trd, 4319342.843, 140
Trd, 4319344.643, 140
Trd, 4319344.893, 138
Trd, 4319345.193, 140
Trd, 4319346.143, 140
Trd, 4319347.443, 140
Trd, 4319347.993, 140
Trd, 4319348.343, 139
Trd, 4319348.993, 140
Trd, 4319349.793, 139
Trd, 4319350.293, 140
Trd, 4319351.543, 139
Trd, 4319351.843, 135
Trd, 4319352.193, 131
Trd, 4319353.143, 139
Trd, 4319353.293, 139
Trd, 4319353.643, 140
Trd, 4319354.943, 140
Trd, 4319356.343, 140
Trd, 4319356.493, 140
Trd, 4319356.943, 139
Trd, 4319357.243, 139
Trd, 4319358.643, 140
Trd, 4319358.943, 140
Trd, 4319359.093, 139
Trd, 4319360.493, 64
Trd, 4319361.093, 60
Trd, 4319361.393, 60
Trd, 4319361.543, 65
Trd, 4319362.343, 60
Trd, 4319362.393, 60
Trd, 4319363.493, 60
Trd, 4319363.943, 140
Trd, 4319364.943, 140
Trd, 4319365.893, 140
Trd, 4319365.993, 140
Trd, 4319366.943, 140
Trd, 4319367.443, 139
Trd, 4319367.493, 137
Trd, 4319368.493, 140
Trd, 4319368.993, 139
Trd, 4319369.193, 139
Trd, 4319371.543, 139
Trd, 4319372.043, 140
Trd, 4319372.593, 140
Trd, 4319372.993, 140
Trd, 4319373.293, 140
Trd, 4319374.093, 140
Trd, 4319374.843, 140
Trd, 4319375.393, 139
Trd, 4319375.543, 140
Trd, 4319376.043, 140
Trd, 4319376.843, 75
Trd, 4319376.943, 137
Trd, 4319378.043, 112
Trd, 4319378.143, 65
Trd, 4319378.793, 140
Trd, 4319378.993, 136
Trd, 4319380.443, 140
Trd, 4319380.593, 139
Trd, 4319380.693, 138
Trd, 4319381.193, 140
Trd, 4319382.293, 140
Trd, 4319382.993, 68
Trd, 4319383.843, 138
Trd, 4319384.443, 140
Trd, 4319385.243, 132
Trd, 4319385.393, 60
Trd, 4319386.743, 140
Trd, 4319387.543, 140
Trd, 4319388.443, 140
Trd, 4319388.493, 140
Trd, 4319389.343, 140
Trd, 4319390.293, 140
Trd, 4319391.343, 140
Trd, 4319391.393, 140
Trd, 4319393.143, 140
Trd, 4319393.743, 140
Trd, 4319394.093, 140
Trd, 4319394.793, 140
Trd, 4319395.243, 140
Trd, 4319395.343, 119
Trd, 4319395.793, 140
Trd, 4319396.093, 62
Trd, 4319396.893, 139
Trd, 4319397.943, 140
Trd, 4319398.993, 140
Trd, 4319399.243, 140
Trd, 4319400.143, 140
Trd, 4319400.443, 139
Trd, 4319401.543, 140
Trd, 4319401.943, 140
Trd, 4319402.343, 140
Trd, 4319402.643, 140
Trd, 4319403.993, 140
Trd, 4319404.943, 140
Trd, 4319405.643, 140
Trd, 4319405.843, 140
Trd, 4319406.743, 140
Trd, 4319407.593, 140
Trd, 4319408.493, 140
Trd, 4319408.843, 139
Trd, 4319409.343, 139
Trd, 4319410.043, 138
Trd, 4319411.193, 140
Trd, 4319411.443, 139
Trd, 4319412.493, 140
Trd, 4319413.793, 140
Trd, 4319414.543, 140
Trd, 4319415.043, 140
Trd, 4319415.093, 140
Trd, 4319415.393, 140
Trd, 4319417.343, 140
Trd, 4319417.543, 140
Trd, 4319417.793, 136
Trd, 4319419.393, 140
Trd, 4319419.943, 140
Trd, 4319420.043, 140
Trd, 4319420.893, 140
Trd, 4319421.543, 140
Trd, 4319422.343, 140
Trd, 4319422.993, 140
Trd, 4319423.893, 140
Trd, 4319423.993, 139
Trd, 4319424.443, 140
Trd, 4319425.043, 139
Trd, 4319425.243, 140
Trd, 4319426.093, 140
Trd, 4319426.343, 139
Trd, 4319427.093, 138
Trd, 4319427.693, 140
Trd, 4319429.393, 140
Trd, 4319429.593, 138
Trd, 4319430.743, 139
Trd, 4319431.343, 140
Trd, 4319431.843, 140
Trd, 4319433.993, 140
Trd, 4319434.093, 140
Trd, 4319434.193, 140
Trd, 4319434.243, 138
Trd, 4319434.943, 140
Trd, 4319435.543, 140
Trd, 4319435.993, 140
Trd, 4319436.393, 138
Trd, 4319437.743, 140
Trd, 4319438.443, 140
Trd, 4319438.593, 138
Trd, 4319439.293, 140
Trd, 4319439.343, 140
Trd, 4319440.893, 140
Trd, 4319441.293, 140
Trd, 4319441.693, 140
Trd, 4319442.493, 140
Trd, 4319443.343, 97
Trd, 4319443.943, 140
Trd, 4319445.093, 140
Trd, 4319445.193, 140
Trd, 4319445.393, 139
Trd, 4319446.243, 139
Trd, 4319446.793, 140
Trd, 4319446.943, 139
Trd, 4319447.743, 139
Trd, 4319448.793, 139
Trd, 4319448.993, 99
Trd, 4319449.793, 140
Trd, 4319450.743, 138
Trd, 4319451.293, 138
Trd, 4319451.893, 135
Trd, 4319452.393, 140
Trd, 4319452.743, 140
Trd, 4319454.493, 139
Trd, 4319454.593, 138
Trd, 4319455.443, 140
Trd, 4319456.493, 140
Trd, 4319456.743, 140
Trd, 4319457.543, 140
Trd, 4319458.093, 61
Trd, 4319458.393, 139
Trd, 4319458.793, 60
Trd, 4319459.343, 60
Trd, 4319459.943, 60
Trd, 4319460.693, 140
Trd, 4319462.493, 140
Trd, 4319462.993, 140
Trd, 4319463.443, 140
Trd, 4319464.243, 140
Trd, 4319464.543, 140
Trd, 4319464.693, 140
Trd, 4319465.093, 139
Trd, 4319467.193, 140
Trd, 4319467.893, 140
Trd, 4319468.543, 140
Trd, 4319468.793, 140
Trd, 4319469.643, 140
Trd, 4319470.593, 140
Trd, 4319471.343, 139
Trd, 4319471.593, 138
Trd, 4319471.993, 138
Trd, 4319472.093, 135
Trd, 4319473.193, 140
Trd, 4319473.293, 140
Trd, 4319474.043, 140
Trd, 4319475.343, 140
Trd, 4319475.393, 140
Trd, 4319476.093, 140
Trd, 4319476.843, 140
Trd, 4319478.193, 140
Trd, 4319478.293, 139
Trd, 4319479.093, 140
Trd, 4319479.343, 140
Trd, 4319480.343, 140
Trd, 4319480.693, 140
Trd, 4319480.793, 139
Trd, 4319482.043, 140
Trd, 4319482.743, 140
Trd, 4319483.093, 139
Trd, 4319484.293, 140
Trd, 4319484.943, 140
Trd, 4319485.593, 140
Trd, 4319486.443, 140
Trd, 4319486.993, 140
Trd, 4319487.243, 137
Trd, 4319487.543, 62
Trd, 4319487.793, 85
Trd, 4319488.993, 139
Trd, 4319490.393, 140
Trd, 4319490.493, 140
Trd, 4319491.093, 140
Trd, 4319491.143, 138
Trd, 4319491.643, 107
Trd, 4319492.593, 140
Trd, 4319493.243, 62
Trd, 4319494.343, 139
Trd, 4319494.593, 140
Trd, 4319495.593, 139
Trd, 4319495.793, 137
Trd, 4319497.993, 140
Trd, 4319498.193, 140
Trd, 4319499.243, 140
Trd, 4319499.493, 140
Trd, 4319499.793, 140
Trd, 4319501.243, 140
Trd, 4319502.093, 140
Trd, 4319502.293, 140
Trd, 4319502.593, 140
Trd, 4319503.243, 140
Trd, 4319503.893, 140
Trd, 4319504.143, 139
Trd, 4319504.643, 140
Trd, 4319505.843, 140
Trd, 4319508.043, 140
Trd, 4319508.843, 140
Trd, 4319509.393, 140
Trd, 4319509.743, 137
Trd, 4319509.793, 137
Trd, 4319510.993, 140
Trd, 4319511.393, 140
Trd, 4319511.893, 140
Trd, 4319512.293, 139
Trd, 4319512.793, 140
Trd, 4319513.343, 140
Trd, 4319513.893, 140
Trd, 4319514.893, 140
Trd, 4319515.093, 138
Trd, 4319516.893, 140
Trd, 4319517.543, 139
Trd, 4319517.743, 140
Trd, 4319518.243, 140
Trd, 4319520.243, 140
Trd, 4319520.293, 140
Trd, 4319521.093, 139
Trd, 4319521.943, 140
Trd, 4319522.543, 140
Trd, 4319522.893, 140
Trd, 4319523.343, 138
Trd, 4319523.543, 61
Trd, 4319523.843, 61
Trd, 4319523.993, 62
Trd, 4319525.743, 140
Trd, 4319526.093, 140
Trd, 4319526.343, 140
Trd, 4319527.093, 140
Trd, 4319527.193, 139
Trd, 4319527.643, 65
Trd, 4319528.843, 140
Trd, 4319530.043, 140
Trd, 4319530.143, 139
Trd, 4319530.293, 137
Trd, 4319530.993, 140
Trd, 4319531.493, 140
Trd, 4319532.393, 140
Trd, 4319533.593, 140
Trd, 4319533.743, 140
Trd, 4319534.093, 140
Trd, 4319534.993, 140
Trd, 4319535.543, 140
Trd, 4319535.693, 138
Trd, 4319535.893, 139
Trd, 4319536.893, 140
Trd, 4319537.993, 138
Trd, 4319538.843, 140
Trd, 4319539.543, 138
Trd, 4319539.943, 140
Trd, 4319541.693, 140
Trd, 4319541.843, 140
Trd, 4319542.143, 140
Trd, 4319542.743, 140
Trd, 4319542.793, 139
Trd, 4319542.893, 90
Trd, 4319543.843, 139
Trd, 4319543.943, 136
Trd, 4319544.293, 140
Trd, 4319545.593, 140
Trd, 4319546.993, 69
Trd, 4319547.393, 66
Trd, 4319547.543, 63
Trd, 4319548.293, 140
Trd, 4319548.593, 139
Trd, 4319549.043, 133
Trd, 4319550.643, 140
Trd, 4319551.793, 140
Trd, 4319551.843, 140
Trd, 4319552.793, 140
Trd, 4319552.843, 140
Trd, 4319553.543, 139
Trd, 4319554.243, 140
Trd, 4319554.543, 140
Trd, 4319554.943, 139
Trd, 4319555.643, 140
Trd, 4319556.543, 139
Trd, 4319557.193, 140
Trd, 4319559.743, 139
Trd, 4319560.893, 140
Trd, 4319561.643, 140
Trd, 4319561.993, 140
Trd, 4319562.043, 139
Trd, 4319562.193, 139
Trd, 4319562.243, 136
Trd, 4319562.693, 71
Trd, 4319563.043, 72
Trd, 4319563.293, 61
Trd, 4319564.043, 61
Trd, 4319564.593, 68
Trd, 4319565.343, 61
Trd, 4319565.543, 62
Trd, 4319566.543, 140
Trd, 4319567.343, 140
Trd, 4319567.593, 140
Trd, 4319567.743, 140
Trd, 4319569.443, 140
Trd, 4319569.493, 140
Trd, 4319569.793, 140
Trd, 4319570.043, 138
Trd, 4319571.293, 60
Trd, 4319571.393, 67
Trd, 4319572.943, 140
Trd, 4319573.343, 136
Trd, 4319575.043, 140
Trd, 4319575.393, 139
Trd, 4319576.393, 140
Trd, 4319576.993, 139
Trd, 4319577.093, 87
Trd, 4319577.243, 62
Trd, 4319578.643, 140
Trd, 4319579.343, 140
Trd, 4319580.643, 140
Trd, 4319580.943, 139
Trd, 4319581.593, 140
Trd, 4319581.993, 140
Trd, 4319582.743, 140
Trd, 4319583.393, 140
Trd, 4319583.993, 139
Trd, 4319584.193, 138
Trd, 4319584.393, 135
Trd, 4319585.843, 140
Trd, 4319586.593, 140
Trd, 4319586.743, 140
Trd, 4319587.593, 139
Trd, 4319588.493, 140
Trd, 4319588.543, 140
Trd, 4319589.193, 140
Trd, 4319590.393, 140
Trd, 4319590.593, 140
Trd, 4319591.643, 140
Trd, 4319592.593, 140
Trd, 4319593.193, 140
Trd, 4319593.643, 140
Trd, 4319594.193, 140
Trd, 4319595.393, 140
Trd, 4319595.943, 140
Trd, 4319596.143, 140
Trd, 4319596.243, 139
Trd, 4319597.493, 138
Trd, 4319598.243, 140
Trd, 4319598.393, 140
Trd, 4319599.293, 140
Trd, 4319599.943, 140
Trd, 4319600.393, 139
Trd, 4319601.193, 135
Trd, 4319601.343, 96
Trd, 4319602.093, 63
Trd, 4319603.143, 140
Trd, 4319604.993, 140
Trd, 4319605.143, 140
Trd, 4319605.343, 139
Trd, 4319605.943, 138
Trd, 4319607.143, 140
Trd, 4319607.393, 140
Trd, 4319607.543, 138
Trd, 4319608.143, 139
Trd, 4319608.593, 137
Trd, 4319608.743, 75
Trd, 4319610.693, 140
Trd, 4319610.943, 139
Trd, 4319611.393, 139
Trd, 4319612.643, 60
Trd, 4319612.843, 61
Trd, 4319612.943, 62
Trd, 4319613.293, 66
Trd, 4319613.843, 140
Trd, 4319614.643, 140
Trd, 4319615.143, 140
Trd, 4319615.543, 138
Trd, 4319616.343, 140
Trd, 4319616.643, 138
Trd, 4319616.943, 89
Trd, 4319617.743, 60
Trd, 4319618.193, 65
Trd, 4319619.043, 76
Trd, 4319619.843, 60
Trd, 4319620.893, 62
Trd, 4319621.943, 140
Trd, 4319621.993, 137
Trd, 4319623.293, 61
Trd, 4319623.343, 66
Trd, 4319624.293, 60
Trd, 4319625.193, 67
Trd, 4319625.643, 139
Trd, 4319626.093, 70
Trd, 4319626.143, 72
Trd, 4319626.943, 61
Trd, 4319627.793, 60
Trd, 4319628.343, 66
Trd, 4319628.943, 64
Trd, 4319629.343, 64
Trd, 4319629.643, 140
Trd, 4319630.393, 61
Trd, 4319630.693, 60
Trd, 4319631.643, 140
Trd, 4319632.143, 140
Trd, 4319632.593, 140
Trd, 4319632.693, 140
Trd, 4319634.543, 65
Trd, 4319634.643, 66
Trd, 4319634.993, 140
Trd, 4319635.243, 139
Trd, 4319635.343, 138
Trd, 4319637.193, 140
Trd, 4319637.393, 140
Trd, 4319637.493, 136
Trd, 4319638.293, 140
Trd, 4319638.343, 140
Trd, 4319639.493, 140
Trd, 4319639.893, 140
Trd, 4319640.443, 60
Trd, 4319641.193, 60
Trd, 4319641.493, 61
Trd, 4319641.743, 60
Trd, 4319641.843, 65
Trd, 4319642.493, 140
Trd, 4319643.443, 60
Trd, 4319643.543, 61
Trd, 4319645.343, 140
Trd, 4319645.393, 76
Trd, 4319645.693, 60
Trd, 4319646.443, 69
Trd, 4319647.043, 138
Trd, 4319647.793, 140
Trd, 4319648.593, 140
Trd, 4319648.943, 139
Trd, 4319650.893, 140
Trd, 4319652.343, 140
Trd, 4319652.543, 140
Trd, 4319652.593, 140
Trd, 4319652.943, 140
Trd, 4319653.493, 140
Trd, 4319653.993, 140
Trd, 4319654.643, 140
Trd, 4319654.943, 139
Trd, 4319655.193, 136
Trd, 4319657.393, 139
Trd, 4319657.443, 137
Trd, 4319657.893, 140
Trd, 4319658.643, 133
Trd, 4319658.743, 139
Trd, 4319658.993, 139
Trd, 4319659.943, 139
Trd, 4319660.493, 140
Trd, 4319660.843, 140
Trd, 4319661.793, 140
Trd, 4319661.943, 140
Trd, 4319662.243, 140
Trd, 4319663.793, 140
Trd, 4319664.143, 140
Trd, 4319664.393, 140
Trd, 4319664.493, 140
Trd, 4319666.143, 140
Trd, 4319667.443, 140
Trd, 4319668.443, 140
Trd, 4319668.593, 139
Trd, 4319668.643, 138
Trd, 4319668.893, 136
Trd, 4319668.993, 140
Trd, 4319669.093, 128
Trd, 4319669.743, 61
Trd, 4319669.893, 64
Trd, 4319670.493, 66
Trd, 4319670.893, 60
Trd, 4319671.943, 135
Trd, 4319672.893, 62
Trd, 4319673.193, 62
Trd, 4319674.493, 140
Trd, 4319675.543, 139
Trd, 4319676.243, 138
Trd, 4319676.743, 62
Trd, 4319677.193, 140
Trd, 4319677.693, 140
Trd, 4319677.743, 139
Trd, 4319679.193, 66
Trd, 4319679.693, 62
Trd, 4319680.393, 67
Trd, 4319680.593, 61
Trd, 4319682.193, 140
Trd, 4319682.543, 140
Trd, 4319683.193, 140
Trd, 4319683.743, 140
Trd, 4319684.743, 140
Trd, 4319684.843, 140
Trd, 4319686.293, 140
Trd, 4319687.143, 140
Trd, 4319687.893, 140
Trd, 4319688.493, 139
Trd, 4319688.743, 139
Trd, 4319688.943, 139
Trd, 4319689.343, 139
Trd, 4319691.043, 140
Trd, 4319691.443, 140
Trd, 4319691.793, 140
Trd, 4319692.443, 140
Trd, 4319692.643, 140
Trd, 4319694.043, 137
Trd, 4319694.143, 136
Trd, 4319694.643, 140
Trd, 4319694.993, 139
Trd, 4319695.243, 140
Trd, 4319696.543, 140
Trd, 4319696.643, 139
Trd, 4319696.893, 62
Trd, 4319697.593, 70
Trd, 4319697.943, 60
Trd, 4319698.593, 61
Trd, 4319699.343, 60
Trd, 4319700.843, 64
Trd, 4319701.443, 140
Trd, 4319701.643, 140
Trd, 4319702.543, 140
Trd, 4319703.093, 140
Trd, 4319703.293, 140
Trd, 4319703.793, 140
Trd, 4319704.793, 140
Trd, 4319706.243, 140
Trd, 4319706.993, 140
Trd, 4319707.243, 138
Trd, 4319707.443, 62
Trd, 4319708.043, 62
Trd, 4319709.393, 140
Trd, 4319709.793, 140
Trd, 4319710.193, 139
Trd, 4319711.693, 140
Trd, 4319712.343, 140
Trd, 4319712.743, 139
Trd, 4319712.993, 140
Trd, 4319713.443, 135
Trd, 4319714.393, 140
Trd, 4319715.143, 140
Trd, 4319715.343, 140
Trd, 4319715.743, 138
Trd, 4319715.943, 138
Trd, 4319716.093, 63
Trd, 4319716.943, 74
Trd, 4319717.643, 139
Trd, 4319717.943, 137
Trd, 4319719.393, 140
Trd, 4319719.593, 140
Trd, 4319721.143, 140
Trd, 4319721.493, 140
Trd, 4319721.593, 140
Trd, 4319721.643, 139
Trd, 4319722.343, 140
Trd, 4319722.993, 139
Trd, 4319723.493, 140
Trd, 4319723.543, 112
Trd, 4319725.243, 139
Trd, 4319726.793, 139
Trd, 4319726.843, 139
Trd, 4319727.143, 139
Trd, 4319728.193, 61
Trd, 4319728.543, 67
Trd, 4319729.043, 140
Trd, 4319730.493, 140
Trd, 4319730.593, 140
Trd, 4319730.943, 140
Trd, 4319731.393, 140
Trd, 4319732.043, 140
Trd, 4319732.243, 138
Trd, 4319732.443, 64
Trd, 4319733.593, 63
Trd, 4319735.093, 140
Trd, 4319735.143, 140
Trd, 4319735.443, 139
Trd, 4319736.593, 139
Trd, 4319737.093, 140
Trd, 4319737.543, 140
Trd, 4319737.943, 135
Trd, 4319738.643, 140
Trd, 4319738.693, 96
Trd, 4319739.493, 139
Trd, 4319739.693, 138
Trd, 4319740.943, 70
Trd, 4319741.743, 140
Trd, 4319742.193, 140
Trd, 4319742.943, 140
Trd, 4319744.643, 140
Trd, 4319745.143, 140
Trd, 4319745.593, 140
Trd, 4319746.093, 140
Trd, 4319746.343, 140
Trd, 4319746.493, 138
Trd, 4319746.793, 97
Trd, 4319748.543, 140
Trd, 4319748.743, 140
Trd, 4319748.943, 138
Trd, 4319749.893, 140
Trd, 4319750.743, 140
Trd, 4319751.743, 140
Trd, 4319752.343, 140
Trd, 4319753.443, 140
Trd, 4319753.693, 140
Trd, 4319754.043, 140
Trd, 4319754.593, 140
Trd, 4319756.093, 140
Trd, 4319756.193, 140
Trd, 4319756.493, 140
Trd, 4319756.643, 140
Trd, 4319757.993, 139
Trd, 4319759.743, 140
Trd, 4319759.993, 139
Trd, 4319760.143, 140
Trd, 4319760.743, 140
Trd, 4319761.743, 140
Trd, 4319762.093, 140
Trd, 4319762.343, 140
Trd, 4319763.393, 140
Trd, 4319763.543, 138
Trd, 4319764.393, 140
Trd, 4319765.143, 139
Trd, 4319765.393, 140
Trd, 4319766.393, 140
Trd, 4319766.693, 140
Trd, 4319768.243, 140
Trd, 4319768.643, 140
Trd, 4319768.943, 139
Trd, 4319769.443, 140
Trd, 4319769.943, 140
Trd, 4319770.993, 140
Trd, 4319772.493, 140
Trd, 4319773.843, 140
Trd, 4319774.193, 140
Trd, 4319774.593, 140
Trd, 4319775.243, 140
Trd, 4319775.593, 140
Trd, 4319776.793, 140
Trd, 4319777.243, 140
Trd, 4319777.643, 140
Trd, 4319778.493, 140
Trd, 4319778.993, 140
Trd, 4319779.143, 139
Trd, 4319780.443, 140
Trd, 4319781.593, 140
Trd, 4319781.693, 139
Trd, 4319783.893, 140
Trd, 4319784.243, 139
Trd, 4319784.743, 70
Trd, 4319784.793, 71
Trd, 4319785.893, 71
Trd, 4319786.093, 140
Trd, 4319786.293, 60
Trd, 4319786.993, 72
Trd, 4319787.443, 139
Trd, 4319787.943, 71
Trd, 4319789.243, 139
Trd, 4319789.643, 137
Trd, 4319790.493, 140
Trd, 4319790.693, 140
Trd, 4319791.543, 140
Trd, 4319792.293, 139
Trd, 4319792.693, 140
Trd, 4319793.493, 140
Trd, 4319793.793, 139
Trd, 4319794.543, 140
Trd, 4319795.543, 140
Trd, 4319796.143, 139
Trd, 4319797.193, 138
Trd, 4319798.343, 140
Trd, 4319798.393, 140
Trd, 4319799.193, 140
Trd, 4319799.693, 139
Trd, 4319799.943, 139
Trd, 4319800.743, 140
Trd, 4319800.793, 114
Trd, 4319801.543, 60
Trd, 4319802.243, 60
Trd, 4319802.543, 66
Trd, 4319803.143, 140
Trd, 4319804.543, 140
Trd, 4319805.293, 140
Trd, 4319806.543, 140
Trd, 4319806.943, 140
Trd, 4319807.593, 140
Trd, 4319807.793, 139
Trd, 4319808.193, 140
Trd, 4319809.293, 140
Trd, 4319809.993, 140
Trd, 4319811.443, 140
Trd, 4319811.493, 140
Trd, 4319811.593, 139
Trd, 4319812.043, 140
Trd, 4319812.293, 140
Trd, 4319812.543, 72
Trd, 4319813.443, 140
Trd, 4319813.593, 139
Trd, 4319813.843, 140
Trd, 4319815.993, 140
Trd, 4319816.043, 138
Trd, 4319816.443, 140
Trd, 4319817.293, 140
Trd, 4319817.993, 140
Trd, 4319818.643, 140
Trd, 4319818.743, 140
Trd, 4319818.843, 139
Trd, 4319819.593, 139
Trd, 4319821.543, 140
Trd, 4319821.943, 140
Trd, 4319822.093, 119
Trd, 4319823.943, 140
Trd, 4319824.393, 140
Trd, 4319825.293, 140
Trd, 4319825.893, 140
Trd, 4319826.543, 140
Trd, 4319826.743, 140
Trd, 4319827.493, 140
Trd, 4319827.743, 140
Trd, 4319828.443, 140
Trd, 4319828.843, 140
Trd, 4319829.943, 139
Trd, 4319830.743, 140
Trd, 4319831.693, 140
Trd, 4319831.843, 140
Trd, 4319832.243, 140
Trd, 4319832.443, 139
Trd, 4319832.893, 133
Trd, 4319833.893, 140
Trd, 4319835.293, 140
Trd, 4319835.793, 138
Trd, 4319835.893, 138
Trd, 4319836.743, 69
Trd, 4319837.543, 140
Trd, 4319838.243, 140
Trd, 4319838.343, 139
Trd, 4319839.743, 140
Trd, 4319839.993, 140
Trd, 4319840.543, 140
Trd, 4319841.343, 139
Trd, 4319842.343, 140
Trd, 4319843.393, 140
Trd, 4319843.693, 139
Trd, 4319844.193, 139
Trd, 4319844.293, 138
Trd, 4319845.043, 139
Trd, 4319845.993, 140
Trd, 4319846.843, 140
Trd, 4319847.393, 140
Trd, 4319848.543, 140
Trd, 4319848.743, 140
Trd, 4319849.243, 139
Trd, 4319849.693, 140
Trd, 4319850.293, 140
Trd, 4319850.993, 140
Trd, 4319851.093, 137
Trd, 4319851.393, 135
Trd, 4319851.643, 140
Trd, 4319851.893, 134
Trd, 4319852.393, 61
Trd, 4319854.593, 139
Trd, 4319854.693, 138
Trd, 4319855.193, 138
Trd, 4319856.143, 137
Trd, 4319856.743, 61
Trd, 4319856.793, 63
Trd, 4319857.243, 139
Trd, 4319858.143, 62
Trd, 4319858.543, 104
Trd, 4319859.043, 140
Trd, 4319859.743, 140
Trd, 4319859.843, 138
Trd, 4319862.343, 140
Trd, 4319862.743, 140
Trd, 4319862.893, 139
Trd, 4319862.993, 138
Trd, 4319863.293, 139
Trd, 4319863.493, 137
Trd, 4319863.843, 86
Trd, 4319864.943, 61
Trd, 4319865.393, 64
Trd, 4319865.593, 64
Trd, 4319866.843, 140
Trd, 4319867.843, 140
Trd, 4319868.243, 140
Trd, 4319868.393, 139
Trd, 4319868.743, 138
Trd, 4319868.943, 138
Trd, 4319869.193, 132
Trd, 4319869.743, 139
Trd, 4319870.293, 139
Trd, 4319871.393, 140
Trd, 4319872.193, 137
Trd, 4319872.593, 136
Trd, 4319872.743, 135
Trd, 4319874.543, 139
Trd, 4319875.593, 140
Trd, 4319875.793, 140
Trd, 4319876.643, 140
Trd, 4319876.793, 139
Trd, 4319877.143, 140
Trd, 4319878.693, 140
Trd, 4319878.993, 140
Trd, 4319879.943, 135
Trd, 4319881.193, 60
Trd, 4319882.193, 62
Trd, 4319882.393, 62
Trd, 4319882.893, 65
Trd, 4319883.493, 63
Trd, 4319883.543, 67
Trd, 4319883.743, 68
Trd, 4319884.743, 60
Trd, 4319884.893, 68
Trd, 4319885.643, 140
Trd, 4319885.693, 137
Trd, 4319886.543, 136
Trd, 4319886.993, 106
Trd, 4319887.843, 140
Trd, 4319888.393, 136
Trd, 4319888.643, 75
Trd, 4319890.943, 140
Trd, 4319891.543, 140
Trd, 4319891.643, 139
Trd, 4319892.793, 140
Trd, 4319892.943, 140
Trd, 4319893.143, 139
Trd, 4319894.043, 140
Trd, 4319894.543, 140
Trd, 4319895.343, 140
Trd, 4319895.993, 140
Trd, 4319896.193, 139
Trd, 4319896.443, 138
Trd, 4319896.793, 140
Trd, 4319897.293, 139
Trd, 4319898.093, 78
Trd, 4319898.593, 139
Trd, 4319900.043, 140
Trd, 4319900.343, 140
Trd, 4319900.893, 140
Trd, 4319901.693, 140
Trd, 4319902.243, 140
Trd, 4319902.893, 140
Trd, 4319903.343, 140
Trd, 4319903.693, 138
Trd, 4319905.093, 140
Trd, 4319906.043, 140
Trd, 4319906.293, 140
Trd, 4319907.443, 140
Trd, 4319907.643, 140
Trd, 4319907.943, 140
Trd, 4319908.693, 140
Trd, 4319909.093, 140
Trd, 4319910.243, 140
Trd, 4319910.893, 140
Trd, 4319912.293, 140
Trd, 4319912.943, 140
Trd, 4319913.093, 140
Trd, 4319913.493, 64
Trd, 4319914.493, 140
Trd, 4319914.743, 140
Trd, 4319914.843, 137
Trd, 4319915.493, 140
Trd, 4319915.643, 140
Trd, 4319916.493, 140
Trd, 4319916.543, 139
Trd, 4319916.943, 140
Trd, 4319917.693, 61
Trd, 4319918.493, 62
Trd, 4319918.943, 67
Trd, 4319919.343, 140
Trd, 4319920.743, 140
Trd, 4319921.093, 133
Trd, 4319921.293, 85
Trd, 4319922.093, 61
Trd, 4319922.243, 62
Trd, 4319922.493, 68
Trd, 4319922.993, 65
Trd, 4319923.443, 61
Trd, 4319924.743, 140
Trd, 4319925.043, 140
Trd, 4319926.143, 140
Trd, 4319926.293, 139
Trd, 4319927.593, 140
Trd, 4319929.043, 140
Trd, 4319929.393, 140
Trd, 4319929.843, 139
Trd, 4319930.193, 140
Trd, 4319930.443, 62
Trd, 4319930.793, 140
Trd, 4319931.293, 140
Trd, 4319932.243, 139
Trd, 4319932.843, 139
Trd, 4319933.343, 139
Trd, 4319934.343, 66
Trd, 4319934.893, 78
Trd, 4319935.443, 60
Trd, 4319936.743, 60
Trd, 4319937.393, 60
Trd, 4319937.593, 61
Trd, 4319938.093, 65
Trd, 4319938.743, 60
Trd, 4319939.293, 65
Trd, 4319939.393, 68
Trd, 4319939.743, 140
Trd, 4319940.243, 60
Trd, 4319941.293, 140
Trd, 4319942.043, 136
Trd, 4319942.393, 64
Trd, 4319942.893, 140
Trd, 4319943.093, 139
Trd, 4319944.943, 60
Trd, 4319945.043, 61
Trd, 4319945.343, 62
Trd, 4319945.493, 64
Trd, 4319946.193, 60
Trd, 4319946.243, 65
Trd, 4319948.143, 140
Trd, 4319948.193, 140
Trd, 4319948.293, 138
Trd, 4319948.443, 61
Trd, 4319949.543, 140
Trd, 4319949.743, 64
Trd, 4319950.343, 140
Trd, 4319951.493, 140
Trd, 4319952.693, 140
Trd, 4319952.843, 139
Trd, 4319953.193, 140
Trd, 4319953.293, 137
Trd, 4319954.793, 71
Trd, 4319955.093, 140
Trd, 4319955.193, 139
Trd, 4319955.293, 140
Trd, 4319956.693, 80
Trd, 4319957.193, 140
Trd, 4319957.843, 65
Trd, 4319958.393, 140
Trd, 4319958.993, 140
Trd, 4319959.093, 139
Trd, 4319959.643, 140
Trd, 4319960.093, 140
Trd, 4319961.593, 140
Trd, 4319962.393, 140
Trd, 4319963.243, 140
Trd, 4319963.293, 138
Trd, 4319963.893, 138
Trd, 4319964.093, 137
Trd, 4319964.393, 140
Trd, 4319965.743, 140
Trd, 4319965.893, 140
Trd, 4319966.943, 140
Trd, 4319967.543, 140
Trd, 4319968.593, 140
Trd, 4319968.643, 140
Trd, 4319969.543, 140
Trd, 4319970.143, 140
Trd, 4319971.393, 140
Trd, 4319972.043, 140
Trd, 4319972.693, 140
Trd, 4319973.843, 140
Trd, 4319975.193, 140
Trd, 4319975.443, 140
Trd, 4319975.743, 140
Trd, 4319976.143, 139
Trd, 4319976.993, 140
Trd, 4319977.243, 138
Trd, 4319977.493, 136
Trd, 4319977.693, 139
Trd, 4319980.093, 140
Trd, 4319980.593, 139
Trd, 4319981.543, 140
Trd, 4319981.743, 140
Trd, 4319982.743, 140
Trd, 4319983.543, 140
Trd, 4319983.643, 139
Trd, 4319983.993, 139
Trd, 4319984.493, 139
Trd, 4319984.643, 139
Trd, 4319985.343, 61
Trd, 4319986.043, 61
Trd, 4319986.693, 60
Trd, 4319989.143, 60
Trd, 4319989.443, 60
Trd, 4319989.593, 60
Trd, 4319990.343, 60
Trd, 4319990.543, 62
Trd, 4319991.243, 60
Trd, 4319992.093, 60
Trd, 4319992.243, 63
Trd, 4319992.293, 66
Trd, 4319993.293, 60
Trd, 4319994.143, 140
Trd, 4319995.343, 140
Trd, 4319995.543, 140
Trd, 4319996.043, 140
Trd, 4319996.243, 139
Trd, 4319997.093, 140
Trd, 4319997.293, 140
Trd, 4319997.393, 124
Trd, 4319998.343, 111
Trd, 4319998.943, 139
