Trd, 4318037.243, 140
Trd, 4318037.643, 140
Trd, 4318040.193, 140
Trd, 4318040.393, 140
Trd, 4318040.593, 138
Trd, 4318041.843, 125
Trd, 4318041.893, 124
Trd, 4318042.093, 115
Trd, 4318042.543, 134
Trd, 4318044.893, 140
Trd, 4318046.943, 140
Trd, 4318047.243, 140
Trd, 4318048.243, 140
Trd, 4318048.293, 138
Trd, 4318048.793, 75
Trd, 4318049.193, 66
Trd, 4318050.243, 105
Trd, 4318051.143, 140
Trd, 4318051.843, 140
Trd, 4318052.293, 140
Trd, 4318052.893, 140
Trd, 4318053.593, 140
Trd, 4318056.243, 140
Trd, 4318056.743, 140
Trd, 4318057.243, 140
Trd, 4318057.293, 140
Trd, 4318058.093, 140
Trd, 4318058.493, 140
Trd, 4318060.443, 140
Trd, 4318061.043, 140
Trd, 4318062.693, 140
Trd, 4318063.043, 140
Trd, 4318063.243, 140
Trd, 4318064.443, 94
Trd, 4318064.993, 84
Trd, 4318066.643, 140
Trd, 4318067.393, 140
Trd, 4318067.643, 139
Trd, 4318068.693, 125
Trd, 4318070.443, 140
Trd, 4318070.843, 140
Trd, 4318072.243, 140
Trd, 4318072.793, 140
Trd, 4318073.243, 140
Trd, 4318073.843, 140
Trd, 4318074.593, 140
Trd, 4318075.893, 140
Trd, 4318076.543, 140
Trd, 4318077.993, 140
Trd, 4318078.743, 140
Trd, 4318079.343, 139
Trd, 4318079.943, 138
Trd, 4318080.193, 138
Trd, 4318081.143, 71
Trd, 4318081.743, 61
Trd, 4318082.093, 61
Trd, 4318082.893, 62
Trd, 4318085.743, 140
Trd, 4318086.193, 140
Trd, 4318086.243, 140
Trd, 4318087.193, 140
Trd, 4318087.243, 140
Trd, 4318088.593, 140
Trd, 4318089.693, 138
Trd, 4318089.993, 140
Trd, 4318091.143, 96
Trd, 4318092.643, 140
Trd, 4318093.093, 139
Trd, 4318093.943, 140
Trd, 4318094.393, 140
Trd, 4318095.693, 140
Trd, 4318095.743, 139
Trd, 4318097.693, 140
Trd, 4318098.943, 140
Trd, 4318099.143, 140
Trd, 4318100.193, 140
Trd, 4318100.793, 140
Trd, 4318101.743, 140
Trd, 4318102.643, 140
Trd, 4318103.143, 140
Trd, 4318103.343, 140
Trd, 4318105.793, 140
Trd, 4318106.843, 140
Trd, 4318107.443, 140
Trd, 4318109.893, 140
Trd, 4318110.693, 140
Trd, 4318111.993, 140
Trd, 4318113.493, 140
Trd, 4318114.243, 140
Trd, 4318116.143, 140
Trd, 4318116.393, 139
Trd, 4318116.493, 137
Trd, 4318117.443, 61
Trd, 4318117.993, 64
Trd, 4318118.093, 135
Trd, 4318118.793, 138
Trd, 4318119.843, 139
Trd, 4318120.543, 119
Trd, 4318120.693, 62
Trd, 4318121.343, 65
Trd, 4318121.943, 133
Trd, 4318123.243, 140
Trd, 4318124.793, 140
Trd, 4318126.443, 140
Trd, 4318127.843, 140
Trd, 4318127.943, 140
Trd, 4318128.993, 140
Trd, 4318129.693, 138
Trd, 4318131.193, 140
Trd, 4318133.143, 140
Trd, 4318133.443, 140
Trd, 4318134.693, 140
Trd, 4318134.743, 140
Trd, 4318136.243, 140
Trd, 4318136.443, 140
Trd, 4318137.043, 140
Trd, 4318137.893, 140
Trd, 4318138.993, 140
Trd, 4318140.193, 140
Trd, 4318141.693, 140
Trd, 4318142.743, 140
Trd, 4318142.843, 139
Trd, 4318144.143, 140
Trd, 4318144.693, 140
Trd, 4318145.543, 134
Trd, 4318146.993, 126
Trd, 4318147.843, 98
Trd, 4318148.243, 97
Trd, 4318149.293, 67
Trd, 4318151.693, 73
Trd, 4318152.543, 73
Trd, 4318152.643, 72
Trd, 4318152.693, 75
Trd, 4318152.743, 76
Trd, 4318152.843, 70
Trd, 4318154.293, 116
Trd, 4318155.093, 65
Trd, 4318156.943, 69
Trd, 4318157.593, 71
Trd, 4318158.393, 60
Trd, 4318158.543, 63
Trd, 4318159.043, 61
Trd, 4318160.193, 62
Trd, 4318161.043, 63
Trd, 4318161.393, 70
Trd, 4318161.843, 123
Trd, 4318163.893, 61
Trd, 4318164.143, 62
Trd, 4318164.393, 63
Trd, 4318164.893, 62
Trd, 4318166.243, 119
Trd, 4318167.093, 119
Trd, 4318167.143, 118
Trd, 4318169.743, 140
Trd, 4318169.793, 140
Trd, 4318170.443, 140
Trd, 4318171.243, 140
Trd, 4318171.543, 140
Trd, 4318172.493, 106
Trd, 4318173.693, 132
Trd, 4318174.243, 140
Trd, 4318174.343, 140
Trd, 4318175.893, 140
Trd, 4318176.343, 140
Trd, 4318177.743, 138
Trd, 4318178.093, 138
Trd, 4318178.993, 103
Trd, 4318180.143, 140
Trd, 4318180.993, 140
Trd, 4318182.143, 140
Trd, 4318182.593, 93
Trd, 4318182.693, 94
Trd, 4318185.143, 140
Trd, 4318185.543, 140
Trd, 4318186.943, 140
Trd, 4318188.193, 140
Trd, 4318188.293, 140
Trd, 4318188.443, 140
Trd, 4318190.193, 140
Trd, 4318190.343, 140
Trd, 4318190.693, 140
Trd, 4318191.393, 139
Trd, 4318192.443, 130
Trd, 4318192.743, 125
Trd, 4318193.143, 92
Trd, 4318195.593, 140
Trd, 4318195.893, 140
Trd, 4318196.143, 139
Trd, 4318196.293, 139
Trd, 4318199.093, 140
Trd, 4318199.693, 140
Trd, 4318199.793, 140
Trd, 4318201.093, 140
Trd, 4318201.493, 140
Trd, 4318201.693, 140
Trd, 4318201.993, 87
Trd, 4318202.193, 66
Trd, 4318202.943, 74
Trd, 4318203.393, 88
Trd, 4318206.293, 140
Trd, 4318206.493, 140
Trd, 4318206.643, 140
Trd, 4318207.493, 138
Trd, 4318207.793, 136
Trd, 4318208.043, 64
Trd, 4318209.043, 60
Trd, 4318209.243, 83
Trd, 4318210.943, 140
Trd, 4318210.993, 139
Trd, 4318211.693, 62
Trd, 4318212.493, 60
Trd, 4318213.543, 102
Trd, 4318215.193, 140
Trd, 4318216.593, 140
Trd, 4318217.793, 140
Trd, 4318218.293, 140
Trd, 4318218.743, 139
Trd, 4318218.943, 140
Trd, 4318219.743, 140
Trd, 4318220.693, 127
Trd, 4318222.743, 140
Trd, 4318224.693, 140
Trd, 4318225.193, 140
Trd, 4318225.943, 140
Trd, 4318226.543, 140
Trd, 4318227.893, 140
Trd, 4318229.343, 140
Trd, 4318229.643, 140
Trd, 4318229.843, 140
Trd, 4318230.043, 140
Trd, 4318230.893, 140
Trd, 4318232.843, 140
Trd, 4318233.893, 139
Trd, 4318234.743, 140
Trd, 4318236.243, 140
Trd, 4318236.393, 139
Trd, 4318236.843, 137
Trd, 4318239.343, 140
Trd, 4318239.393, 136
Trd, 4318240.293, 140
Trd, 4318241.893, 140
Trd, 4318242.843, 140
Trd, 4318243.243, 140
Trd, 4318243.993, 140
Trd, 4318244.393, 140
Trd, 4318245.793, 140
Trd, 4318245.843, 140
Trd, 4318246.293, 140
Trd, 4318248.343, 140
Trd, 4318248.393, 140
Trd, 4318248.493, 137
Trd, 4318249.743, 117
Trd, 4318250.043, 113
Trd, 4318250.393, 119
Trd, 4318251.143, 64
Trd, 4318253.143, 140
Trd, 4318254.043, 140
Trd, 4318254.243, 139
Trd, 4318254.443, 137
Trd, 4318255.243, 140
Trd, 4318255.643, 140
Trd, 4318255.743, 139
Trd, 4318256.743, 103
Trd, 4318258.293, 99
Trd, 4318259.393, 107
Trd, 4318259.493, 128
Trd, 4318261.143, 139
Trd, 4318261.193, 138
Trd, 4318261.443, 136
Trd, 4318262.893, 140
Trd, 4318263.543, 140
Trd, 4318265.693, 140
Trd, 4318267.193, 140
Trd, 4318267.443, 140
Trd, 4318268.143, 140
Trd, 4318268.943, 140
Trd, 4318269.193, 140
Trd, 4318269.843, 140
Trd, 4318270.493, 140
Trd, 4318271.743, 140
Trd, 4318272.543, 140
Trd, 4318274.893, 140
Trd, 4318275.843, 140
Trd, 4318276.243, 140
Trd, 4318276.543, 140
Trd, 4318277.243, 140
Trd, 4318278.293, 140
Trd, 4318278.543, 140
Trd, 4318280.243, 140
Trd, 4318280.843, 140
Trd, 4318282.093, 140
Trd, 4318283.343, 140
Trd, 4318283.743, 140
Trd, 4318283.893, 140
Trd, 4318285.393, 140
Trd, 4318286.143, 140
Trd, 4318288.243, 140
Trd, 4318288.443, 140
Trd, 4318289.243, 140
Trd, 4318290.193, 140
Trd, 4318292.243, 140
Trd, 4318292.493, 140
Trd, 4318292.693, 140
Trd, 4318293.443, 140
Trd, 4318294.093, 140
Trd, 4318294.943, 140
Trd, 4318296.593, 140
Trd, 4318297.043, 140
Trd, 4318297.243, 140
Trd, 4318297.493, 140
Trd, 4318298.793, 140
Trd, 4318299.493, 138
Trd, 4318299.943, 140
Trd, 4318301.143, 140
Trd, 4318302.043, 139
Trd, 4318303.393, 140
Trd, 4318304.143, 140
Trd, 4318304.343, 140
Trd, 4318304.993, 140
Trd, 4318305.493, 139
Trd, 4318307.143, 139
Trd, 4318308.143, 140
Trd, 4318309.193, 140
Trd, 4318311.893, 140
Trd, 4318312.593, 140
Trd, 4318313.093, 140
Trd, 4318313.743, 140
Trd, 4318314.243, 140
Trd, 4318315.193, 140
Trd, 4318315.543, 140
Trd, 4318318.093, 140
Trd, 4318319.693, 140
Trd, 4318321.143, 140
Trd, 4318321.743, 140
Trd, 4318321.843, 140
Trd, 4318321.993, 140
Trd, 4318322.143, 136
Trd, 4318322.443, 110
Trd, 4318324.443, 140
Trd, 4318325.793, 140
Trd, 4318326.493, 140
Trd, 4318326.893, 140
Trd, 4318327.043, 140
Trd, 4318327.393, 140
Trd, 4318329.943, 140
Trd, 4318330.393, 140
Trd, 4318330.493, 140
Trd, 4318330.643, 140
Trd, 4318332.143, 140
Trd, 4318332.843, 140
Trd, 4318334.993, 140
Trd, 4318337.243, 140
Trd, 4318337.743, 140
Trd, 4318337.843, 140
Trd, 4318338.293, 140
Trd, 4318338.393, 139
Trd, 4318338.493, 87
Trd, 4318339.193, 139
Trd, 4318341.593, 140
Trd, 4318342.293, 140
Trd, 4318343.843, 140
Trd, 4318345.393, 140
Trd, 4318345.643, 140
Trd, 4318347.043, 140
Trd, 4318347.643, 140
Trd, 4318348.143, 140
Trd, 4318348.793, 140
Trd, 4318349.793, 140
Trd, 4318350.343, 140
Trd, 4318351.543, 140
Trd, 4318352.143, 140
Trd, 4318353.293, 140
Trd, 4318353.943, 139
Trd, 4318354.643, 134
Trd, 4318356.093, 140
Trd, 4318356.543, 140
Trd, 4318357.643, 140
Trd, 4318358.743, 140
Trd, 4318359.693, 140
Trd, 4318360.343, 102
Trd, 4318360.943, 101
Trd, 4318361.793, 89
Trd, 4318362.293, 104
Trd, 4318363.093, 80
Trd, 4318363.743, 140
Trd, 4318364.343, 140
Trd, 4318364.443, 140
Trd, 4318365.543, 140
Trd, 4318367.493, 140
Trd, 4318369.043, 140
Trd, 4318369.443, 140
Trd, 4318370.343, 140
Trd, 4318370.393, 140
Trd, 4318371.493, 140
Trd, 4318372.943, 140
Trd, 4318374.443, 140
Trd, 4318374.693, 140
Trd, 4318376.493, 140
Trd, 4318376.543, 140
Trd, 4318377.243, 140
Trd, 4318377.293, 135
Trd, 4318377.943, 134
Trd, 4318378.843, 99
Trd, 4318379.393, 104
Trd, 4318382.043, 140
Trd, 4318382.143, 140
Trd, 4318383.943, 136
Trd, 4318384.193, 140
Trd, 4318387.293, 140
Trd, 4318387.343, 140
Trd, 4318387.443, 140
Trd, 4318387.643, 139
Trd, 4318389.193, 140
Trd, 4318389.493, 140
Trd, 4318389.643, 139
Trd, 4318392.343, 140
Trd, 4318392.543, 140
Trd, 4318392.593, 140
Trd, 4318392.943, 140
Trd, 4318393.293, 140
Trd, 4318395.143, 140
Trd, 4318395.193, 140
Trd, 4318396.493, 140
Trd, 4318397.343, 68
Trd, 4318398.393, 71
Trd, 4318400.193, 140
Trd, 4318400.743, 140
Trd, 4318401.093, 140
Trd, 4318401.343, 140
Trd, 4318401.643, 139
Trd, 4318404.043, 140
Trd, 4318404.093, 140
Trd, 4318404.193, 140
Trd, 4318405.443, 140
Trd, 4318405.643, 139
Trd, 4318407.293, 138
Trd, 4318408.943, 140
Trd, 4318409.343, 140
Trd, 4318410.443, 140
Trd, 4318410.693, 140
Trd, 4318410.743, 140
Trd, 4318413.893, 140
Trd, 4318414.793, 140
Trd, 4318415.343, 140
Trd, 4318417.343, 140
Trd, 4318417.943, 140
Trd, 4318418.893, 140
Trd, 4318421.243, 140
Trd, 4318422.043, 140
Trd, 4318423.493, 140
Trd, 4318424.393, 140
Trd, 4318426.543, 140
Trd, 4318426.743, 140
Trd, 4318426.793, 139
Trd, 4318427.443, 140
Trd, 4318429.643, 140
Trd, 4318429.943, 140
Trd, 4318430.293, 140
Trd, 4318430.593, 140
Trd, 4318430.793, 139
Trd, 4318431.393, 116
Trd, 4318431.943, 75
Trd, 4318433.443, 104
Trd, 4318433.493, 132
Trd, 4318434.943, 88
Trd, 4318435.643, 104
Trd, 4318437.443, 105
Trd, 4318437.643, 105
Trd, 4318438.243, 104
Trd, 4318438.743, 140
Trd, 4318441.993, 140
Trd, 4318442.243, 129
Trd, 4318442.393, 132
Trd, 4318442.893, 124
Trd, 4318443.493, 124
Trd, 4318445.243, 140
Trd, 4318446.793, 140
Trd, 4318447.343, 140
Trd, 4318448.043, 140
Trd, 4318448.643, 140
Trd, 4318449.393, 140
Trd, 4318450.093, 140
Trd, 4318451.193, 140
Trd, 4318452.143, 140
Trd, 4318452.743, 140
Trd, 4318453.243, 140
Trd, 4318453.593, 138
Trd, 4318454.143, 138
Trd, 4318454.643, 105
Trd, 4318455.743, 113
Trd, 4318455.843, 108
Trd, 4318456.993, 139
Trd, 4318458.043, 126
Trd, 4318458.343, 125
Trd, 4318458.843, 140
Trd, 4318459.343, 127
Trd, 4318459.493, 126
Trd, 4318459.993, 119
Trd, 4318461.243, 117
Trd, 4318461.643, 139
Trd, 4318461.843, 125
Trd, 4318463.593, 140
Trd, 4318464.293, 140
Trd, 4318464.793, 139
Trd, 4318465.643, 140
Trd, 4318467.643, 140
Trd, 4318468.493, 140
Trd, 4318468.593, 140
Trd, 4318469.993, 140
Trd, 4318470.693, 140
Trd, 4318471.193, 140
Trd, 4318472.193, 140
Trd, 4318473.243, 140
Trd, 4318473.293, 140
Trd, 4318474.243, 140
Trd, 4318475.493, 140
Trd, 4318475.743, 139
Trd, 4318476.093, 139
Trd, 4318476.993, 140
Trd, 4318477.293, 139
Trd, 4318481.143, 140
Trd, 4318481.393, 140
Trd, 4318481.793, 140
Trd, 4318481.993, 139
Trd, 4318482.743, 140
Trd, 4318483.343, 140
Trd, 4318483.443, 139
Trd, 4318485.643, 139
Trd, 4318486.543, 123
Trd, 4318487.343, 87
Trd, 4318489.743, 114
Trd, 4318490.043, 140
Trd, 4318490.793, 140
Trd, 4318491.193, 140
Trd, 4318491.343, 140
Trd, 4318491.743, 140
Trd, 4318493.693, 140
Trd, 4318495.393, 140
Trd, 4318496.743, 140
Trd, 4318497.643, 140
Trd, 4318499.443, 140
Trd, 4318500.243, 140
Trd, 4318500.843, 140
Trd, 4318500.893, 140
Trd, 4318500.943, 140
Trd, 4318500.993, 140
Trd, 4318501.093, 139
Trd, 4318501.443, 140
Trd, 4318501.593, 140
Trd, 4318501.793, 70
Trd, 4318502.993, 134
Trd, 4318504.793, 140
Trd, 4318504.993, 140
Trd, 4318507.293, 140
Trd, 4318507.643, 140
Trd, 4318508.343, 140
Trd, 4318508.943, 140
Trd, 4318509.993, 140
Trd, 4318511.343, 140
Trd, 4318511.493, 140
Trd, 4318513.143, 140
Trd, 4318513.493, 140
Trd, 4318513.943, 140
Trd, 4318514.193, 139
Trd, 4318515.243, 134
Trd, 4318516.143, 116
Trd, 4318516.493, 118
Trd, 4318518.393, 140
Trd, 4318518.443, 140
Trd, 4318519.293, 140
Trd, 4318519.343, 140
Trd, 4318519.393, 138
Trd, 4318521.543, 140
Trd, 4318522.043, 140
Trd, 4318522.093, 140
Trd, 4318522.793, 140
Trd, 4318523.893, 140
Trd, 4318525.243, 140
Trd, 4318526.693, 140
Trd, 4318527.293, 140
Trd, 4318527.893, 140
Trd, 4318529.193, 140
Trd, 4318530.043, 140
Trd, 4318530.343, 140
Trd, 4318531.743, 140
Trd, 4318531.843, 140
Trd, 4318533.193, 140
Trd, 4318534.243, 140
Trd, 4318534.343, 139
Trd, 4318534.893, 127
Trd, 4318536.443, 108
Trd, 4318537.643, 140
Trd, 4318538.343, 140
Trd, 4318538.393, 114
Trd, 4318539.793, 110
Trd, 4318539.843, 127
Trd, 4318539.993, 128
Trd, 4318540.043, 109
Trd, 4318540.593, 140
Trd, 4318541.993, 140
Trd, 4318542.643, 140
Trd, 4318543.043, 140
Trd, 4318545.643, 140
Trd, 4318545.693, 140
Trd, 4318547.843, 140
Trd, 4318547.993, 140
Trd, 4318548.143, 140
Trd, 4318549.643, 140
Trd, 4318550.593, 140
Trd, 4318550.843, 140
Trd, 4318551.243, 137
Trd, 4318552.243, 122
Trd, 4318553.693, 139
Trd, 4318555.143, 140
Trd, 4318555.743, 90
Trd, 4318556.343, 136
Trd, 4318557.093, 135
Trd, 4318558.093, 140
Trd, 4318558.543, 140
Trd, 4318561.093, 140
Trd, 4318561.593, 140
Trd, 4318561.943, 140
Trd, 4318562.843, 140
Trd, 4318562.943, 140
Trd, 4318563.743, 98
Trd, 4318564.643, 62
Trd, 4318565.943, 139
Trd, 4318567.093, 140
Trd, 4318568.743, 140
Trd, 4318569.743, 140
Trd, 4318570.143, 140
Trd, 4318570.793, 140
Trd, 4318571.543, 140
Trd, 4318573.493, 140
Trd, 4318573.543, 140
Trd, 4318574.343, 140
Trd, 4318575.093, 140
Trd, 4318577.593, 140
Trd, 4318577.993, 140
Trd, 4318578.043, 140
Trd, 4318578.143, 140
Trd, 4318578.643, 140
Trd, 4318579.143, 63
Trd, 4318580.593, 130
Trd, 4318580.993, 131
Trd, 4318581.193, 131
Trd, 4318581.543, 136
Trd, 4318582.193, 130
Trd, 4318583.443, 140
Trd, 4318584.893, 109
Trd, 4318584.943, 104
Trd, 4318585.093, 128
Trd, 4318586.543, 140
Trd, 4318586.593, 139
Trd, 4318587.093, 131
Trd, 4318588.843, 140
Trd, 4318588.993, 140
Trd, 4318592.343, 140
Trd, 4318593.343, 140
Trd, 4318593.443, 140
Trd, 4318594.893, 140
Trd, 4318595.243, 140
Trd, 4318595.543, 140
Trd, 4318597.093, 140
Trd, 4318597.143, 140
Trd, 4318598.393, 140
Trd, 4318598.793, 140
Trd, 4318599.343, 140
Trd, 4318599.743, 140
Trd, 4318600.093, 140
Trd, 4318600.693, 140
Trd, 4318601.543, 140
Trd, 4318602.443, 139
Trd, 4318604.343, 140
Trd, 4318605.143, 140
Trd, 4318605.593, 140
Trd, 4318606.543, 140
Trd, 4318606.693, 140
Trd, 4318607.443, 138
Trd, 4318608.243, 139
Trd, 4318608.793, 83
Trd, 4318610.143, 140
Trd, 4318610.343, 139
Trd, 4318611.043, 120
Trd, 4318611.143, 119
Trd, 4318612.093, 92
Trd, 4318612.193, 125
Trd, 4318613.493, 63
Trd, 4318613.743, 99
Trd, 4318614.793, 140
Trd, 4318616.343, 139
Trd, 4318616.793, 139
Trd, 4318616.843, 138
Trd, 4318618.243, 127
Trd, 4318618.543, 127
Trd, 4318619.643, 137
Trd, 4318619.693, 128
Trd, 4318619.743, 127
Trd, 4318622.693, 140
Trd, 4318622.793, 140
Trd, 4318624.093, 140
Trd, 4318624.293, 140
Trd, 4318624.793, 140
Trd, 4318625.493, 140
Trd, 4318626.643, 140
Trd, 4318626.693, 140
Trd, 4318628.843, 140
Trd, 4318629.143, 140
Trd, 4318629.293, 140
Trd, 4318629.343, 139
Trd, 4318629.643, 138
Trd, 4318631.293, 140
Trd, 4318631.593, 139
Trd, 4318632.393, 140
Trd, 4318634.793, 140
Trd, 4318636.343, 140
Trd, 4318637.793, 140
Trd, 4318638.693, 140
Trd, 4318639.143, 140
Trd, 4318639.693, 140
Trd, 4318640.143, 140
Trd, 4318641.093, 140
Trd, 4318642.343, 140
Trd, 4318643.393, 140
Trd, 4318644.143, 140
Trd, 4318644.693, 140
Trd, 4318645.893, 140
Trd, 4318646.593, 140
Trd, 4318646.943, 140
Trd, 4318647.743, 140
Trd, 4318648.393, 140
Trd, 4318649.043, 140
Trd, 4318650.593, 140
Trd, 4318651.693, 140
Trd, 4318652.843, 140
Trd, 4318653.143, 140
Trd, 4318653.393, 140
Trd, 4318654.243, 140
Trd, 4318654.293, 140
Trd, 4318654.543, 140
Trd, 4318656.643, 99
Trd, 4318657.143, 122
Trd, 4318658.093, 67
Trd, 4318658.343, 66
Trd, 4318659.793, 140
Trd, 4318660.243, 140
Trd, 4318660.543, 140
Trd, 4318660.743, 139
Trd, 4318663.193, 125
Trd, 4318663.493, 126
Trd, 4318663.593, 124
Trd, 4318663.743, 123
Trd, 4318665.743, 140
Trd, 4318666.093, 140
Trd, 4318666.593, 140
Trd, 4318669.093, 140
Trd, 4318669.493, 140
Trd, 4318670.543, 140
Trd, 4318671.193, 140
Trd, 4318671.543, 140
Trd, 4318671.893, 140
Trd, 4318674.043, 140
Trd, 4318674.843, 140
Trd, 4318677.193, 140
Trd, 4318678.543, 140
Trd, 4318679.043, 140
Trd, 4318679.443, 140
Trd, 4318681.143, 140
Trd, 4318683.143, 140
Trd, 4318685.043, 140
Trd, 4318685.093, 140
Trd, 4318685.193, 140
Trd, 4318685.593, 140
Trd, 4318686.243, 140
Trd, 4318686.693, 140
Trd, 4318687.093, 139
Trd, 4318688.243, 127
Trd, 4318689.993, 136
Trd, 4318690.643, 136
Trd, 4318692.643, 140
Trd, 4318693.143, 140
Trd, 4318694.493, 140
Trd, 4318696.643, 140
Trd, 4318697.193, 140
Trd, 4318697.493, 140
Trd, 4318697.793, 140
Trd, 4318698.743, 140
Trd, 4318699.743, 140
Trd, 4318699.893, 140
Trd, 4318699.943, 140
Trd, 4318701.843, 140
Trd, 4318702.293, 140
Trd, 4318704.543, 140
Trd, 4318705.793, 140
Trd, 4318707.143, 140
Trd, 4318707.443, 139
Trd, 4318707.493, 139
Trd, 4318707.993, 109
Trd, 4318708.843, 66
Trd, 4318709.943, 61
Trd, 4318710.193, 62
Trd, 4318711.043, 128
Trd, 4318711.243, 127
Trd, 4318711.943, 140
Trd, 4318712.493, 138
Trd, 4318713.943, 140
Trd, 4318714.743, 140
Trd, 4318714.943, 140
Trd, 4318715.393, 140
Trd, 4318716.993, 140
Trd, 4318717.793, 140
Trd, 4318718.243, 140
Trd, 4318719.143, 140
Trd, 4318721.093, 140
Trd, 4318721.393, 139
Trd, 4318723.393, 118
Trd, 4318724.343, 140
Trd, 4318725.093, 140
Trd, 4318725.593, 140
Trd, 4318725.693, 140
Trd, 4318727.843, 140
Trd, 4318727.993, 140
Trd, 4318729.193, 140
Trd, 4318729.393, 140
Trd, 4318730.293, 140
Trd, 4318730.593, 140
Trd, 4318730.643, 136
Trd, 4318732.393, 89
Trd, 4318732.743, 92
Trd, 4318732.893, 74
Trd, 4318733.543, 113
Trd, 4318734.343, 140
Trd, 4318734.793, 80
Trd, 4318736.693, 140
Trd, 4318737.743, 140
Trd, 4318739.793, 140
Trd, 4318740.493, 140
Trd, 4318740.643, 140
Trd, 4318740.793, 140
Trd, 4318741.743, 140
Trd, 4318743.193, 140
Trd, 4318743.643, 140
Trd, 4318743.843, 140
Trd, 4318744.293, 140
Trd, 4318744.493, 140
Trd, 4318746.193, 140
Trd, 4318746.843, 135
Trd, 4318747.893, 139
Trd, 4318748.043, 135
Trd, 4318748.743, 137
Trd, 4318749.043, 103
Trd, 4318750.493, 128
Trd, 4318751.193, 127
Trd, 4318752.293, 140
Trd, 4318752.443, 111
Trd, 4318752.593, 110
Trd, 4318754.443, 130
Trd, 4318754.993, 104
Trd, 4318755.293, 102
Trd, 4318755.593, 103
Trd, 4318757.393, 140
Trd, 4318758.093, 83
Trd, 4318759.193, 140
Trd, 4318759.693, 133
Trd, 4318760.343, 108
Trd, 4318761.793, 138
Trd, 4318761.843, 121
Trd, 4318762.443, 114
Trd, 4318762.843, 114
Trd, 4318762.943, 113
Trd, 4318766.893, 140
Trd, 4318767.093, 140
Trd, 4318767.193, 140
Trd, 4318768.943, 140
Trd, 4318769.443, 140
Trd, 4318771.393, 140
Trd, 4318771.443, 140
Trd, 4318771.993, 140
Trd, 4318772.143, 140
Trd, 4318773.393, 140
Trd, 4318773.543, 140
Trd, 4318776.493, 140
Trd, 4318776.843, 140
Trd, 4318777.093, 140
Trd, 4318777.643, 140
Trd, 4318778.493, 140
Trd, 4318778.793, 140
Trd, 4318779.043, 140
Trd, 4318780.943, 140
Trd, 4318781.193, 140
Trd, 4318782.343, 140
Trd, 4318785.243, 140
Trd, 4318785.393, 140
Trd, 4318786.293, 140
Trd, 4318786.893, 140
Trd, 4318787.543, 140
Trd, 4318787.593, 140
Trd, 4318788.793, 140
Trd, 4318788.993, 140
Trd, 4318791.143, 140
Trd, 4318791.243, 140
Trd, 4318792.743, 140
Trd, 4318793.293, 140
Trd, 4318794.293, 140
Trd, 4318794.893, 140
Trd, 4318796.743, 140
Trd, 4318798.543, 140
Trd, 4318798.593, 140
Trd, 4318799.643, 140
Trd, 4318799.943, 139
Trd, 4318800.593, 139
Trd, 4318801.093, 63
Trd, 4318802.443, 110
Trd, 4318803.843, 94
Trd, 4318803.993, 93
Trd, 4318806.493, 140
Trd, 4318807.343, 140
Trd, 4318807.393, 140
Trd, 4318808.443, 140
Trd, 4318809.843, 140
Trd, 4318810.193, 140
Trd, 4318810.243, 139
Trd, 4318811.243, 131
Trd, 4318812.093, 132
Trd, 4318812.493, 139
Trd, 4318812.943, 139
Trd, 4318813.343, 139
Trd, 4318814.343, 135
Trd, 4318816.293, 140
Trd, 4318818.093, 140
Trd, 4318819.843, 140
Trd, 4318820.193, 140
Trd, 4318820.493, 140
Trd, 4318821.043, 140
Trd, 4318821.493, 140
Trd, 4318822.243, 140
Trd, 4318822.593, 139
Trd, 4318822.743, 131
Trd, 4318823.143, 130
Trd, 4318824.343, 140
Trd, 4318824.443, 140
Trd, 4318825.043, 140
Trd, 4318825.143, 140
Trd, 4318826.643, 140
Trd, 4318827.293, 140
Trd, 4318829.643, 140
Trd, 4318830.743, 140
Trd, 4318831.343, 139
Trd, 4318832.243, 140
Trd, 4318833.043, 140
Trd, 4318833.493, 134
Trd, 4318835.243, 102
Trd, 4318836.343, 64
Trd, 4318837.643, 60
Trd, 4318837.993, 66
Trd, 4318839.243, 140
Trd, 4318839.643, 140
Trd, 4318840.193, 140
Trd, 4318841.343, 140
Trd, 4318842.243, 140
Trd, 4318843.043, 140
Trd, 4318843.393, 140
Trd, 4318845.693, 139
Trd, 4318846.643, 140
Trd, 4318847.093, 139
Trd, 4318847.493, 129
Trd, 4318847.693, 120
Trd, 4318849.043, 120
Trd, 4318849.543, 140
Trd, 4318850.843, 140
Trd, 4318851.043, 140
Trd, 4318851.593, 140
Trd, 4318855.443, 140
Trd, 4318855.743, 140
Trd, 4318855.793, 140
Trd, 4318857.443, 140
Trd, 4318857.693, 140
Trd, 4318858.043, 140
Trd, 4318858.693, 140
Trd, 4318860.543, 140
Trd, 4318860.643, 140
Trd, 4318861.443, 140
Trd, 4318861.693, 140
Trd, 4318862.043, 140
Trd, 4318863.593, 140
Trd, 4318865.343, 140
Trd, 4318865.943, 140
Trd, 4318867.693, 140
Trd, 4318868.493, 140
Trd, 4318869.143, 140
Trd, 4318869.743, 140
Trd, 4318869.893, 140
Trd, 4318871.143, 140
Trd, 4318872.243, 139
Trd, 4318872.393, 139
Trd, 4318873.643, 139
Trd, 4318874.093, 139
Trd, 4318874.793, 140
Trd, 4318875.643, 140
Trd, 4318876.293, 140
Trd, 4318876.493, 139
Trd, 4318876.643, 140
Trd, 4318877.193, 115
Trd, 4318878.843, 136
Trd, 4318879.043, 96
Trd, 4318880.193, 104
Trd, 4318880.293, 61
Trd, 4318881.193, 140
Trd, 4318881.243, 124
Trd, 4318884.093, 140
Trd, 4318884.293, 140
Trd, 4318886.043, 140
Trd, 4318886.893, 140
Trd, 4318886.943, 140
Trd, 4318887.593, 140
Trd, 4318887.643, 140
Trd, 4318887.943, 140
Trd, 4318889.193, 139
Trd, 4318890.643, 140
Trd, 4318891.043, 140
Trd, 4318891.893, 140
Trd, 4318895.093, 140
Trd, 4318896.343, 140
Trd, 4318897.493, 140
Trd, 4318897.593, 140
Trd, 4318898.393, 140
Trd, 4318899.293, 140
Trd, 4318901.093, 140
Trd, 4318901.543, 140
Trd, 4318901.593, 139
Trd, 4318902.543, 137
Trd, 4318903.593, 140
Trd, 4318904.243, 140
Trd, 4318905.393, 140
Trd, 4318905.443, 140
Trd, 4318907.443, 134
Trd, 4318908.343, 137
Trd, 4318908.443, 133
Trd, 4318909.043, 140
Trd, 4318912.293, 140
Trd, 4318913.443, 140
Trd, 4318913.943, 140
Trd, 4318914.643, 140
Trd, 4318915.343, 139
Trd, 4318916.543, 140
Trd, 4318917.493, 140
Trd, 4318917.743, 140
Trd, 4318918.443, 140
Trd, 4318919.193, 140
Trd, 4318919.843, 140
Trd, 4318920.443, 140
Trd, 4318920.893, 139
Trd, 4318921.143, 80
Trd, 4318922.243, 140
Trd, 4318922.943, 140
Trd, 4318923.093, 110
Trd, 4318923.493, 110
Trd, 4318924.543, 135
Trd, 4318925.143, 74
Trd, 4318925.593, 68
Trd, 4318925.893, 66
Trd, 4318926.943, 61
Trd, 4318927.443, 140
Trd, 4318930.743, 140
Trd, 4318931.443, 140
Trd, 4318931.793, 140
Trd, 4318931.893, 139
Trd, 4318932.443, 140
Trd, 4318934.543, 140
Trd, 4318934.893, 140
Trd, 4318935.743, 140
Trd, 4318936.193, 140
Trd, 4318936.543, 140
Trd, 4318938.193, 61
Trd, 4318938.543, 62
Trd, 4318941.093, 137
Trd, 4318942.093, 140
Trd, 4318942.493, 140
Trd, 4318943.393, 140
Trd, 4318945.493, 140
Trd, 4318946.193, 140
Trd, 4318947.343, 140
Trd, 4318948.443, 140
Trd, 4318949.243, 140
Trd, 4318950.543, 140
Trd, 4318950.943, 140
Trd, 4318951.593, 140
Trd, 4318952.343, 140
Trd, 4318952.793, 140
Trd, 4318956.593, 140
Trd, 4318957.343, 140
Trd, 4318957.443, 140
Trd, 4318957.593, 140
Trd, 4318957.993, 140
Trd, 4318958.743, 140
Trd, 4318959.543, 139
Trd, 4318961.143, 140
Trd, 4318961.743, 132
Trd, 4318963.293, 140
Trd, 4318964.393, 140
Trd, 4318964.593, 140
Trd, 4318965.543, 140
Trd, 4318966.643, 140
Trd, 4318966.793, 140
Trd, 4318967.093, 140
Trd, 4318968.143, 140
Trd, 4318968.443, 140
Trd, 4318969.343, 140
Trd, 4318971.493, 140
Trd, 4318972.893, 140
Trd, 4318973.593, 140
Trd, 4318974.043, 140
Trd, 4318974.243, 90
Trd, 4318974.293, 123
Trd, 4318974.543, 79
Trd, 4318975.543, 60
Trd, 4318976.393, 60
Trd, 4318976.443, 60
Trd, 4318977.543, 103
Trd, 4318977.593, 101
Trd, 4318978.493, 115
Trd, 4318979.593, 140
Trd, 4318979.743, 115
Trd, 4318979.943, 114
Trd, 4318981.993, 140
Trd, 4318982.843, 140
Trd, 4318983.493, 140
Trd, 4318984.093, 140
Trd, 4318984.393, 140
Trd, 4318984.993, 138
Trd, 4318985.243, 135
Trd, 4318986.093, 83
Trd, 4318986.643, 140
Trd, 4318987.343, 116
Trd, 4318988.443, 140
Trd, 4318990.043, 140
Trd, 4318991.443, 140
Trd, 4318991.593, 140
Trd, 4318992.893, 140
Trd, 4318993.893, 140
Trd, 4318994.543, 139
Trd, 4318995.893, 140
Trd, 4318996.793, 140
Trd, 4318997.293, 140
Trd, 4318998.293, 140
Trd, 4318998.393, 140
Trd, 4319000.343, 140
Trd, 4319000.693, 140
Trd, 4319001.243, 140
Trd, 4319002.443, 140
Trd, 4319003.393, 140
Trd, 4319003.743, 132
Trd, 4319004.243, 117
Trd, 4319005.793, 140
Trd, 4319005.993, 140
Trd, 4319007.293, 140
Trd, 4319008.193, 140
Trd, 4319008.243, 140
Trd, 4319009.143, 140
Trd, 4319011.243, 140
Trd, 4319012.343, 140
Trd, 4319012.393, 139
Trd, 4319013.143, 140
Trd, 4319013.693, 138
Trd, 4319015.993, 140
Trd, 4319017.943, 140
Trd, 4319018.193, 140
Trd, 4319019.943, 140
Trd, 4319020.493, 140
Trd, 4319021.643, 140
Trd, 4319022.093, 140
Trd, 4319022.743, 140
Trd, 4319022.893, 139
Trd, 4319023.343, 138
Trd, 4319023.793, 121
Trd, 4319024.893, 62
Trd, 4319025.993, 60
Trd, 4319026.243, 61
Trd, 4319026.393, 63
Trd, 4319028.293, 67
Trd, 4319028.493, 61
Trd, 4319028.593, 115
Trd, 4319030.593, 136
Trd, 4319031.643, 138
Trd, 4319031.693, 136
Trd, 4319032.793, 140
Trd, 4319033.893, 140
Trd, 4319035.493, 140
Trd, 4319035.593, 140
Trd, 4319036.993, 140
Trd, 4319038.243, 140
Trd, 4319038.943, 140
Trd, 4319042.043, 140
Trd, 4319042.343, 140
Trd, 4319042.493, 140
Trd, 4319043.293, 140
Trd, 4319044.243, 140
Trd, 4319044.293, 140
Trd, 4319044.393, 140
Trd, 4319045.043, 138
Trd, 4319045.593, 94
Trd, 4319046.043, 93
Trd, 4319048.793, 140
Trd, 4319049.043, 140
Trd, 4319049.193, 140
Trd, 4319050.743, 140
Trd, 4319051.193, 140
Trd, 4319051.643, 140
Trd, 4319052.793, 140
Trd, 4319053.543, 129
Trd, 4319055.093, 60
Trd, 4319055.193, 62
Trd, 4319055.543, 65
Trd, 4319056.343, 137
Trd, 4319056.943, 134
Trd, 4319058.093, 136
Trd, 4319059.293, 139
Trd, 4319060.093, 140
Trd, 4319060.193, 140
Trd, 4319061.493, 140
Trd, 4319062.193, 140
Trd, 4319062.543, 140
Trd, 4319062.643, 139
Trd, 4319063.393, 129
Trd, 4319065.043, 140
Trd, 4319065.743, 140
Trd, 4319066.093, 139
Trd, 4319067.393, 139
Trd, 4319068.743, 139
Trd, 4319069.243, 140
Trd, 4319070.543, 140
Trd, 4319070.643, 140
Trd, 4319070.693, 138
Trd, 4319071.243, 138
Trd, 4319071.493, 97
Trd, 4319075.593, 140
Trd, 4319076.043, 140
Trd, 4319077.043, 140
Trd, 4319077.193, 140
Trd, 4319078.193, 140
Trd, 4319079.693, 140
Trd, 4319080.343, 140
Trd, 4319080.843, 140
Trd, 4319081.543, 140
Trd, 4319081.693, 140
Trd, 4319081.843, 121
Trd, 4319082.993, 140
Trd, 4319083.643, 139
Trd, 4319083.743, 138
Trd, 4319085.693, 140
Trd, 4319086.393, 140
Trd, 4319086.443, 139
Trd, 4319087.693, 138
Trd, 4319089.493, 140
Trd, 4319089.643, 140
Trd, 4319091.143, 140
Trd, 4319091.193, 140
Trd, 4319091.443, 138
Trd, 4319091.593, 139
Trd, 4319091.743, 140
Trd, 4319093.093, 107
Trd, 4319093.643, 106
Trd, 4319093.843, 60
Trd, 4319094.893, 110
Trd, 4319095.343, 129
Trd, 4319096.893, 140
Trd, 4319099.493, 140
Trd, 4319100.093, 140
Trd, 4319100.843, 140
Trd, 4319100.943, 140
Trd, 4319101.743, 140
Trd, 4319101.943, 140
Trd, 4319105.243, 140
Trd, 4319105.293, 140
Trd, 4319105.443, 139
Trd, 4319106.093, 140
Trd, 4319107.293, 140
Trd, 4319108.243, 140
Trd, 4319109.843, 140
Trd, 4319110.343, 140
Trd, 4319111.043, 140
Trd, 4319114.093, 140
Trd, 4319114.643, 140
Trd, 4319115.143, 140
Trd, 4319115.493, 140
Trd, 4319117.193, 140
Trd, 4319117.543, 140
Trd, 4319117.593, 140
Trd, 4319118.693, 140
Trd, 4319120.493, 140
Trd, 4319120.893, 140
Trd, 4319122.193, 140
Trd, 4319122.243, 140
Trd, 4319124.693, 140
Trd, 4319125.193, 140
Trd, 4319126.143, 140
Trd, 4319126.493, 140
Trd, 4319127.193, 140
Trd, 4319127.993, 140
Trd, 4319128.843, 140
Trd, 4319129.993, 140
Trd, 4319130.693, 140
Trd, 4319131.143, 139
Trd, 4319131.293, 109
Trd, 4319132.643, 140
Trd, 4319133.143, 140
Trd, 4319133.643, 140
Trd, 4319134.343, 140
Trd, 4319135.093, 140
Trd, 4319136.943, 140
Trd, 4319137.093, 140
Trd, 4319138.493, 140
Trd, 4319138.643, 140
Trd, 4319140.793, 140
Trd, 4319142.543, 140
Trd, 4319142.743, 140
Trd, 4319144.143, 140
Trd, 4319144.193, 140
Trd, 4319144.243, 140
Trd, 4319144.993, 140
Trd, 4319146.193, 140
Trd, 4319147.243, 140
Trd, 4319148.393, 140
Trd, 4319150.093, 140
Trd, 4319150.193, 140
Trd, 4319150.943, 140
Trd, 4319151.193, 140
Trd, 4319153.543, 140
Trd, 4319154.593, 140
Trd, 4319154.893, 140
Trd, 4319155.743, 140
Trd, 4319156.493, 140
Trd, 4319158.543, 140
Trd, 4319159.443, 140
Trd, 4319160.143, 139
Trd, 4319160.343, 139
Trd, 4319161.443, 140
Trd, 4319162.693, 140
Trd, 4319163.193, 140
Trd, 4319163.793, 107
Trd, 4319164.143, 83
Trd, 4319164.243, 89
Trd, 4319164.343, 82
Trd, 4319165.493, 138
Trd, 4319166.893, 140
Trd, 4319168.043, 140
Trd, 4319168.293, 140
Trd, 4319169.293, 63
Trd, 4319170.543, 140
Trd, 4319173.143, 140
Trd, 4319173.643, 140
Trd, 4319174.343, 140
Trd, 4319174.643, 140
Trd, 4319174.743, 138
Trd, 4319175.193, 110
Trd, 4319176.293, 135
Trd, 4319176.993, 140
Trd, 4319178.043, 140
Trd, 4319178.443, 140
Trd, 4319179.143, 140
Trd, 4319180.193, 140
Trd, 4319182.643, 140
Trd, 4319182.693, 140
Trd, 4319182.843, 140
Trd, 4319183.143, 140
Trd, 4319183.193, 139
Trd, 4319185.343, 140
Trd, 4319186.043, 140
Trd, 4319186.993, 140
Trd, 4319188.093, 140
Trd, 4319188.743, 140
Trd, 4319188.943, 140
Trd, 4319191.293, 140
Trd, 4319193.093, 140
Trd, 4319193.193, 140
Trd, 4319194.043, 140
Trd, 4319195.493, 140
Trd, 4319196.093, 139
Trd, 4319196.993, 133
Trd, 4319198.843, 140
Trd, 4319199.443, 140
Trd, 4319199.493, 140
Trd, 4319200.593, 140
Trd, 4319200.893, 140
Trd, 4319201.043, 140
Trd, 4319202.193, 140
Trd, 4319202.643, 140
Trd, 4319203.343, 140
Trd, 4319204.393, 140
Trd, 4319205.343, 140
Trd, 4319205.643, 140
Trd, 4319206.393, 140
Trd, 4319206.693, 140
Trd, 4319207.243, 138
Trd, 4319208.643, 140
Trd, 4319210.443, 139
Trd, 4319211.293, 140
Trd, 4319212.193, 139
Trd, 4319212.293, 140
Trd, 4319212.393, 138
Trd, 4319213.843, 140
Trd, 4319214.393, 127
Trd, 4319214.543, 126
Trd, 4319215.843, 140
Trd, 4319216.493, 124
Trd, 4319216.893, 107
Trd, 4319217.943, 138
Trd, 4319218.693, 137
Trd, 4319219.093, 132
Trd, 4319220.593, 138
Trd, 4319221.643, 140
Trd, 4319221.693, 136
Trd, 4319222.943, 140
Trd, 4319223.543, 112
Trd, 4319223.793, 122
Trd, 4319225.543, 140
Trd, 4319226.443, 140
Trd, 4319228.243, 140
Trd, 4319229.843, 140
Trd, 4319231.193, 140
Trd, 4319231.393, 140
Trd, 4319231.543, 140
Trd, 4319233.093, 140
Trd, 4319234.743, 140
Trd, 4319235.093, 140
Trd, 4319235.143, 139
Trd, 4319236.193, 140
Trd, 4319236.293, 140
Trd, 4319236.993, 136
Trd, 4319237.593, 140
Trd, 4319238.143, 140
Trd, 4319238.243, 140
Trd, 4319240.593, 139
Trd, 4319240.793, 140
Trd, 4319242.893, 140
Trd, 4319243.043, 138
Trd, 4319244.243, 140
Trd, 4319245.443, 140
Trd, 4319245.543, 140
Trd, 4319245.993, 139
Trd, 4319246.143, 118
Trd, 4319246.943, 135
Trd, 4319247.393, 65
Trd, 4319251.293, 140
Trd, 4319251.493, 140
Trd, 4319252.793, 140
Trd, 4319253.793, 140
Trd, 4319255.393, 140
Trd, 4319256.493, 140
Trd, 4319258.443, 140
Trd, 4319258.493, 140
Trd, 4319259.043, 140
Trd, 4319259.643, 140
Trd, 4319259.693, 137
Trd, 4319259.793, 120
Trd, 4319260.593, 101
Trd, 4319261.743, 140
Trd, 4319262.793, 140
Trd, 4319264.593, 140
Trd, 4319265.093, 140
Trd, 4319265.243, 140
Trd, 4319266.293, 116
Trd, 4319266.443, 115
Trd, 4319266.993, 138
Trd, 4319267.043, 139
Trd, 4319267.293, 137
Trd, 4319268.093, 116
Trd, 4319269.293, 72
Trd, 4319269.393, 71
Trd, 4319269.793, 62
Trd, 4319272.843, 140
Trd, 4319273.443, 140
Trd, 4319273.793, 140
Trd, 4319274.443, 140
Trd, 4319276.443, 140
Trd, 4319276.543, 140
Trd, 4319276.993, 140
Trd, 4319278.693, 140
Trd, 4319278.943, 140
Trd, 4319280.143, 140
Trd, 4319280.993, 140
Trd, 4319282.043, 140
Trd, 4319282.343, 140
Trd, 4319283.943, 140
Trd, 4319284.193, 140
Trd, 4319284.643, 140
Trd, 4319284.743, 140
Trd, 4319284.893, 138
Trd, 4319286.693, 140
Trd, 4319287.893, 140
Trd, 4319288.043, 140
Trd, 4319288.493, 140
Trd, 4319288.993, 140
Trd, 4319289.793, 64
Trd, 4319290.793, 106
Trd, 4319292.293, 107
Trd, 4319292.543, 114
Trd, 4319293.893, 140
Trd, 4319295.643, 140
Trd, 4319295.843, 140
Trd, 4319296.243, 111
Trd, 4319296.493, 139
Trd, 4319297.143, 100
Trd, 4319297.293, 96
Trd, 4319298.893, 130
Trd, 4319300.043, 140
Trd, 4319301.143, 140
Trd, 4319302.093, 140
Trd, 4319303.243, 140
Trd, 4319305.593, 140
Trd, 4319306.593, 140
Trd, 4319307.143, 140
Trd, 4319307.743, 140
Trd, 4319308.043, 140
Trd, 4319308.993, 140
Trd, 4319310.043, 140
Trd, 4319310.993, 140
Trd, 4319311.143, 140
Trd, 4319311.493, 140
Trd, 4319312.793, 140
Trd, 4319312.843, 140
Trd, 4319315.393, 140
Trd, 4319316.243, 140
Trd, 4319316.293, 140
Trd, 4319317.043, 140
Trd, 4319317.943, 140
Trd, 4319317.993, 139
Trd, 4319319.643, 140
Trd, 4319319.843, 140
Trd, 4319320.193, 140
Trd, 4319321.743, 140
Trd, 4319322.093, 140
Trd, 4319322.443, 140
Trd, 4319323.593, 140
Trd, 4319323.743, 140
Trd, 4319324.893, 140
Trd, 4319326.043, 140
Trd, 4319326.543, 138
Trd, 4319327.143, 119
Trd, 4319327.693, 131
Trd, 4319329.093, 126
Trd, 4319332.093, 140
Trd, 4319332.793, 140
Trd, 4319332.943, 140
Trd, 4319333.443, 140
Trd, 4319334.393, 140
Trd, 4319335.193, 140
Trd, 4319335.793, 140
Trd, 4319336.843, 140
Trd, 4319338.793, 140
Trd, 4319339.993, 62
Trd, 4319342.293, 140
Trd, 4319343.043, 140
Trd, 4319343.293, 140
Trd, 4319344.293, 140
Trd, 4319345.643, 140
Trd, 4319347.443, 140
Trd, 4319347.793, 140
Trd, 4319349.593, 140
Trd, 4319349.743, 140
Trd, 4319350.193, 140
Trd, 4319352.843, 140
Trd, 4319353.693, 140
Trd, 4319353.843, 140
Trd, 4319355.593, 140
Trd, 4319356.243, 140
Trd, 4319357.343, 140
Trd, 4319358.393, 140
Trd, 4319358.793, 140
Trd, 4319361.543, 140
Trd, 4319361.893, 139
Trd, 4319362.743, 140
Trd, 4319363.343, 140
Trd, 4319364.043, 140
Trd, 4319364.343, 140
Trd, 4319364.443, 140
Trd, 4319366.793, 140
Trd, 4319367.443, 140
Trd, 4319367.593, 140
Trd, 4319368.143, 140
Trd, 4319368.443, 140
Trd, 4319370.893, 140
Trd, 4319372.443, 140
Trd, 4319372.693, 140
Trd, 4319373.193, 140
Trd, 4319374.843, 140
Trd, 4319375.593, 140
Trd, 4319375.693, 140
Trd, 4319375.993, 140
Trd, 4319376.343, 140
Trd, 4319379.293, 140
Trd, 4319380.843, 137
Trd, 4319380.893, 136
Trd, 4319383.243, 139
Trd, 4319384.143, 140
Trd, 4319385.543, 140
Trd, 4319386.393, 140
Trd, 4319387.443, 140
Trd, 4319387.793, 140
Trd, 4319389.493, 140
Trd, 4319389.693, 140
Trd, 4319390.343, 140
Trd, 4319393.393, 140
Trd, 4319393.593, 140
Trd, 4319394.893, 140
Trd, 4319395.643, 140
Trd, 4319395.743, 139
Trd, 4319396.993, 120
Trd, 4319397.643, 111
Trd, 4319397.843, 105
Trd, 4319398.893, 140
Trd, 4319400.043, 140
Trd, 4319400.743, 140
Trd, 4319402.593, 140
Trd, 4319405.343, 140
Trd, 4319405.793, 140
Trd, 4319406.493, 140
Trd, 4319406.643, 140
Trd, 4319406.843, 140
Trd, 4319407.343, 140
Trd, 4319407.743, 138
Trd, 4319410.443, 140
Trd, 4319411.593, 140
Trd, 4319412.143, 140
Trd, 4319412.643, 139
Trd, 4319414.443, 140
Trd, 4319414.593, 140
Trd, 4319415.193, 140
Trd, 4319415.243, 139
Trd, 4319415.693, 139
Trd, 4319418.143, 140
Trd, 4319418.393, 140
Trd, 4319418.693, 140
Trd, 4319419.893, 140
Trd, 4319420.743, 61
Trd, 4319421.443, 61
Trd, 4319422.193, 60
Trd, 4319422.643, 61
Trd, 4319422.693, 69
Trd, 4319424.293, 139
Trd, 4319425.443, 140
Trd, 4319425.743, 140
Trd, 4319426.543, 140
Trd, 4319428.893, 140
Trd, 4319429.343, 140
Trd, 4319429.393, 140
Trd, 4319429.993, 140
Trd, 4319430.193, 140
Trd, 4319431.593, 140
Trd, 4319431.693, 140
Trd, 4319434.793, 140
Trd, 4319435.643, 140
Trd, 4319435.993, 140
Trd, 4319436.493, 138
Trd, 4319437.893, 123
Trd, 4319439.443, 107
Trd, 4319439.693, 116
Trd, 4319440.143, 139
Trd, 4319440.543, 140
Trd, 4319440.593, 140
Trd, 4319442.293, 140
Trd, 4319442.793, 140
Trd, 4319444.143, 140
Trd, 4319444.343, 140
Trd, 4319445.543, 140
Trd, 4319447.293, 140
Trd, 4319448.043, 140
Trd, 4319449.743, 140
Trd, 4319450.893, 140
Trd, 4319451.443, 140
Trd, 4319452.193, 140
Trd, 4319452.943, 140
Trd, 4319453.193, 137
Trd, 4319453.593, 133
Trd, 4319454.443, 140
Trd, 4319455.493, 140
Trd, 4319457.243, 140
Trd, 4319458.093, 120
Trd, 4319458.493, 121
Trd, 4319458.643, 120
Trd, 4319459.993, 140
Trd, 4319460.493, 140
Trd, 4319461.593, 68
Trd, 4319462.843, 140
Trd, 4319463.393, 137
Trd, 4319464.943, 106
Trd, 4319465.543, 120
Trd, 4319465.643, 77
Trd, 4319467.643, 139
Trd, 4319468.943, 140
Trd, 4319469.693, 140
Trd, 4319470.343, 140
Trd, 4319471.793, 140
Trd, 4319472.393, 140
Trd, 4319472.943, 140
Trd, 4319474.543, 140
Trd, 4319476.443, 140
Trd, 4319476.893, 140
Trd, 4319477.543, 140
Trd, 4319478.243, 140
Trd, 4319478.993, 140
Trd, 4319479.243, 140
Trd, 4319480.143, 140
Trd, 4319480.993, 140
Trd, 4319482.093, 140
Trd, 4319484.043, 140
Trd, 4319484.143, 140
Trd, 4319484.293, 140
Trd, 4319484.943, 140
Trd, 4319485.593, 140
Trd, 4319487.543, 140
Trd, 4319487.893, 140
Trd, 4319488.293, 140
Trd, 4319489.243, 140
Trd, 4319489.493, 139
Trd, 4319490.343, 76
Trd, 4319490.693, 95
Trd, 4319492.793, 140
Trd, 4319493.293, 140
Trd, 4319493.593, 140
Trd, 4319495.843, 140
Trd, 4319496.043, 140
Trd, 4319496.643, 140
Trd, 4319497.243, 139
Trd, 4319498.043, 140
Trd, 4319498.643, 140
Trd, 4319500.693, 140
Trd, 4319501.793, 140
Trd, 4319503.143, 140
Trd, 4319503.693, 140
Trd, 4319504.493, 140
Trd, 4319505.543, 140
Trd, 4319505.693, 138
Trd, 4319508.793, 140
Trd, 4319509.893, 140
Trd, 4319509.993, 140
Trd, 4319510.293, 139
Trd, 4319512.093, 140
Trd, 4319512.993, 140
Trd, 4319513.043, 140
Trd, 4319514.343, 140
Trd, 4319515.093, 140
Trd, 4319518.093, 140
Trd, 4319518.443, 140
Trd, 4319518.543, 140
Trd, 4319518.593, 140
Trd, 4319518.943, 140
Trd, 4319519.343, 140
Trd, 4319520.493, 140
Trd, 4319520.993, 140
Trd, 4319521.443, 140
Trd, 4319522.643, 140
Trd, 4319523.743, 140
Trd, 4319523.893, 140
Trd, 4319524.943, 140
Trd, 4319525.543, 140
Trd, 4319527.543, 140
Trd, 4319527.593, 140
Trd, 4319528.743, 140
Trd, 4319528.943, 134
Trd, 4319529.293, 140
Trd, 4319530.093, 75
Trd, 4319532.193, 140
Trd, 4319533.493, 140
Trd, 4319533.543, 140
Trd, 4319534.393, 140
Trd, 4319534.743, 140
Trd, 4319536.493, 140
Trd, 4319537.293, 140
Trd, 4319537.743, 140
Trd, 4319538.443, 140
Trd, 4319538.693, 111
Trd, 4319540.043, 140
Trd, 4319542.643, 140
Trd, 4319543.093, 140
Trd, 4319543.543, 140
Trd, 4319545.293, 140
Trd, 4319545.643, 140
Trd, 4319545.943, 140
Trd, 4319547.943, 140
Trd, 4319549.193, 140
Trd, 4319549.943, 140
Trd, 4319550.493, 140
Trd, 4319551.143, 140
Trd, 4319552.743, 140
Trd, 4319553.293, 140
Trd, 4319554.793, 140
Trd, 4319555.243, 139
Trd, 4319556.993, 140
Trd, 4319557.143, 140
Trd, 4319558.293, 140
Trd, 4319558.993, 140
Trd, 4319559.193, 140
Trd, 4319560.093, 140
Trd, 4319560.493, 113
Trd, 4319561.543, 91
Trd, 4319564.193, 140
Trd, 4319564.943, 140
Trd, 4319565.343, 140
Trd, 4319565.593, 140
Trd, 4319566.443, 140
Trd, 4319567.243, 140
Trd, 4319568.193, 140
Trd, 4319569.593, 140
Trd, 4319569.843, 140
Trd, 4319571.143, 140
Trd, 4319571.693, 140
Trd, 4319573.993, 140
Trd, 4319576.093, 140
Trd, 4319577.043, 140
Trd, 4319577.243, 140
Trd, 4319577.543, 140
Trd, 4319578.593, 140
Trd, 4319579.743, 140
Trd, 4319580.743, 140
Trd, 4319582.743, 140
Trd, 4319583.443, 140
Trd, 4319583.993, 140
Trd, 4319584.743, 140
Trd, 4319585.993, 140
Trd, 4319586.843, 140
Trd, 4319588.043, 140
Trd, 4319588.543, 140
Trd, 4319589.343, 140
Trd, 4319589.593, 140
Trd, 4319590.093, 140
Trd, 4319591.593, 139
Trd, 4319591.643, 137
Trd, 4319592.193, 140
Trd, 4319593.093, 139
Trd, 4319593.343, 140
Trd, 4319593.543, 139
Trd, 4319594.193, 107
Trd, 4319594.393, 64
Trd, 4319595.343, 139
Trd, 4319595.693, 138
Trd, 4319597.543, 123
Trd, 4319597.693, 122
Trd, 4319600.443, 140
Trd, 4319601.643, 140
Trd, 4319601.843, 140
Trd, 4319602.993, 140
Trd, 4319603.593, 140
Trd, 4319604.243, 140
Trd, 4319605.593, 140
Trd, 4319605.993, 140
Trd, 4319606.243, 140
Trd, 4319606.793, 140
Trd, 4319609.143, 140
Trd, 4319611.043, 140
Trd, 4319611.543, 140
Trd, 4319611.743, 140
Trd, 4319612.343, 140
Trd, 4319612.893, 140
Trd, 4319613.243, 140
Trd, 4319613.893, 94
Trd, 4319614.343, 138
Trd, 4319615.443, 138
Trd, 4319615.943, 139
Trd, 4319616.643, 136
Trd, 4319618.143, 61
Trd, 4319619.793, 140
Trd, 4319620.893, 134
Trd, 4319621.443, 137
Trd, 4319621.693, 138
Trd, 4319622.793, 140
Trd, 4319622.893, 140
Trd, 4319624.393, 140
Trd, 4319624.943, 140
Trd, 4319625.493, 140
Trd, 4319625.793, 140
Trd, 4319626.143, 140
Trd, 4319626.643, 139
Trd, 4319628.443, 140
Trd, 4319629.943, 140
Trd, 4319630.393, 140
Trd, 4319630.543, 140
Trd, 4319630.593, 140
Trd, 4319631.943, 138
Trd, 4319632.793, 140
Trd, 4319633.343, 140
Trd, 4319634.393, 140
Trd, 4319635.343, 132
Trd, 4319638.243, 140
Trd, 4319638.893, 140
Trd, 4319638.943, 140
Trd, 4319639.293, 140
Trd, 4319641.243, 140
Trd, 4319641.293, 140
Trd, 4319642.143, 140
Trd, 4319642.243, 140
Trd, 4319643.293, 140
Trd, 4319643.443, 139
Trd, 4319643.643, 137
Trd, 4319644.393, 84
Trd, 4319645.643, 140
Trd, 4319645.943, 115
Trd, 4319647.993, 140
Trd, 4319648.093, 140
Trd, 4319648.893, 140
Trd, 4319649.843, 140
Trd, 4319652.593, 140
Trd, 4319652.793, 140
Trd, 4319654.543, 140
Trd, 4319654.643, 140
Trd, 4319656.143, 140
Trd, 4319656.543, 140
Trd, 4319657.043, 140
Trd, 4319657.743, 140
Trd, 4319658.093, 140
Trd, 4319659.893, 140
Trd, 4319660.643, 129
Trd, 4319660.943, 139
Trd, 4319661.793, 139
Trd, 4319662.943, 139
Trd, 4319663.643, 137
Trd, 4319664.393, 140
Trd, 4319665.993, 140
Trd, 4319667.993, 140
Trd, 4319668.093, 140
Trd, 4319669.343, 140
Trd, 4319670.043, 140
Trd, 4319670.693, 139
Trd, 4319671.593, 139
Trd, 4319671.943, 138
Trd, 4319673.593, 63
Trd, 4319674.143, 64
Trd, 4319674.193, 61
Trd, 4319675.343, 69
Trd, 4319675.993, 61
Trd, 4319676.193, 62
Trd, 4319679.143, 140
Trd, 4319679.243, 140
Trd, 4319680.343, 140
Trd, 4319681.393, 140
Trd, 4319682.143, 140
Trd, 4319682.443, 140
Trd, 4319683.243, 140
Trd, 4319683.743, 138
Trd, 4319683.843, 136
Trd, 4319686.293, 131
Trd, 4319686.343, 77
Trd, 4319686.593, 107
Trd, 4319688.143, 66
Trd, 4319688.443, 112
Trd, 4319690.343, 140
Trd, 4319690.393, 140
Trd, 4319691.293, 140
Trd, 4319691.443, 140
Trd, 4319691.793, 140
Trd, 4319694.993, 140
Trd, 4319695.393, 140
Trd, 4319698.043, 140
Trd, 4319698.093, 140
Trd, 4319699.543, 140
Trd, 4319700.143, 140
Trd, 4319701.743, 140
Trd, 4319701.943, 140
Trd, 4319702.143, 140
Trd, 4319702.943, 101
Trd, 4319704.493, 113
Trd, 4319704.843, 140
Trd, 4319705.093, 134
Trd, 4319706.093, 139
Trd, 4319707.043, 140
Trd, 4319707.793, 140
Trd, 4319708.593, 140
Trd, 4319709.043, 139
Trd, 4319710.893, 140
Trd, 4319711.893, 140
Trd, 4319712.343, 138
Trd, 4319712.443, 135
Trd, 4319714.843, 140
Trd, 4319715.193, 140
Trd, 4319715.993, 140
Trd, 4319716.193, 132
Trd, 4319716.593, 139
Trd, 4319716.893, 117
Trd, 4319718.443, 140
Trd, 4319718.693, 116
Trd, 4319718.743, 72
Trd, 4319718.943, 66
Trd, 4319719.543, 139
Trd, 4319720.143, 84
Trd, 4319720.893, 136
Trd, 4319723.143, 140
Trd, 4319724.493, 140
Trd, 4319724.643, 140
Trd, 4319725.143, 140
Trd, 4319725.943, 139
Trd, 4319726.343, 133
Trd, 4319726.443, 102
Trd, 4319728.093, 130
Trd, 4319728.843, 112
Trd, 4319729.143, 113
Trd, 4319729.243, 106
Trd, 4319729.393, 107
Trd, 4319730.543, 140
Trd, 4319731.343, 105
Trd, 4319732.443, 124
Trd, 4319732.893, 124
Trd, 4319734.693, 140
Trd, 4319734.793, 140
Trd, 4319737.143, 139
Trd, 4319738.043, 138
Trd, 4319738.193, 140
Trd, 4319738.793, 139
Trd, 4319740.043, 140
Trd, 4319740.693, 140
Trd, 4319743.243, 140
Trd, 4319743.443, 140
Trd, 4319743.543, 140
Trd, 4319743.643, 139
Trd, 4319745.093, 68
Trd, 4319745.193, 125
Trd, 4319746.393, 129
Trd, 4319746.693, 129
Trd, 4319747.393, 128
Trd, 4319749.593, 140
Trd, 4319750.193, 140
Trd, 4319753.093, 140
Trd, 4319754.243, 140
Trd, 4319754.493, 140
Trd, 4319755.793, 140
Trd, 4319755.893, 140
Trd, 4319756.043, 140
Trd, 4319757.243, 140
Trd, 4319757.643, 140
Trd, 4319758.943, 138
Trd, 4319759.143, 140
Trd, 4319759.693, 140
Trd, 4319761.393, 140
Trd, 4319762.543, 140
Trd, 4319764.793, 140
Trd, 4319765.593, 140
Trd, 4319767.293, 140
Trd, 4319767.643, 140
Trd, 4319767.693, 140
Trd, 4319767.993, 140
Trd, 4319768.343, 140
Trd, 4319769.493, 140
Trd, 4319771.943, 140
Trd, 4319772.793, 140
Trd, 4319773.443, 140
Trd, 4319774.293, 140
Trd, 4319774.743, 140
Trd, 4319776.093, 139
Trd, 4319777.243, 140
Trd, 4319777.543, 140
Trd, 4319779.293, 140
Trd, 4319779.593, 140
Trd, 4319781.843, 140
Trd, 4319782.543, 140
Trd, 4319784.443, 140
Trd, 4319784.493, 140
Trd, 4319784.793, 140
Trd, 4319785.593, 140
Trd, 4319787.243, 140
Trd, 4319787.993, 140
Trd, 4319788.393, 140
Trd, 4319788.893, 140
Trd, 4319789.593, 140
Trd, 4319791.593, 140
Trd, 4319792.293, 140
Trd, 4319793.543, 138
Trd, 4319795.343, 140
Trd, 4319796.293, 140
Trd, 4319796.493, 140
Trd, 4319796.643, 140
Trd, 4319798.843, 140
Trd, 4319799.793, 140
Trd, 4319799.893, 139
Trd, 4319800.543, 138
Trd, 4319801.143, 139
Trd, 4319802.293, 98
Trd, 4319803.493, 140
Trd, 4319803.643, 140
Trd, 4319803.993, 139
Trd, 4319805.443, 103
Trd, 4319806.143, 140
Trd, 4319807.493, 140
Trd, 4319807.643, 139
Trd, 4319809.093, 140
Trd, 4319810.043, 140
Trd, 4319810.793, 140
Trd, 4319812.443, 140
Trd, 4319812.543, 140
Trd, 4319812.693, 139
Trd, 4319813.893, 139
Trd, 4319815.493, 139
Trd, 4319816.193, 140
Trd, 4319816.593, 103
Trd, 4319816.793, 139
Trd, 4319818.443, 140
Trd, 4319818.943, 140
Trd, 4319820.743, 140
Trd, 4319821.393, 140
Trd, 4319822.043, 140
Trd, 4319822.543, 140
Trd, 4319823.443, 140
Trd, 4319823.793, 140
Trd, 4319824.093, 131
Trd, 4319824.343, 94
Trd, 4319826.793, 140
Trd, 4319828.443, 140
Trd, 4319828.643, 140
Trd, 4319828.693, 138
Trd, 4319830.243, 119
Trd, 4319831.293, 140
Trd, 4319831.393, 139
Trd, 4319832.243, 112
Trd, 4319833.693, 140
Trd, 4319835.093, 140
Trd, 4319836.243, 140
Trd, 4319836.593, 140
Trd, 4319836.643, 140
Trd, 4319839.693, 62
Trd, 4319840.243, 65
Trd, 4319840.643, 84
Trd, 4319841.943, 140
Trd, 4319841.993, 140
Trd, 4319842.293, 140
Trd, 4319843.193, 140
Trd, 4319843.993, 140
Trd, 4319844.243, 139
Trd, 4319845.693, 112
Trd, 4319846.043, 125
Trd, 4319846.793, 119
Trd, 4319846.843, 92
Trd, 4319848.643, 132
Trd, 4319849.393, 133
Trd, 4319849.893, 129
Trd, 4319850.143, 138
Trd, 4319850.793, 136
Trd, 4319852.043, 140
Trd, 4319852.243, 137
Trd, 4319854.043, 140
Trd, 4319854.743, 140
Trd, 4319854.793, 140
Trd, 4319856.343, 140
Trd, 4319858.193, 140
Trd, 4319858.443, 140
Trd, 4319858.993, 140
Trd, 4319859.843, 140
Trd, 4319863.043, 140
Trd, 4319863.343, 140
Trd, 4319865.043, 140
Trd, 4319865.643, 140
Trd, 4319865.793, 140
Trd, 4319865.943, 140
Trd, 4319866.643, 139
Trd, 4319867.043, 130
Trd, 4319868.243, 140
Trd, 4319869.743, 140
Trd, 4319870.193, 140
Trd, 4319872.543, 140
Trd, 4319873.793, 140
Trd, 4319873.943, 140
Trd, 4319873.993, 140
Trd, 4319874.193, 140
Trd, 4319875.443, 140
Trd, 4319878.043, 140
Trd, 4319878.093, 140
Trd, 4319878.593, 140
Trd, 4319878.893, 140
Trd, 4319878.993, 123
Trd, 4319879.643, 64
Trd, 4319880.543, 139
Trd, 4319881.193, 140
Trd, 4319881.343, 140
Trd, 4319882.143, 90
Trd, 4319884.743, 98
Trd, 4319885.293, 136
Trd, 4319885.743, 115
Trd, 4319887.043, 100
Trd, 4319887.693, 140
Trd, 4319888.243, 140
Trd, 4319888.443, 136
Trd, 4319888.793, 99
Trd, 4319889.293, 98
Trd, 4319890.293, 137
Trd, 4319892.193, 140
Trd, 4319892.543, 140
Trd, 4319892.743, 140
Trd, 4319893.393, 102
Trd, 4319894.193, 139
Trd, 4319895.093, 74
Trd, 4319896.843, 140
Trd, 4319898.593, 140
Trd, 4319899.843, 140
Trd, 4319901.743, 140
Trd, 4319902.143, 140
Trd, 4319903.093, 140
Trd, 4319904.643, 140
Trd, 4319905.543, 140
Trd, 4319905.843, 140
Trd, 4319906.643, 138
Trd, 4319906.843, 136
Trd, 4319908.493, 140
Trd, 4319910.943, 140
Trd, 4319911.943, 140
Trd, 4319914.043, 140
Trd, 4319914.643, 140
Trd, 4319915.093, 140
Trd, 4319916.143, 140
Trd, 4319916.293, 140
Trd, 4319916.893, 140
Trd, 4319917.693, 140
Trd, 4319919.343, 140
Trd, 4319919.593, 140
Trd, 4319920.743, 140
Trd, 4319921.893, 140
Trd, 4319922.393, 140
Trd, 4319924.243, 140
Trd, 4319925.693, 140
Trd, 4319926.143, 140
Trd, 4319926.293, 140
Trd, 4319926.643, 139
Trd, 4319926.943, 140
Trd, 4319927.143, 138
Trd, 4319927.943, 139
Trd, 4319929.293, 140
Trd, 4319929.493, 93
Trd, 4319929.843, 79
Trd, 4319931.693, 60
Trd, 4319931.993, 60
Trd, 4319933.643, 107
Trd, 4319934.543, 140
Trd, 4319935.993, 140
Trd, 4319936.893, 140
Trd, 4319938.643, 140
Trd, 4319938.743, 140
Trd, 4319939.093, 140
Trd, 4319940.043, 140
Trd, 4319940.093, 140
Trd, 4319940.743, 140
Trd, 4319941.243, 140
Trd, 4319943.143, 134
Trd, 4319943.743, 137
Trd, 4319944.693, 140
Trd, 4319945.893, 140
Trd, 4319946.343, 140
Trd, 4319946.743, 140
Trd, 4319948.943, 140
Trd, 4319950.143, 140
Trd, 4319952.043, 140
Trd, 4319952.393, 140
Trd, 4319952.693, 140
Trd, 4319952.893, 140
Trd, 4319953.993, 62
Trd, 4319954.793, 60
Trd, 4319955.343, 62
Trd, 4319955.643, 63
Trd, 4319955.743, 63
Trd, 4319957.593, 60
Trd, 4319958.743, 60
Trd, 4319959.293, 62
Trd, 4319959.993, 63
Trd, 4319960.493, 103
Trd, 4319961.243, 140
Trd, 4319961.343, 140
Trd, 4319962.843, 140
Trd, 4319964.193, 140
Trd, 4319964.693, 140
Trd, 4319965.193, 140
Trd, 4319966.893, 140
Trd, 4319968.143, 140
Trd, 4319970.193, 140
Trd, 4319970.343, 140
Trd, 4319970.443, 140
Trd, 4319971.343, 140
Trd, 4319971.443, 140
Trd, 4319973.543, 140
Trd, 4319973.993, 140
Trd, 4319974.693, 140
Trd, 4319975.043, 140
Trd, 4319975.593, 140
Trd, 4319975.843, 133
Trd, 4319976.293, 67
Trd, 4319978.143, 110
Trd, 4319979.993, 140
Trd, 4319981.193, 140
Trd, 4319981.993, 140
Trd, 4319982.243, 140
Trd, 4319982.443, 140
Trd, 4319982.943, 140
Trd, 4319984.893, 140
Trd, 4319985.543, 140
Trd, 4319986.243, 140
Trd, 4319986.593, 140
Trd, 4319987.593, 140
Trd, 4319988.243, 140
Trd, 4319988.893, 140
Trd, 4319990.493, 140
Trd, 4319992.543, 140
Trd, 4319993.143, 139
Trd, 4319993.493, 140
Trd, 4319994.443, 140
Trd, 4319995.243, 140
Trd, 4319996.093, 140
Trd, 4319996.993, 140
Trd, 4319998.143, 140
Trd, 4319999.043, 140
