Trd, 4318103.343, 109
Trd, 4318104.143, 107
Trd, 4318105.193, 105
Trd, 4318105.693, 103
Trd, 4318106.743, 111
Trd, 4318107.193, 106
Trd, 4318107.293, 88
Trd, 4318107.493, 120
Trd, 4318108.843, 60
Trd, 4318108.993, 61
Trd, 4318109.243, 139
Trd, 4318109.743, 62
Trd, 4318112.193, 122
Trd, 4318112.443, 94
Trd, 4318115.243, 103
Trd, 4318116.143, 127
Trd, 4318116.343, 131
Trd, 4318116.943, 104
Trd, 4318117.493, 77
Trd, 4318118.143, 119
Trd, 4318118.343, 110
Trd, 4318119.643, 112
Trd, 4318120.943, 109
Trd, 4318121.443, 104
Trd, 4318121.593, 88
Trd, 4318123.143, 115
Trd, 4318123.493, 115
Trd, 4318123.643, 95
Trd, 4318124.043, 94
Trd, 4318124.343, 121
Trd, 4318124.793, 97
Trd, 4318127.293, 95
Trd, 4318127.693, 92
Trd, 4318127.843, 67
Trd, 4318128.693, 125
Trd, 4318129.493, 95
Trd, 4318130.043, 104
Trd, 4318130.243, 85
Trd, 4318131.343, 89
Trd, 4318132.243, 84
Trd, 4318133.543, 97
Trd, 4318133.593, 127
Trd, 4318134.793, 81
Trd, 4318135.843, 95
Trd, 4318136.593, 106
Trd, 4318136.793, 107
Trd, 4318136.943, 124
Trd, 4318137.993, 97
Trd, 4318138.343, 95
Trd, 4318138.793, 97
Trd, 4318139.293, 91
Trd, 4318139.793, 76
Trd, 4318139.893, 97
Trd, 4318141.043, 140
Trd, 4318141.093, 137
Trd, 4318141.943, 78
Trd, 4318142.443, 81
Trd, 4318143.593, 79
Trd, 4318145.193, 109
Trd, 4318145.843, 140
Trd, 4318146.593, 131
Trd, 4318146.743, 112
Trd, 4318147.043, 139
Trd, 4318147.743, 120
Trd, 4318147.843, 109
Trd, 4318149.943, 129
Trd, 4318151.093, 98
Trd, 4318152.543, 84
Trd, 4318152.793, 121
Trd, 4318153.743, 80
Trd, 4318153.993, 120
Trd, 4318154.393, 83
Trd, 4318155.993, 87
Trd, 4318156.343, 89
Trd, 4318156.493, 88
Trd, 4318156.693, 93
Trd, 4318157.193, 109
Trd, 4318158.943, 121
Trd, 4318160.093, 83
Trd, 4318160.293, 93
Trd, 4318160.943, 135
Trd, 4318162.343, 111
Trd, 4318162.593, 109
Trd, 4318163.043, 125
Trd, 4318163.393, 106
Trd, 4318164.243, 87
Trd, 4318165.093, 84
Trd, 4318166.943, 100
Trd, 4318166.993, 96
Trd, 4318168.343, 138
Trd, 4318168.443, 135
Trd, 4318169.643, 101
Trd, 4318170.243, 89
Trd, 4318170.493, 112
Trd, 4318170.893, 95
Trd, 4318171.243, 89
Trd, 4318172.843, 86
Trd, 4318173.543, 118
Trd, 4318173.693, 75
Trd, 4318174.443, 91
Trd, 4318174.693, 74
Trd, 4318176.743, 82
Trd, 4318176.943, 80
Trd, 4318177.493, 138
Trd, 4318178.793, 115
Trd, 4318180.343, 109
Trd, 4318180.593, 106
Trd, 4318180.793, 119
Trd, 4318181.493, 104
Trd, 4318182.293, 79
Trd, 4318183.543, 81
Trd, 4318184.143, 86
Trd, 4318185.293, 125
Trd, 4318185.893, 100
Trd, 4318186.193, 98
Trd, 4318186.443, 118
Trd, 4318186.593, 93
Trd, 4318187.793, 86
Trd, 4318187.943, 123
Trd, 4318189.193, 97
Trd, 4318189.893, 92
Trd, 4318190.293, 89
Trd, 4318192.143, 88
Trd, 4318192.243, 106
Trd, 4318192.893, 88
Trd, 4318194.943, 128
Trd, 4318195.193, 124
Trd, 4318195.793, 115
Trd, 4318196.493, 89
Trd, 4318196.893, 95
Trd, 4318197.293, 79
Trd, 4318197.593, 104
Trd, 4318198.943, 92
Trd, 4318199.093, 98
Trd, 4318199.993, 102
Trd, 4318201.293, 140
Trd, 4318201.393, 134
Trd, 4318201.593, 89
Trd, 4318202.543, 81
Trd, 4318203.543, 89
Trd, 4318204.093, 90
Trd, 4318204.543, 81
Trd, 4318205.893, 100
Trd, 4318208.093, 120
Trd, 4318208.643, 131
Trd, 4318208.693, 116
Trd, 4318209.643, 137
Trd, 4318210.343, 105
Trd, 4318210.743, 104
Trd, 4318212.043, 111
Trd, 4318212.543, 139
Trd, 4318213.143, 140
Trd, 4318214.343, 134
Trd, 4318214.743, 123
Trd, 4318215.843, 114
Trd, 4318215.993, 96
Trd, 4318216.393, 108
Trd, 4318218.343, 84
Trd, 4318218.743, 87
Trd, 4318219.793, 138
Trd, 4318220.793, 85
Trd, 4318222.193, 66
Trd, 4318224.193, 64
Trd, 4318224.793, 65
Trd, 4318226.293, 139
Trd, 4318226.943, 134
Trd, 4318227.743, 140
Trd, 4318229.193, 106
Trd, 4318229.843, 90
Trd, 4318230.043, 83
Trd, 4318230.493, 117
Trd, 4318231.643, 82
Trd, 4318232.343, 83
Trd, 4318234.393, 131
Trd, 4318234.543, 125
Trd, 4318235.043, 78
Trd, 4318235.093, 104
Trd, 4318235.343, 81
Trd, 4318236.143, 107
Trd, 4318236.443, 106
Trd, 4318237.793, 110
Trd, 4318238.543, 122
Trd, 4318239.793, 104
Trd, 4318240.243, 105
Trd, 4318241.343, 115
Trd, 4318242.043, 103
Trd, 4318242.543, 118
Trd, 4318242.643, 114
Trd, 4318242.793, 99
Trd, 4318244.543, 135
Trd, 4318244.843, 129
Trd, 4318245.893, 124
Trd, 4318246.343, 105
Trd, 4318246.693, 113
Trd, 4318246.743, 101
Trd, 4318247.443, 66
Trd, 4318249.343, 83
Trd, 4318249.593, 62
Trd, 4318250.093, 138
Trd, 4318250.943, 88
Trd, 4318251.293, 117
Trd, 4318251.543, 104
Trd, 4318252.493, 60
Trd, 4318254.243, 119
Trd, 4318254.343, 101
Trd, 4318256.193, 134
Trd, 4318256.593, 71
Trd, 4318257.043, 74
Trd, 4318258.393, 63
Trd, 4318258.693, 70
Trd, 4318259.743, 94
Trd, 4318260.143, 96
Trd, 4318261.743, 95
Trd, 4318261.893, 93
Trd, 4318263.593, 126
Trd, 4318263.693, 87
Trd, 4318266.643, 117
Trd, 4318267.293, 133
Trd, 4318267.693, 131
Trd, 4318267.793, 126
Trd, 4318268.343, 109
Trd, 4318269.393, 89
Trd, 4318269.693, 139
Trd, 4318270.643, 95
Trd, 4318270.743, 94
Trd, 4318271.543, 89
Trd, 4318272.593, 98
Trd, 4318273.243, 86
Trd, 4318273.793, 102
Trd, 4318274.743, 115
Trd, 4318276.993, 131
Trd, 4318277.443, 127
Trd, 4318277.993, 123
Trd, 4318279.643, 134
Trd, 4318280.343, 115
Trd, 4318280.643, 114
Trd, 4318280.843, 106
Trd, 4318281.143, 77
Trd, 4318281.843, 117
Trd, 4318284.493, 89
Trd, 4318284.543, 80
Trd, 4318284.743, 75
Trd, 4318285.493, 140
Trd, 4318285.693, 128
Trd, 4318286.443, 119
Trd, 4318287.043, 128
Trd, 4318288.493, 127
Trd, 4318289.143, 100
Trd, 4318289.343, 100
Trd, 4318290.043, 124
Trd, 4318291.443, 104
Trd, 4318292.193, 140
Trd, 4318292.643, 140
Trd, 4318293.743, 138
Trd, 4318293.943, 116
Trd, 4318294.143, 73
Trd, 4318296.093, 69
Trd, 4318296.643, 72
Trd, 4318297.743, 113
Trd, 4318299.443, 75
Trd, 4318300.093, 99
Trd, 4318301.543, 82
Trd, 4318301.743, 70
Trd, 4318302.043, 140
Trd, 4318302.143, 69
Trd, 4318302.443, 68
Trd, 4318303.793, 113
Trd, 4318304.293, 138
Trd, 4318304.493, 123
Trd, 4318305.943, 95
Trd, 4318305.993, 80
Trd, 4318309.243, 118
Trd, 4318309.493, 96
Trd, 4318309.643, 68
Trd, 4318311.093, 85
Trd, 4318311.393, 87
Trd, 4318311.993, 84
Trd, 4318312.293, 82
Trd, 4318313.743, 109
Trd, 4318316.043, 80
Trd, 4318316.943, 91
Trd, 4318318.343, 107
Trd, 4318318.593, 134
Trd, 4318318.643, 78
Trd, 4318320.393, 120
Trd, 4318320.943, 107
Trd, 4318322.243, 104
Trd, 4318324.543, 99
Trd, 4318324.843, 140
Trd, 4318325.393, 96
Trd, 4318326.393, 98
Trd, 4318327.343, 133
Trd, 4318327.543, 125
Trd, 4318328.443, 140
Trd, 4318328.693, 121
Trd, 4318328.743, 111
Trd, 4318328.993, 105
Trd, 4318329.093, 96
Trd, 4318330.693, 61
Trd, 4318332.143, 88
Trd, 4318332.893, 78
Trd, 4318332.993, 80
Trd, 4318333.093, 101
Trd, 4318333.743, 99
Trd, 4318333.943, 108
Trd, 4318335.393, 66
Trd, 4318336.243, 110
Trd, 4318336.793, 106
Trd, 4318337.893, 103
Trd, 4318337.943, 97
Trd, 4318340.143, 140
Trd, 4318340.243, 134
Trd, 4318340.293, 120
Trd, 4318340.893, 121
Trd, 4318341.793, 78
Trd, 4318343.543, 78
Trd, 4318344.893, 126
Trd, 4318346.693, 82
Trd, 4318347.893, 135
Trd, 4318348.343, 132
Trd, 4318350.193, 140
Trd, 4318350.893, 126
Trd, 4318351.143, 116
Trd, 4318351.393, 111
Trd, 4318352.293, 95
Trd, 4318352.643, 92
Trd, 4318354.943, 77
Trd, 4318355.393, 85
Trd, 4318356.443, 109
Trd, 4318357.393, 110
Trd, 4318357.643, 86
Trd, 4318358.043, 80
Trd, 4318358.593, 75
Trd, 4318358.943, 110
Trd, 4318359.793, 93
Trd, 4318362.093, 105
Trd, 4318362.393, 104
Trd, 4318363.293, 91
Trd, 4318363.593, 88
Trd, 4318363.843, 94
Trd, 4318364.743, 71
Trd, 4318367.593, 106
Trd, 4318367.993, 124
Trd, 4318368.043, 104
Trd, 4318368.743, 135
Trd, 4318369.143, 101
Trd, 4318369.193, 81
Trd, 4318369.593, 106
Trd, 4318370.993, 107
Trd, 4318371.293, 112
Trd, 4318371.943, 84
Trd, 4318372.143, 78
Trd, 4318372.443, 123
Trd, 4318373.843, 114
Trd, 4318374.843, 126
Trd, 4318375.793, 110
Trd, 4318376.093, 107
Trd, 4318377.143, 79
Trd, 4318377.443, 90
Trd, 4318378.193, 72
Trd, 4318378.743, 99
Trd, 4318379.343, 78
Trd, 4318380.693, 120
Trd, 4318380.893, 116
Trd, 4318381.493, 105
Trd, 4318381.943, 125
Trd, 4318382.193, 88
Trd, 4318383.643, 105
Trd, 4318386.393, 109
Trd, 4318387.643, 114
Trd, 4318387.993, 89
Trd, 4318388.443, 78
Trd, 4318388.643, 123
Trd, 4318389.343, 76
Trd, 4318390.293, 97
Trd, 4318390.343, 87
Trd, 4318390.893, 111
Trd, 4318391.343, 116
Trd, 4318392.343, 125
Trd, 4318392.743, 128
Trd, 4318393.493, 121
Trd, 4318394.793, 94
Trd, 4318395.593, 116
Trd, 4318396.443, 96
Trd, 4318397.043, 99
Trd, 4318397.243, 95
Trd, 4318398.793, 133
Trd, 4318399.893, 123
Trd, 4318399.943, 134
Trd, 4318399.993, 119
Trd, 4318400.043, 105
Trd, 4318401.593, 123
Trd, 4318402.143, 94
Trd, 4318402.943, 67
Trd, 4318404.143, 72
Trd, 4318404.543, 70
Trd, 4318406.143, 76
Trd, 4318407.093, 94
Trd, 4318407.443, 79
Trd, 4318407.543, 105
Trd, 4318408.093, 92
Trd, 4318409.043, 127
Trd, 4318409.843, 83
Trd, 4318410.243, 71
Trd, 4318411.093, 61
Trd, 4318411.893, 109
Trd, 4318412.493, 103
Trd, 4318412.593, 68
Trd, 4318415.343, 131
Trd, 4318415.393, 127
Trd, 4318415.593, 124
Trd, 4318415.993, 100
Trd, 4318417.143, 101
Trd, 4318417.943, 101
Trd, 4318419.143, 125
Trd, 4318419.293, 94
Trd, 4318419.593, 91
Trd, 4318421.043, 131
Trd, 4318421.743, 109
Trd, 4318422.793, 103
Trd, 4318424.143, 111
Trd, 4318424.493, 123
Trd, 4318424.643, 121
Trd, 4318424.743, 110
Trd, 4318425.793, 125
Trd, 4318427.093, 100
Trd, 4318427.193, 129
Trd, 4318428.293, 80
Trd, 4318428.843, 127
Trd, 4318430.493, 131
Trd, 4318431.093, 123
Trd, 4318431.793, 130
Trd, 4318432.293, 104
Trd, 4318432.643, 115
Trd, 4318433.743, 103
Trd, 4318433.943, 138
Trd, 4318434.993, 131
Trd, 4318435.093, 127
Trd, 4318436.643, 110
Trd, 4318437.843, 103
Trd, 4318438.393, 111
Trd, 4318438.943, 105
Trd, 4318439.293, 97
Trd, 4318439.593, 119
Trd, 4318439.743, 82
Trd, 4318439.893, 80
Trd, 4318441.643, 133
Trd, 4318442.593, 140
Trd, 4318442.643, 139
Trd, 4318442.993, 134
Trd, 4318443.943, 106
Trd, 4318445.293, 107
Trd, 4318445.493, 88
Trd, 4318446.593, 99
Trd, 4318447.343, 121
Trd, 4318447.393, 94
Trd, 4318448.443, 133
Trd, 4318448.793, 118
Trd, 4318449.093, 127
Trd, 4318449.593, 117
Trd, 4318450.143, 113
Trd, 4318450.493, 116
Trd, 4318451.093, 124
Trd, 4318452.243, 108
Trd, 4318453.143, 123
Trd, 4318453.593, 85
Trd, 4318454.043, 96
Trd, 4318455.293, 98
Trd, 4318455.543, 97
Trd, 4318455.693, 69
Trd, 4318457.443, 61
Trd, 4318458.793, 100
Trd, 4318459.843, 79
Trd, 4318460.543, 74
Trd, 4318460.593, 77
Trd, 4318461.393, 117
Trd, 4318462.193, 121
Trd, 4318463.593, 140
Trd, 4318464.093, 140
Trd, 4318464.593, 105
Trd, 4318466.593, 77
Trd, 4318466.893, 81
Trd, 4318467.393, 103
Trd, 4318467.693, 118
Trd, 4318468.293, 63
Trd, 4318469.193, 66
Trd, 4318469.843, 91
Trd, 4318471.093, 69
Trd, 4318471.993, 64
Trd, 4318472.993, 98
Trd, 4318473.343, 90
Trd, 4318474.143, 97
Trd, 4318474.893, 131
Trd, 4318475.293, 92
Trd, 4318475.793, 101
Trd, 4318475.843, 100
Trd, 4318476.693, 103
Trd, 4318477.143, 81
Trd, 4318478.543, 88
Trd, 4318478.893, 77
Trd, 4318479.743, 93
Trd, 4318481.193, 139
Trd, 4318481.493, 104
Trd, 4318481.793, 83
Trd, 4318481.893, 112
Trd, 4318482.393, 82
Trd, 4318484.443, 127
Trd, 4318484.543, 123
Trd, 4318484.743, 116
Trd, 4318485.343, 136
Trd, 4318485.493, 124
Trd, 4318485.993, 98
Trd, 4318486.393, 70
Trd, 4318486.743, 96
Trd, 4318489.293, 111
Trd, 4318490.793, 123
Trd, 4318491.043, 108
Trd, 4318491.193, 131
Trd, 4318492.393, 122
Trd, 4318493.093, 121
Trd, 4318493.343, 80
Trd, 4318494.093, 108
Trd, 4318494.193, 109
Trd, 4318494.643, 105
Trd, 4318495.393, 103
Trd, 4318496.943, 135
Trd, 4318497.043, 127
Trd, 4318497.893, 118
Trd, 4318498.043, 113
Trd, 4318498.793, 83
Trd, 4318499.843, 82
Trd, 4318500.243, 137
Trd, 4318500.943, 71
Trd, 4318501.943, 98
Trd, 4318502.543, 97
Trd, 4318503.443, 105
Trd, 4318503.543, 98
Trd, 4318503.993, 102
Trd, 4318504.643, 98
Trd, 4318504.793, 93
Trd, 4318505.843, 86
Trd, 4318506.293, 121
Trd, 4318506.443, 99
Trd, 4318507.943, 119
Trd, 4318508.493, 107
Trd, 4318509.243, 99
Trd, 4318510.493, 120
Trd, 4318511.093, 140
Trd, 4318511.593, 121
Trd, 4318512.393, 125
Trd, 4318512.593, 110
Trd, 4318513.843, 110
Trd, 4318515.093, 111
Trd, 4318515.143, 108
Trd, 4318516.243, 107
Trd, 4318516.343, 120
Trd, 4318517.093, 93
Trd, 4318517.593, 99
Trd, 4318518.093, 92
Trd, 4318520.293, 88
Trd, 4318520.393, 86
Trd, 4318521.143, 97
Trd, 4318522.643, 114
Trd, 4318522.943, 111
Trd, 4318523.143, 115
Trd, 4318524.493, 101
Trd, 4318524.543, 85
Trd, 4318526.493, 87
Trd, 4318526.743, 84
Trd, 4318527.643, 74
Trd, 4318528.193, 127
Trd, 4318531.043, 126
Trd, 4318531.243, 118
Trd, 4318531.343, 98
Trd, 4318532.743, 139
Trd, 4318533.193, 117
Trd, 4318533.243, 112
Trd, 4318533.443, 73
Trd, 4318534.343, 77
Trd, 4318534.743, 109
Trd, 4318535.293, 62
Trd, 4318536.243, 68
Trd, 4318536.893, 110
Trd, 4318538.043, 124
Trd, 4318538.443, 140
Trd, 4318540.493, 137
Trd, 4318541.093, 127
Trd, 4318541.293, 103
Trd, 4318542.193, 96
Trd, 4318543.493, 105
Trd, 4318544.093, 138
Trd, 4318545.093, 109
Trd, 4318545.343, 80
Trd, 4318546.193, 94
Trd, 4318547.543, 71
Trd, 4318548.843, 92
Trd, 4318549.293, 87
Trd, 4318550.093, 139
Trd, 4318551.843, 91
Trd, 4318552.043, 96
Trd, 4318552.093, 106
Trd, 4318553.393, 84
Trd, 4318554.493, 128
Trd, 4318555.143, 117
Trd, 4318555.193, 101
Trd, 4318555.493, 110
Trd, 4318556.893, 113
Trd, 4318556.993, 116
Trd, 4318557.193, 109
Trd, 4318557.293, 109
Trd, 4318558.193, 121
Trd, 4318558.693, 120
Trd, 4318560.493, 84
Trd, 4318560.793, 94
Trd, 4318561.043, 89
Trd, 4318561.393, 94
Trd, 4318562.093, 87
Trd, 4318564.143, 133
Trd, 4318564.493, 128
Trd, 4318564.743, 104
Trd, 4318564.993, 140
Trd, 4318566.643, 93
Trd, 4318568.843, 104
Trd, 4318570.843, 116
Trd, 4318571.743, 140
Trd, 4318572.093, 99
Trd, 4318573.743, 140
Trd, 4318575.043, 124
Trd, 4318575.143, 120
Trd, 4318575.343, 108
Trd, 4318576.443, 122
Trd, 4318576.893, 138
Trd, 4318578.443, 117
Trd, 4318579.793, 111
Trd, 4318580.143, 110
Trd, 4318580.443, 136
Trd, 4318580.543, 137
Trd, 4318580.893, 106
Trd, 4318581.143, 91
Trd, 4318582.993, 72
Trd, 4318584.443, 84
Trd, 4318584.593, 74
Trd, 4318584.843, 74
Trd, 4318585.793, 89
Trd, 4318585.843, 91
Trd, 4318586.643, 85
Trd, 4318586.743, 139
Trd, 4318588.743, 74
Trd, 4318589.343, 116
Trd, 4318590.493, 71
Trd, 4318591.593, 100
Trd, 4318592.543, 139
Trd, 4318593.393, 114
Trd, 4318593.693, 107
Trd, 4318594.393, 91
Trd, 4318594.693, 139
Trd, 4318595.743, 128
Trd, 4318595.793, 90
Trd, 4318596.893, 94
Trd, 4318597.243, 86
Trd, 4318599.493, 140
Trd, 4318599.593, 105
Trd, 4318600.793, 104
Trd, 4318601.293, 99
Trd, 4318601.443, 90
Trd, 4318603.593, 87
Trd, 4318604.293, 97
Trd, 4318604.543, 100
Trd, 4318605.293, 112
Trd, 4318605.893, 80
Trd, 4318606.593, 84
Trd, 4318607.293, 114
Trd, 4318608.943, 118
Trd, 4318609.293, 101
Trd, 4318611.343, 139
Trd, 4318612.493, 130
Trd, 4318612.693, 128
Trd, 4318613.193, 111
Trd, 4318613.393, 114
Trd, 4318613.643, 113
Trd, 4318614.493, 126
Trd, 4318615.043, 118
Trd, 4318615.343, 100
Trd, 4318616.593, 115
Trd, 4318617.743, 121
Trd, 4318618.393, 114
Trd, 4318618.443, 103
Trd, 4318619.543, 138
Trd, 4318621.243, 133
Trd, 4318621.943, 138
Trd, 4318622.743, 104
Trd, 4318622.943, 102
Trd, 4318623.093, 98
Trd, 4318623.643, 97
Trd, 4318624.493, 131
Trd, 4318624.793, 117
Trd, 4318625.143, 111
Trd, 4318626.443, 104
Trd, 4318626.643, 97
Trd, 4318627.643, 140
Trd, 4318627.743, 137
Trd, 4318628.793, 94
Trd, 4318629.993, 124
Trd, 4318630.093, 86
Trd, 4318631.443, 78
Trd, 4318631.893, 73
Trd, 4318632.543, 140
Trd, 4318633.843, 108
Trd, 4318634.193, 139
Trd, 4318634.343, 97
Trd, 4318635.243, 82
Trd, 4318636.643, 92
Trd, 4318636.993, 126
Trd, 4318638.443, 117
Trd, 4318638.843, 124
Trd, 4318639.243, 130
Trd, 4318639.343, 113
Trd, 4318640.793, 102
Trd, 4318640.943, 99
Trd, 4318642.493, 138
Trd, 4318642.993, 110
Trd, 4318643.493, 105
Trd, 4318643.893, 102
Trd, 4318644.293, 109
Trd, 4318644.843, 91
Trd, 4318645.593, 92
Trd, 4318645.943, 91
Trd, 4318646.843, 100
Trd, 4318647.743, 111
Trd, 4318647.993, 105
Trd, 4318648.143, 102
Trd, 4318648.793, 91
Trd, 4318651.043, 139
Trd, 4318651.393, 123
Trd, 4318652.243, 95
Trd, 4318653.243, 87
Trd, 4318654.293, 79
Trd, 4318654.793, 110
Trd, 4318654.943, 83
Trd, 4318656.093, 123
Trd, 4318656.643, 140
Trd, 4318657.993, 125
Trd, 4318658.243, 110
Trd, 4318658.943, 127
Trd, 4318659.643, 90
Trd, 4318660.543, 132
Trd, 4318661.343, 132
Trd, 4318662.443, 127
Trd, 4318662.493, 87
Trd, 4318664.393, 117
Trd, 4318664.693, 114
Trd, 4318665.643, 116
Trd, 4318665.743, 105
Trd, 4318667.243, 96
Trd, 4318667.893, 131
Trd, 4318667.943, 110
Trd, 4318668.343, 104
Trd, 4318669.993, 116
Trd, 4318671.043, 131
Trd, 4318671.193, 130
Trd, 4318672.293, 139
Trd, 4318672.493, 113
Trd, 4318672.593, 128
Trd, 4318673.443, 112
Trd, 4318675.993, 93
Trd, 4318676.093, 92
Trd, 4318676.643, 90
Trd, 4318677.343, 106
Trd, 4318677.543, 103
Trd, 4318677.893, 104
Trd, 4318677.943, 112
Trd, 4318678.443, 76
Trd, 4318678.943, 134
Trd, 4318679.693, 126
Trd, 4318681.993, 138
Trd, 4318682.043, 137
Trd, 4318682.843, 118
Trd, 4318684.093, 106
Trd, 4318685.443, 108
Trd, 4318685.693, 101
Trd, 4318686.143, 72
Trd, 4318688.243, 87
Trd, 4318688.893, 136
Trd, 4318689.293, 103
Trd, 4318690.293, 123
Trd, 4318690.343, 122
Trd, 4318691.343, 83
Trd, 4318691.543, 89
Trd, 4318691.643, 76
Trd, 4318691.893, 89
Trd, 4318694.693, 96
Trd, 4318694.743, 95
Trd, 4318695.493, 82
Trd, 4318695.893, 101
Trd, 4318697.843, 99
Trd, 4318698.043, 114
Trd, 4318698.593, 134
Trd, 4318698.893, 78
Trd, 4318699.393, 72
Trd, 4318701.993, 113
Trd, 4318702.243, 108
Trd, 4318702.543, 105
Trd, 4318703.693, 120
Trd, 4318704.843, 119
Trd, 4318705.143, 134
Trd, 4318705.343, 115
Trd, 4318705.393, 100
Trd, 4318706.643, 128
Trd, 4318707.493, 68
Trd, 4318707.943, 84
Trd, 4318709.193, 140
Trd, 4318709.743, 139
Trd, 4318710.543, 130
Trd, 4318711.593, 115
Trd, 4318711.843, 140
Trd, 4318713.393, 132
Trd, 4318713.793, 100
Trd, 4318714.343, 109
Trd, 4318715.293, 89
Trd, 4318716.743, 112
Trd, 4318717.893, 139
Trd, 4318718.793, 127
Trd, 4318719.193, 123
Trd, 4318719.243, 113
Trd, 4318719.293, 107
Trd, 4318720.543, 117
Trd, 4318720.743, 85
Trd, 4318720.893, 107
Trd, 4318721.593, 84
Trd, 4318722.643, 93
Trd, 4318723.093, 86
Trd, 4318724.343, 93
Trd, 4318725.693, 96
Trd, 4318726.893, 114
Trd, 4318727.893, 81
Trd, 4318728.393, 102
Trd, 4318728.943, 61
Trd, 4318729.843, 60
Trd, 4318730.393, 96
Trd, 4318731.093, 91
Trd, 4318731.793, 106
Trd, 4318733.043, 109
Trd, 4318733.693, 98
Trd, 4318734.093, 87
Trd, 4318734.493, 82
Trd, 4318735.343, 139
Trd, 4318738.193, 137
Trd, 4318738.343, 109
Trd, 4318738.693, 139
Trd, 4318738.943, 80
Trd, 4318739.443, 85
Trd, 4318739.593, 79
Trd, 4318740.993, 122
Trd, 4318741.593, 74
Trd, 4318742.743, 131
Trd, 4318743.193, 68
Trd, 4318743.693, 136
Trd, 4318744.093, 90
Trd, 4318745.293, 102
Trd, 4318747.393, 111
Trd, 4318747.493, 87
Trd, 4318747.943, 84
Trd, 4318748.693, 137
Trd, 4318749.643, 138
Trd, 4318750.293, 131
Trd, 4318752.043, 121
Trd, 4318752.093, 118
Trd, 4318752.493, 102
Trd, 4318752.643, 93
Trd, 4318752.743, 88
Trd, 4318753.893, 124
Trd, 4318753.993, 98
Trd, 4318754.693, 100
Trd, 4318755.243, 82
Trd, 4318756.593, 115
Trd, 4318757.243, 113
Trd, 4318757.693, 129
Trd, 4318757.993, 121
Trd, 4318758.643, 125
Trd, 4318760.043, 129
Trd, 4318760.893, 121
Trd, 4318761.043, 117
Trd, 4318761.793, 109
Trd, 4318762.043, 90
Trd, 4318762.393, 71
Trd, 4318763.093, 78
Trd, 4318764.193, 65
Trd, 4318765.493, 75
Trd, 4318765.593, 84
Trd, 4318768.943, 99
Trd, 4318769.793, 103
Trd, 4318770.293, 102
Trd, 4318770.643, 134
Trd, 4318770.943, 106
Trd, 4318771.343, 100
Trd, 4318771.743, 120
Trd, 4318772.293, 96
Trd, 4318773.593, 124
Trd, 4318774.393, 123
Trd, 4318774.493, 105
Trd, 4318774.593, 104
Trd, 4318775.593, 118
Trd, 4318777.193, 139
Trd, 4318777.243, 118
Trd, 4318778.243, 124
Trd, 4318779.243, 108
Trd, 4318780.393, 105
Trd, 4318780.593, 79
Trd, 4318780.643, 128
Trd, 4318782.543, 88
Trd, 4318783.243, 128
Trd, 4318783.443, 77
Trd, 4318784.193, 129
Trd, 4318784.843, 84
Trd, 4318786.143, 127
Trd, 4318786.993, 138
Trd, 4318787.343, 136
Trd, 4318788.543, 117
Trd, 4318789.593, 89
Trd, 4318790.243, 110
Trd, 4318790.343, 116
Trd, 4318790.743, 138
Trd, 4318791.143, 118
Trd, 4318792.943, 119
Trd, 4318794.743, 107
Trd, 4318795.393, 103
Trd, 4318796.043, 137
Trd, 4318796.693, 134
Trd, 4318796.893, 107
Trd, 4318797.493, 106
Trd, 4318797.993, 87
Trd, 4318799.243, 92
Trd, 4318799.393, 91
Trd, 4318799.943, 87
Trd, 4318800.093, 86
Trd, 4318800.293, 80
Trd, 4318801.193, 67
Trd, 4318801.293, 114
Trd, 4318802.993, 131
Trd, 4318804.993, 64
Trd, 4318805.193, 71
Trd, 4318805.593, 114
Trd, 4318806.343, 100
Trd, 4318806.393, 112
Trd, 4318807.843, 98
Trd, 4318808.393, 97
Trd, 4318808.443, 64
Trd, 4318809.593, 83
Trd, 4318810.243, 61
Trd, 4318811.493, 91
Trd, 4318811.893, 115
Trd, 4318811.943, 91
Trd, 4318812.393, 84
Trd, 4318812.943, 137
Trd, 4318813.593, 76
Trd, 4318813.693, 73
Trd, 4318814.643, 114
Trd, 4318814.693, 110
Trd, 4318815.843, 102
Trd, 4318817.293, 131
Trd, 4318817.493, 140
Trd, 4318817.893, 127
Trd, 4318819.193, 124
Trd, 4318821.293, 140
Trd, 4318821.343, 117
Trd, 4318821.893, 137
Trd, 4318822.143, 126
Trd, 4318822.293, 123
Trd, 4318823.093, 97
Trd, 4318823.943, 84
Trd, 4318824.443, 90
Trd, 4318825.993, 140
Trd, 4318826.243, 140
Trd, 4318826.443, 128
Trd, 4318826.743, 114
Trd, 4318827.893, 94
Trd, 4318828.243, 90
Trd, 4318828.943, 118
Trd, 4318829.193, 85
Trd, 4318829.943, 75
Trd, 4318830.093, 119
Trd, 4318831.093, 125
Trd, 4318832.293, 122
Trd, 4318833.043, 99
Trd, 4318833.093, 93
Trd, 4318833.343, 139
Trd, 4318834.493, 120
Trd, 4318835.443, 68
Trd, 4318835.743, 67
Trd, 4318836.343, 115
Trd, 4318836.443, 81
Trd, 4318837.193, 84
Trd, 4318837.343, 107
Trd, 4318839.243, 101
Trd, 4318839.543, 111
Trd, 4318839.993, 86
Trd, 4318840.443, 86
Trd, 4318840.793, 118
Trd, 4318842.193, 114
Trd, 4318842.643, 114
Trd, 4318843.793, 113
Trd, 4318844.743, 91
Trd, 4318845.093, 89
Trd, 4318846.143, 139
Trd, 4318846.693, 119
Trd, 4318846.843, 107
Trd, 4318846.993, 107
Trd, 4318848.093, 123
Trd, 4318850.993, 135
Trd, 4318851.093, 120
Trd, 4318852.293, 111
Trd, 4318852.593, 95
Trd, 4318852.743, 94
Trd, 4318854.043, 82
Trd, 4318854.543, 80
Trd, 4318854.793, 134
Trd, 4318856.093, 137
Trd, 4318856.893, 114
Trd, 4318857.143, 82
Trd, 4318857.843, 139
Trd, 4318859.743, 116
Trd, 4318861.143, 118
Trd, 4318862.393, 121
Trd, 4318862.843, 109
Trd, 4318862.943, 124
Trd, 4318862.993, 126
Trd, 4318863.693, 92
Trd, 4318865.093, 71
Trd, 4318865.893, 85
Trd, 4318866.493, 121
Trd, 4318866.743, 96
Trd, 4318867.943, 137
Trd, 4318868.393, 123
Trd, 4318868.593, 92
Trd, 4318868.893, 87
Trd, 4318869.943, 66
Trd, 4318870.543, 95
Trd, 4318873.143, 139
Trd, 4318873.793, 115
Trd, 4318873.993, 92
Trd, 4318875.043, 119
Trd, 4318875.393, 121
Trd, 4318876.043, 115
Trd, 4318877.343, 109
Trd, 4318877.693, 128
Trd, 4318877.893, 115
Trd, 4318877.943, 109
Trd, 4318879.443, 60
Trd, 4318879.893, 63
Trd, 4318880.693, 118
Trd, 4318881.793, 83
Trd, 4318881.843, 81
Trd, 4318882.243, 74
Trd, 4318883.693, 116
Trd, 4318884.493, 109
Trd, 4318887.543, 132
Trd, 4318887.593, 130
Trd, 4318887.793, 127
Trd, 4318888.593, 99
Trd, 4318888.843, 88
Trd, 4318890.043, 121
Trd, 4318890.243, 124
Trd, 4318890.643, 137
Trd, 4318890.693, 136
Trd, 4318891.993, 62
Trd, 4318892.343, 93
Trd, 4318893.543, 76
Trd, 4318893.743, 79
Trd, 4318893.893, 74
Trd, 4318894.543, 139
Trd, 4318897.543, 115
Trd, 4318897.893, 114
Trd, 4318899.393, 99
Trd, 4318899.593, 95
Trd, 4318900.093, 104
Trd, 4318900.193, 84
Trd, 4318900.993, 120
Trd, 4318901.143, 137
Trd, 4318902.443, 76
Trd, 4318902.843, 91
Trd, 4318903.243, 70
Trd, 4318903.993, 86
Trd, 4318905.543, 86
Trd, 4318906.243, 92
Trd, 4318906.893, 116
Trd, 4318907.043, 86
Trd, 4318908.393, 139
Trd, 4318908.693, 82
Trd, 4318909.143, 104
Trd, 4318909.993, 96
Trd, 4318910.393, 120
Trd, 4318911.343, 96
Trd, 4318911.743, 105
Trd, 4318912.543, 91
Trd, 4318914.093, 105
Trd, 4318914.643, 140
Trd, 4318915.893, 102
Trd, 4318916.693, 109
Trd, 4318918.093, 120
Trd, 4318918.543, 129
Trd, 4318919.693, 105
Trd, 4318919.993, 120
Trd, 4318920.993, 128
Trd, 4318921.943, 113
Trd, 4318922.093, 85
Trd, 4318923.493, 110
Trd, 4318925.293, 110
Trd, 4318925.393, 77
Trd, 4318926.093, 77
Trd, 4318927.293, 84
Trd, 4318928.843, 118
Trd, 4318929.593, 117
Trd, 4318929.743, 108
Trd, 4318929.943, 104
Trd, 4318931.393, 101
Trd, 4318931.543, 124
Trd, 4318931.693, 93
Trd, 4318933.493, 104
Trd, 4318934.493, 140
Trd, 4318934.993, 138
Trd, 4318935.043, 133
Trd, 4318935.643, 126
Trd, 4318937.443, 101
Trd, 4318938.093, 91
Trd, 4318939.893, 136
Trd, 4318940.243, 138
Trd, 4318940.643, 127
Trd, 4318940.843, 90
Trd, 4318941.493, 124
Trd, 4318943.693, 129
Trd, 4318943.993, 111
Trd, 4318944.093, 86
Trd, 4318945.643, 108
Trd, 4318945.693, 105
Trd, 4318946.043, 120
Trd, 4318947.743, 83
Trd, 4318949.043, 104
Trd, 4318949.543, 100
Trd, 4318949.993, 77
Trd, 4318950.693, 122
Trd, 4318951.043, 93
Trd, 4318951.343, 88
Trd, 4318952.793, 112
Trd, 4318953.943, 100
Trd, 4318954.993, 116
Trd, 4318955.543, 87
Trd, 4318956.293, 82
Trd, 4318956.393, 112
Trd, 4318958.343, 140
Trd, 4318958.493, 135
Trd, 4318958.643, 134
Trd, 4318959.093, 133
Trd, 4318959.193, 112
Trd, 4318959.243, 99
Trd, 4318960.943, 85
Trd, 4318960.993, 86
Trd, 4318961.593, 88
Trd, 4318963.643, 94
Trd, 4318964.093, 110
Trd, 4318964.143, 85
Trd, 4318965.193, 103
Trd, 4318966.193, 118
Trd, 4318966.843, 100
Trd, 4318968.593, 82
Trd, 4318969.693, 83
Trd, 4318969.743, 81
Trd, 4318970.193, 80
Trd, 4318970.593, 136
Trd, 4318970.993, 90
Trd, 4318972.343, 79
Trd, 4318973.993, 106
Trd, 4318974.193, 102
Trd, 4318974.543, 93
Trd, 4318975.243, 137
Trd, 4318976.343, 96
Trd, 4318977.643, 78
Trd, 4318978.093, 82
Trd, 4318978.843, 97
Trd, 4318979.143, 97
Trd, 4318979.243, 83
Trd, 4318979.793, 140
Trd, 4318980.943, 139
Trd, 4318982.493, 123
Trd, 4318982.593, 72
Trd, 4318985.293, 66
Trd, 4318986.293, 65
Trd, 4318986.443, 63
Trd, 4318987.193, 79
Trd, 4318988.193, 100
Trd, 4318988.443, 104
Trd, 4318989.043, 61
Trd, 4318990.643, 114
Trd, 4318990.843, 86
Trd, 4318992.143, 77
Trd, 4318992.643, 74
Trd, 4318993.193, 94
Trd, 4318993.293, 132
Trd, 4318994.493, 140
Trd, 4318995.093, 137
Trd, 4318995.543, 114
Trd, 4318996.543, 98
Trd, 4318997.143, 93
Trd, 4318997.193, 92
Trd, 4318997.493, 90
Trd, 4318998.443, 83
Trd, 4318999.893, 73
Trd, 4319000.493, 74
Trd, 4319000.743, 138
Trd, 4319001.393, 104
Trd, 4319002.793, 110
Trd, 4319003.043, 85
Trd, 4319003.393, 132
Trd, 4319005.593, 111
Trd, 4319005.993, 133
Trd, 4319006.143, 98
Trd, 4319006.193, 98
Trd, 4319007.043, 69
Trd, 4319008.193, 140
Trd, 4319008.893, 132
Trd, 4319009.293, 128
Trd, 4319009.493, 107
Trd, 4319010.843, 140
Trd, 4319010.943, 120
Trd, 4319012.443, 94
Trd, 4319013.143, 119
Trd, 4319013.393, 75
Trd, 4319013.743, 73
Trd, 4319014.643, 95
Trd, 4319014.993, 83
Trd, 4319015.293, 139
Trd, 4319019.443, 89
Trd, 4319019.493, 107
Trd, 4319019.893, 94
Trd, 4319020.643, 88
Trd, 4319021.293, 106
Trd, 4319021.593, 88
Trd, 4319022.593, 91
Trd, 4319022.743, 114
Trd, 4319024.543, 80
Trd, 4319025.643, 90
Trd, 4319026.643, 90
Trd, 4319027.443, 94
Trd, 4319027.893, 80
Trd, 4319029.943, 80
Trd, 4319030.043, 79
Trd, 4319030.493, 85
Trd, 4319030.593, 101
Trd, 4319031.293, 69
Trd, 4319032.243, 77
Trd, 4319033.293, 125
Trd, 4319034.943, 124
Trd, 4319035.743, 140
Trd, 4319035.793, 121
Trd, 4319036.743, 107
Trd, 4319036.843, 94
Trd, 4319037.593, 110
Trd, 4319037.793, 105
Trd, 4319037.893, 134
Trd, 4319038.443, 98
Trd, 4319039.393, 92
Trd, 4319039.543, 89
Trd, 4319040.343, 86
Trd, 4319041.393, 86
Trd, 4319042.093, 82
Trd, 4319042.893, 72
Trd, 4319044.243, 78
Trd, 4319044.293, 79
Trd, 4319046.493, 121
Trd, 4319046.593, 117
Trd, 4319046.793, 106
Trd, 4319047.143, 127
Trd, 4319047.243, 102
Trd, 4319048.543, 101
Trd, 4319048.643, 99
Trd, 4319049.143, 119
Trd, 4319049.293, 95
Trd, 4319049.993, 114
Trd, 4319051.143, 125
Trd, 4319052.293, 109
Trd, 4319053.243, 100
Trd, 4319053.493, 98
Trd, 4319054.993, 95
Trd, 4319055.243, 109
Trd, 4319055.793, 73
Trd, 4319057.293, 94
Trd, 4319057.593, 103
Trd, 4319058.243, 114
Trd, 4319058.443, 115
Trd, 4319058.593, 89
Trd, 4319059.243, 79
Trd, 4319060.143, 81
Trd, 4319060.943, 136
Trd, 4319061.893, 89
Trd, 4319062.043, 87
Trd, 4319063.943, 69
Trd, 4319064.793, 74
Trd, 4319066.193, 114
Trd, 4319066.243, 127
Trd, 4319067.293, 98
Trd, 4319068.343, 93
Trd, 4319068.793, 84
Trd, 4319069.243, 111
Trd, 4319069.793, 68
Trd, 4319070.293, 65
Trd, 4319070.543, 75
Trd, 4319071.793, 65
Trd, 4319073.293, 88
Trd, 4319073.643, 104
Trd, 4319073.993, 101
Trd, 4319074.343, 91
Trd, 4319074.393, 76
Trd, 4319074.743, 99
Trd, 4319077.593, 85
Trd, 4319077.693, 75
Trd, 4319078.743, 107
Trd, 4319079.743, 100
Trd, 4319080.093, 81
Trd, 4319081.543, 89
Trd, 4319082.093, 99
Trd, 4319082.793, 85
Trd, 4319083.093, 112
Trd, 4319084.743, 140
Trd, 4319085.093, 138
Trd, 4319085.743, 117
Trd, 4319089.693, 136
Trd, 4319090.093, 130
Trd, 4319090.243, 125
Trd, 4319090.943, 94
Trd, 4319091.343, 124
Trd, 4319091.693, 101
Trd, 4319093.793, 79
Trd, 4319094.043, 77
Trd, 4319094.393, 138
Trd, 4319094.593, 133
Trd, 4319096.493, 112
Trd, 4319097.593, 94
Trd, 4319097.843, 138
Trd, 4319099.493, 131
Trd, 4319100.043, 105
Trd, 4319100.893, 99
Trd, 4319101.843, 107
Trd, 4319102.643, 94
Trd, 4319103.393, 84
Trd, 4319103.443, 113
Trd, 4319103.843, 78
Trd, 4319106.093, 69
Trd, 4319106.293, 72
Trd, 4319106.743, 79
Trd, 4319107.543, 90
Trd, 4319108.143, 85
Trd, 4319108.543, 108
Trd, 4319109.043, 86
Trd, 4319109.143, 84
Trd, 4319110.093, 80
Trd, 4319111.443, 92
Trd, 4319113.393, 129
Trd, 4319113.743, 126
Trd, 4319115.193, 122
Trd, 4319116.443, 138
Trd, 4319116.643, 135
Trd, 4319117.193, 130
Trd, 4319117.693, 129
Trd, 4319117.843, 120
Trd, 4319118.193, 116
Trd, 4319118.893, 109
Trd, 4319120.143, 87
Trd, 4319120.343, 76
Trd, 4319121.293, 112
Trd, 4319121.893, 111
Trd, 4319122.293, 124
Trd, 4319122.843, 135
Trd, 4319123.793, 105
Trd, 4319124.093, 91
Trd, 4319124.343, 85
Trd, 4319125.343, 62
Trd, 4319126.293, 66
Trd, 4319126.443, 65
Trd, 4319127.293, 92
Trd, 4319127.443, 90
Trd, 4319128.643, 90
Trd, 4319128.843, 127
Trd, 4319130.143, 140
Trd, 4319130.943, 134
Trd, 4319130.993, 95
Trd, 4319131.743, 72
Trd, 4319131.843, 72
Trd, 4319132.993, 83
Trd, 4319133.943, 101
Trd, 4319135.243, 112
Trd, 4319136.043, 137
Trd, 4319136.393, 105
Trd, 4319137.693, 100
Trd, 4319138.893, 89
Trd, 4319139.193, 79
Trd, 4319141.193, 87
Trd, 4319143.243, 135
Trd, 4319143.693, 121
Trd, 4319144.793, 135
Trd, 4319144.843, 113
Trd, 4319145.593, 95
Trd, 4319146.593, 81
Trd, 4319147.443, 108
Trd, 4319147.743, 80
Trd, 4319147.893, 78
Trd, 4319149.743, 116
Trd, 4319150.093, 132
Trd, 4319150.543, 112
Trd, 4319151.893, 116
Trd, 4319152.293, 110
Trd, 4319152.543, 107
Trd, 4319153.943, 98
Trd, 4319154.343, 62
Trd, 4319154.943, 138
Trd, 4319155.393, 99
Trd, 4319155.743, 107
Trd, 4319157.143, 97
Trd, 4319157.193, 96
Trd, 4319158.143, 73
Trd, 4319158.343, 84
Trd, 4319158.393, 63
Trd, 4319160.143, 64
Trd, 4319160.893, 60
Trd, 4319161.343, 86
Trd, 4319162.443, 133
Trd, 4319162.493, 115
Trd, 4319163.193, 93
Trd, 4319165.443, 131
Trd, 4319166.643, 116
Trd, 4319167.893, 111
Trd, 4319167.943, 101
Trd, 4319168.143, 110
Trd, 4319169.043, 93
Trd, 4319169.693, 138
Trd, 4319169.793, 133
Trd, 4319170.893, 103
Trd, 4319171.043, 136
Trd, 4319171.093, 99
Trd, 4319172.493, 101
Trd, 4319173.743, 91
Trd, 4319174.493, 129
Trd, 4319175.343, 104
Trd, 4319175.593, 131
Trd, 4319175.893, 102
Trd, 4319176.093, 102
Trd, 4319176.743, 75
Trd, 4319177.493, 129
Trd, 4319177.943, 133
Trd, 4319178.993, 129
Trd, 4319179.443, 123
Trd, 4319179.843, 121
Trd, 4319181.043, 119
Trd, 4319182.193, 92
Trd, 4319183.293, 88
Trd, 4319183.693, 131
Trd, 4319184.093, 84
Trd, 4319184.843, 82
Trd, 4319184.993, 80
Trd, 4319185.243, 112
Trd, 4319186.493, 111
Trd, 4319186.593, 94
Trd, 4319187.793, 132
Trd, 4319188.593, 93
Trd, 4319188.893, 103
Trd, 4319188.943, 84
Trd, 4319189.293, 84
Trd, 4319189.993, 78
Trd, 4319193.193, 120
Trd, 4319193.393, 116
Trd, 4319193.693, 103
Trd, 4319195.043, 137
Trd, 4319195.243, 115
Trd, 4319195.643, 110
Trd, 4319195.943, 99
Trd, 4319196.043, 82
Trd, 4319197.693, 140
Trd, 4319198.193, 110
Trd, 4319198.393, 109
Trd, 4319198.493, 103
Trd, 4319200.093, 121
Trd, 4319200.893, 121
Trd, 4319201.593, 113
Trd, 4319201.893, 84
Trd, 4319203.193, 89
Trd, 4319204.243, 101
Trd, 4319204.593, 121
Trd, 4319205.243, 74
Trd, 4319205.493, 82
Trd, 4319205.593, 84
Trd, 4319205.943, 73
Trd, 4319207.693, 60
Trd, 4319208.293, 135
Trd, 4319208.693, 98
Trd, 4319210.143, 91
Trd, 4319210.943, 72
Trd, 4319211.443, 103
Trd, 4319212.443, 122
Trd, 4319214.043, 87
Trd, 4319214.393, 87
Trd, 4319215.143, 100
Trd, 4319215.293, 119
Trd, 4319216.093, 113
Trd, 4319217.543, 115
Trd, 4319217.893, 134
Trd, 4319219.193, 103
Trd, 4319219.793, 105
Trd, 4319220.943, 140
Trd, 4319221.493, 134
Trd, 4319221.793, 91
Trd, 4319221.843, 80
Trd, 4319221.943, 133
Trd, 4319224.443, 93
Trd, 4319224.593, 118
Trd, 4319225.693, 77
Trd, 4319226.693, 88
Trd, 4319228.693, 98
Trd, 4319229.793, 130
Trd, 4319229.843, 104
Trd, 4319230.193, 97
Trd, 4319230.543, 138
Trd, 4319230.643, 82
Trd, 4319231.443, 139
Trd, 4319232.443, 99
Trd, 4319233.143, 107
Trd, 4319234.193, 98
Trd, 4319234.443, 97
Trd, 4319235.793, 111
Trd, 4319235.943, 98
Trd, 4319236.793, 111
Trd, 4319237.243, 120
Trd, 4319238.843, 91
Trd, 4319240.943, 132
Trd, 4319241.593, 118
Trd, 4319241.843, 116
Trd, 4319242.493, 107
Trd, 4319243.543, 79
Trd, 4319244.343, 108
Trd, 4319244.943, 99
Trd, 4319245.943, 84
Trd, 4319246.093, 101
Trd, 4319247.693, 70
Trd, 4319247.893, 90
Trd, 4319248.443, 102
Trd, 4319249.693, 96
Trd, 4319250.143, 83
Trd, 4319251.093, 109
Trd, 4319251.643, 140
Trd, 4319252.443, 87
Trd, 4319253.193, 118
Trd, 4319253.893, 68
Trd, 4319255.393, 70
Trd, 4319255.793, 125
Trd, 4319256.193, 122
Trd, 4319256.243, 106
Trd, 4319257.343, 74
Trd, 4319258.143, 130
Trd, 4319259.993, 108
Trd, 4319260.243, 93
Trd, 4319261.693, 139
Trd, 4319262.193, 118
Trd, 4319262.843, 109
Trd, 4319263.343, 98
Trd, 4319263.493, 97
Trd, 4319264.743, 123
Trd, 4319265.143, 103
Trd, 4319265.793, 87
Trd, 4319266.193, 83
Trd, 4319266.293, 128
Trd, 4319266.343, 82
Trd, 4319268.693, 99
Trd, 4319268.843, 98
Trd, 4319269.393, 79
Trd, 4319270.343, 111
Trd, 4319270.393, 92
Trd, 4319271.693, 90
Trd, 4319272.793, 64
Trd, 4319272.893, 89
Trd, 4319273.343, 103
Trd, 4319273.743, 87
Trd, 4319275.793, 139
Trd, 4319276.093, 120
Trd, 4319277.043, 100
Trd, 4319277.543, 89
Trd, 4319277.843, 73
Trd, 4319278.393, 88
Trd, 4319278.593, 130
Trd, 4319279.543, 132
Trd, 4319280.293, 80
Trd, 4319280.843, 111
Trd, 4319281.993, 110
Trd, 4319283.443, 107
Trd, 4319284.043, 137
Trd, 4319284.493, 133
Trd, 4319284.693, 128
Trd, 4319284.993, 126
Trd, 4319285.643, 105
Trd, 4319286.543, 107
Trd, 4319287.293, 117
Trd, 4319287.793, 80
Trd, 4319288.593, 81
Trd, 4319290.393, 104
Trd, 4319290.843, 94
Trd, 4319293.243, 116
Trd, 4319293.593, 115
Trd, 4319293.743, 99
Trd, 4319294.193, 108
Trd, 4319294.743, 87
Trd, 4319295.443, 92
Trd, 4319295.643, 99
Trd, 4319296.093, 91
Trd, 4319296.993, 92
Trd, 4319298.843, 139
Trd, 4319300.443, 111
Trd, 4319300.893, 110
Trd, 4319301.943, 138
Trd, 4319303.943, 107
Trd, 4319304.143, 140
Trd, 4319305.343, 119
Trd, 4319306.243, 74
Trd, 4319306.293, 98
Trd, 4319306.693, 138
Trd, 4319307.593, 62
Trd, 4319308.343, 135
Trd, 4319309.293, 102
Trd, 4319310.443, 90
Trd, 4319311.593, 130
Trd, 4319311.743, 119
Trd, 4319312.143, 76
Trd, 4319313.043, 116
Trd, 4319313.243, 75
Trd, 4319314.043, 138
Trd, 4319315.893, 88
Trd, 4319315.943, 106
Trd, 4319316.793, 87
Trd, 4319317.193, 121
Trd, 4319317.443, 140
Trd, 4319317.993, 111
Trd, 4319318.293, 107
Trd, 4319318.793, 89
Trd, 4319320.143, 105
Trd, 4319320.893, 84
Trd, 4319321.143, 121
Trd, 4319321.493, 119
Trd, 4319322.493, 111
Trd, 4319322.943, 108
Trd, 4319323.293, 98
Trd, 4319323.393, 95
Trd, 4319323.593, 137
Trd, 4319327.493, 91
Trd, 4319327.643, 88
Trd, 4319328.293, 85
Trd, 4319328.993, 99
Trd, 4319329.843, 101
Trd, 4319330.543, 104
Trd, 4319331.993, 122
Trd, 4319333.093, 140
Trd, 4319333.893, 124
Trd, 4319334.043, 123
Trd, 4319334.193, 120
Trd, 4319335.043, 108
Trd, 4319335.393, 90
Trd, 4319336.393, 100
Trd, 4319337.043, 83
Trd, 4319337.393, 140
Trd, 4319337.893, 125
Trd, 4319338.443, 67
Trd, 4319340.143, 113
Trd, 4319340.243, 139
Trd, 4319341.143, 68
Trd, 4319341.193, 68
Trd, 4319343.993, 120
Trd, 4319344.393, 107
Trd, 4319344.493, 103
Trd, 4319344.693, 102
Trd, 4319345.593, 113
Trd, 4319346.943, 138
Trd, 4319347.643, 95
Trd, 4319347.893, 95
Trd, 4319348.093, 72
Trd, 4319348.443, 72
Trd, 4319349.043, 87
Trd, 4319349.443, 109
Trd, 4319350.343, 137
Trd, 4319350.943, 127
Trd, 4319351.393, 127
Trd, 4319351.443, 126
Trd, 4319351.893, 102
Trd, 4319352.943, 131
Trd, 4319354.593, 140
Trd, 4319354.893, 139
Trd, 4319355.143, 124
Trd, 4319356.743, 100
Trd, 4319357.393, 111
Trd, 4319357.693, 113
Trd, 4319358.043, 98
Trd, 4319358.393, 93
Trd, 4319359.543, 104
Trd, 4319359.893, 94
Trd, 4319360.193, 63
Trd, 4319362.193, 60
Trd, 4319363.543, 82
Trd, 4319363.943, 74
Trd, 4319364.193, 118
Trd, 4319364.793, 109
Trd, 4319365.243, 139
Trd, 4319365.393, 122
Trd, 4319366.693, 79
Trd, 4319366.843, 67
Trd, 4319367.293, 71
Trd, 4319368.643, 107
Trd, 4319371.193, 139
Trd, 4319371.393, 137
Trd, 4319372.543, 103
Trd, 4319372.993, 98
Trd, 4319373.143, 95
Trd, 4319373.493, 87
Trd, 4319373.743, 108
Trd, 4319373.843, 80
Trd, 4319376.293, 66
Trd, 4319376.493, 66
Trd, 4319376.543, 80
Trd, 4319376.793, 106
Trd, 4319377.593, 83
Trd, 4319378.893, 69
Trd, 4319379.493, 70
Trd, 4319380.093, 72
Trd, 4319380.793, 74
Trd, 4319381.393, 80
Trd, 4319381.993, 68
Trd, 4319382.093, 111
Trd, 4319383.793, 74
Trd, 4319384.193, 104
Trd, 4319384.393, 104
Trd, 4319384.693, 105
Trd, 4319384.843, 85
Trd, 4319387.343, 114
Trd, 4319387.643, 110
Trd, 4319388.243, 140
Trd, 4319389.443, 116
Trd, 4319389.743, 117
Trd, 4319390.093, 115
Trd, 4319392.343, 134
Trd, 4319393.043, 99
Trd, 4319393.243, 96
Trd, 4319395.293, 108
Trd, 4319396.493, 122
Trd, 4319396.643, 121
Trd, 4319397.193, 98
Trd, 4319397.243, 95
Trd, 4319398.393, 75
Trd, 4319398.893, 140
Trd, 4319399.543, 134
Trd, 4319400.793, 108
Trd, 4319400.943, 113
Trd, 4319402.943, 121
Trd, 4319402.993, 117
Trd, 4319403.543, 115
Trd, 4319403.843, 112
Trd, 4319404.343, 115
Trd, 4319405.093, 112
Trd, 4319405.493, 108
Trd, 4319405.743, 96
Trd, 4319406.943, 68
Trd, 4319409.493, 125
Trd, 4319410.093, 113
Trd, 4319410.193, 112
Trd, 4319411.243, 103
Trd, 4319411.493, 90
Trd, 4319411.793, 103
Trd, 4319412.443, 60
Trd, 4319413.693, 116
Trd, 4319413.743, 114
Trd, 4319414.093, 133
Trd, 4319414.343, 113
Trd, 4319415.293, 79
Trd, 4319415.393, 72
Trd, 4319416.393, 79
Trd, 4319417.143, 124
Trd, 4319418.093, 131
Trd, 4319418.193, 127
Trd, 4319418.443, 108
Trd, 4319418.843, 107
Trd, 4319419.143, 130
Trd, 4319419.943, 98
Trd, 4319420.443, 140
Trd, 4319420.593, 98
Trd, 4319421.993, 80
Trd, 4319423.493, 90
Trd, 4319424.293, 113
Trd, 4319425.793, 139
Trd, 4319426.543, 104
Trd, 4319427.593, 101
Trd, 4319428.093, 97
Trd, 4319429.293, 100
Trd, 4319429.593, 139
Trd, 4319430.943, 131
Trd, 4319432.143, 126
Trd, 4319433.443, 121
Trd, 4319433.993, 122
Trd, 4319435.143, 111
Trd, 4319435.743, 107
Trd, 4319436.343, 122
Trd, 4319436.543, 101
Trd, 4319436.693, 97
Trd, 4319437.743, 93
Trd, 4319438.143, 101
Trd, 4319438.343, 84
Trd, 4319439.443, 136
Trd, 4319439.643, 78
Trd, 4319440.643, 105
Trd, 4319441.943, 101
Trd, 4319442.643, 85
Trd, 4319443.743, 109
Trd, 4319444.793, 132
Trd, 4319445.243, 140
Trd, 4319445.443, 111
Trd, 4319447.593, 126
Trd, 4319448.893, 117
Trd, 4319449.143, 101
Trd, 4319449.243, 86
Trd, 4319450.293, 109
Trd, 4319450.393, 82
Trd, 4319451.293, 97
Trd, 4319451.743, 129
Trd, 4319453.193, 135
Trd, 4319453.493, 129
Trd, 4319453.693, 110
Trd, 4319454.193, 109
Trd, 4319455.043, 104
Trd, 4319455.943, 111
Trd, 4319456.043, 78
Trd, 4319457.743, 100
Trd, 4319458.593, 73
Trd, 4319458.993, 112
Trd, 4319460.643, 94
Trd, 4319461.693, 137
Trd, 4319462.393, 110
Trd, 4319462.993, 118
Trd, 4319463.693, 139
Trd, 4319463.793, 100
Trd, 4319464.043, 82
Trd, 4319464.093, 80
Trd, 4319464.743, 125
Trd, 4319466.093, 102
Trd, 4319466.693, 114
Trd, 4319466.843, 105
Trd, 4319467.993, 105
Trd, 4319468.593, 113
Trd, 4319469.893, 87
Trd, 4319470.193, 120
Trd, 4319471.543, 117
Trd, 4319472.643, 128
Trd, 4319473.643, 108
Trd, 4319474.443, 127
Trd, 4319474.543, 108
Trd, 4319474.943, 109
Trd, 4319475.293, 126
Trd, 4319475.593, 127
Trd, 4319477.093, 101
Trd, 4319477.593, 86
Trd, 4319477.943, 80
Trd, 4319478.593, 65
Trd, 4319478.843, 78
Trd, 4319478.943, 94
Trd, 4319480.143, 90
Trd, 4319480.993, 77
Trd, 4319481.393, 60
Trd, 4319482.593, 82
Trd, 4319483.393, 102
Trd, 4319485.193, 113
Trd, 4319485.243, 110
Trd, 4319485.543, 120
Trd, 4319485.943, 115
Trd, 4319486.443, 92
Trd, 4319488.493, 140
Trd, 4319488.693, 134
Trd, 4319488.743, 118
Trd, 4319488.943, 78
Trd, 4319489.393, 77
Trd, 4319489.593, 92
Trd, 4319490.543, 96
Trd, 4319491.043, 80
Trd, 4319493.243, 94
Trd, 4319493.893, 140
Trd, 4319494.443, 112
Trd, 4319494.693, 116
Trd, 4319496.043, 103
Trd, 4319496.443, 100
Trd, 4319496.593, 96
Trd, 4319498.593, 134
Trd, 4319498.993, 105
Trd, 4319499.993, 108
Trd, 4319500.493, 101
Trd, 4319501.193, 130
Trd, 4319501.593, 95
Trd, 4319501.693, 93
Trd, 4319502.143, 84
Trd, 4319503.243, 137
Trd, 4319503.493, 134
Trd, 4319504.643, 122
Trd, 4319504.743, 114
Trd, 4319505.943, 101
Trd, 4319506.743, 110
Trd, 4319508.043, 118
Trd, 4319508.143, 115
Trd, 4319508.193, 111
Trd, 4319509.543, 90
Trd, 4319510.543, 91
Trd, 4319511.443, 99
Trd, 4319512.143, 78
Trd, 4319513.493, 103
Trd, 4319514.143, 130
Trd, 4319514.193, 109
Trd, 4319516.043, 86
Trd, 4319517.193, 71
Trd, 4319517.593, 78
Trd, 4319517.693, 65
Trd, 4319518.393, 64
Trd, 4319519.443, 84
Trd, 4319521.343, 108
Trd, 4319521.743, 140
Trd, 4319522.593, 134
Trd, 4319523.193, 94
Trd, 4319523.693, 61
Trd, 4319525.043, 116
Trd, 4319525.643, 107
Trd, 4319525.943, 106
Trd, 4319526.743, 82
Trd, 4319528.093, 117
Trd, 4319529.093, 111
Trd, 4319529.893, 123
Trd, 4319529.943, 104
Trd, 4319530.493, 107
Trd, 4319532.043, 80
Trd, 4319532.443, 88
Trd, 4319532.693, 69
Trd, 4319533.043, 113
Trd, 4319533.093, 75
Trd, 4319534.393, 140
Trd, 4319535.193, 109
Trd, 4319536.693, 128
Trd, 4319538.093, 130
Trd, 4319538.193, 129
Trd, 4319539.443, 140
Trd, 4319539.543, 134
Trd, 4319539.993, 136
Trd, 4319540.593, 115
Trd, 4319540.793, 133
Trd, 4319543.543, 116
Trd, 4319544.543, 140
Trd, 4319544.643, 116
Trd, 4319544.743, 113
Trd, 4319544.893, 95
Trd, 4319545.643, 74
Trd, 4319547.443, 80
Trd, 4319548.843, 92
Trd, 4319548.893, 126
Trd, 4319549.343, 103
Trd, 4319549.893, 88
Trd, 4319550.043, 86
Trd, 4319551.593, 88
Trd, 4319552.143, 134
Trd, 4319552.393, 114
Trd, 4319552.693, 113
Trd, 4319553.943, 90
Trd, 4319555.943, 139
Trd, 4319556.043, 138
Trd, 4319556.593, 129
Trd, 4319557.693, 118
Trd, 4319557.843, 113
Trd, 4319558.993, 137
Trd, 4319559.593, 97
Trd, 4319559.643, 93
Trd, 4319560.243, 92
Trd, 4319561.143, 94
Trd, 4319562.493, 101
Trd, 4319563.193, 109
Trd, 4319564.293, 80
Trd, 4319564.393, 81
Trd, 4319564.793, 85
Trd, 4319566.543, 113
Trd, 4319566.993, 91
Trd, 4319567.193, 90
Trd, 4319567.343, 90
Trd, 4319569.093, 91
Trd, 4319569.693, 74
Trd, 4319570.093, 76
Trd, 4319570.543, 91
Trd, 4319571.593, 89
Trd, 4319572.443, 89
Trd, 4319572.493, 111
Trd, 4319572.743, 123
Trd, 4319574.793, 60
Trd, 4319576.043, 99
Trd, 4319576.193, 92
Trd, 4319576.493, 131
Trd, 4319577.393, 111
Trd, 4319577.743, 123
Trd, 4319578.293, 107
Trd, 4319579.343, 80
Trd, 4319579.843, 140
Trd, 4319581.393, 127
Trd, 4319582.793, 114
Trd, 4319583.343, 110
Trd, 4319584.093, 112
Trd, 4319584.143, 106
Trd, 4319584.393, 103
Trd, 4319585.443, 113
Trd, 4319585.843, 140
Trd, 4319586.043, 109
Trd, 4319587.693, 139
Trd, 4319587.993, 134
Trd, 4319588.093, 116
Trd, 4319589.743, 124
Trd, 4319590.543, 110
Trd, 4319591.493, 138
Trd, 4319592.393, 135
Trd, 4319592.893, 101
Trd, 4319592.993, 93
Trd, 4319593.093, 83
Trd, 4319593.993, 105
Trd, 4319594.493, 123
Trd, 4319595.393, 91
Trd, 4319596.143, 136
Trd, 4319597.093, 109
Trd, 4319597.743, 109
Trd, 4319597.893, 108
Trd, 4319598.643, 106
Trd, 4319599.293, 106
Trd, 4319599.493, 79
Trd, 4319601.093, 108
Trd, 4319601.193, 94
Trd, 4319601.243, 87
Trd, 4319601.593, 125
Trd, 4319602.093, 93
Trd, 4319602.793, 140
Trd, 4319604.043, 137
Trd, 4319604.743, 65
Trd, 4319606.943, 77
Trd, 4319607.093, 114
Trd, 4319607.193, 75
Trd, 4319608.543, 101
Trd, 4319609.093, 102
Trd, 4319609.393, 95
Trd, 4319611.993, 106
Trd, 4319612.093, 104
Trd, 4319613.093, 139
Trd, 4319613.243, 129
Trd, 4319613.493, 127
Trd, 4319615.643, 105
Trd, 4319615.743, 117
Trd, 4319616.043, 102
Trd, 4319616.243, 125
Trd, 4319617.643, 137
Trd, 4319618.193, 123
Trd, 4319618.693, 62
Trd, 4319619.693, 61
Trd, 4319620.043, 96
Trd, 4319620.843, 61
Trd, 4319621.443, 85
Trd, 4319622.893, 68
Trd, 4319622.993, 109
Trd, 4319624.143, 61
Trd, 4319624.393, 74
Trd, 4319624.943, 62
Trd, 4319625.993, 104
Trd, 4319627.993, 95
Trd, 4319628.393, 71
Trd, 4319628.893, 64
Trd, 4319629.643, 61
Trd, 4319629.893, 136
Trd, 4319630.643, 63
Trd, 4319630.993, 70
Trd, 4319632.393, 109
Trd, 4319632.593, 92
Trd, 4319633.693, 133
Trd, 4319633.893, 132
Trd, 4319634.193, 113
Trd, 4319634.943, 119
Trd, 4319635.593, 87
Trd, 4319635.893, 130
Trd, 4319636.443, 97
Trd, 4319638.093, 80
Trd, 4319641.093, 114
Trd, 4319641.643, 107
Trd, 4319641.843, 78
Trd, 4319642.193, 78
Trd, 4319642.893, 75
Trd, 4319643.243, 99
Trd, 4319644.493, 85
Trd, 4319645.643, 94
Trd, 4319646.093, 118
Trd, 4319646.343, 86
Trd, 4319646.593, 125
Trd, 4319647.393, 89
Trd, 4319647.943, 86
Trd, 4319648.093, 85
Trd, 4319649.743, 113
Trd, 4319650.243, 93
Trd, 4319652.593, 140
Trd, 4319652.693, 112
Trd, 4319653.993, 98
Trd, 4319654.143, 101
Trd, 4319656.393, 81
Trd, 4319656.593, 102
Trd, 4319657.193, 83
Trd, 4319658.043, 102
Trd, 4319658.243, 101
Trd, 4319658.543, 102
Trd, 4319660.893, 137
Trd, 4319661.343, 139
Trd, 4319662.393, 132
Trd, 4319662.443, 131
Trd, 4319662.643, 115
Trd, 4319663.593, 94
Trd, 4319663.693, 99
Trd, 4319665.143, 114
Trd, 4319666.193, 120
Trd, 4319666.593, 94
Trd, 4319667.643, 79
Trd, 4319667.743, 98
Trd, 4319668.543, 67
Trd, 4319669.393, 90
Trd, 4319669.743, 80
Trd, 4319670.443, 117
Trd, 4319671.043, 96
Trd, 4319671.443, 93
Trd, 4319672.793, 118
Trd, 4319673.293, 117
Trd, 4319674.193, 123
Trd, 4319674.593, 101
Trd, 4319675.243, 110
Trd, 4319675.293, 107
Trd, 4319675.593, 76
Trd, 4319676.893, 83
Trd, 4319678.293, 111
Trd, 4319678.443, 63
Trd, 4319679.143, 64
Trd, 4319680.393, 78
Trd, 4319680.493, 84
Trd, 4319680.843, 77
Trd, 4319681.443, 83
Trd, 4319683.543, 79
Trd, 4319683.743, 79
Trd, 4319684.693, 83
Trd, 4319685.393, 80
Trd, 4319685.993, 95
Trd, 4319686.393, 119
Trd, 4319688.043, 134
Trd, 4319688.093, 126
Trd, 4319688.243, 108
Trd, 4319689.043, 105
Trd, 4319689.593, 89
Trd, 4319690.543, 90
Trd, 4319691.343, 115
Trd, 4319693.043, 90
Trd, 4319693.493, 87
Trd, 4319693.593, 120
Trd, 4319693.743, 101
Trd, 4319694.693, 87
Trd, 4319695.143, 91
Trd, 4319696.143, 112
Trd, 4319696.743, 107
Trd, 4319698.043, 137
Trd, 4319698.343, 136
Trd, 4319700.443, 111
Trd, 4319700.743, 82
Trd, 4319701.493, 126
Trd, 4319701.543, 110
Trd, 4319702.443, 111
Trd, 4319702.593, 79
Trd, 4319703.493, 137
Trd, 4319704.043, 118
Trd, 4319705.643, 106
Trd, 4319706.643, 129
Trd, 4319706.743, 94
Trd, 4319707.193, 94
Trd, 4319707.493, 65
Trd, 4319707.893, 83
Trd, 4319708.393, 138
Trd, 4319710.643, 70
Trd, 4319712.293, 74
Trd, 4319712.393, 78
Trd, 4319712.843, 138
Trd, 4319713.393, 84
Trd, 4319715.043, 110
Trd, 4319715.893, 109
Trd, 4319715.993, 106
Trd, 4319716.393, 97
Trd, 4319717.593, 127
Trd, 4319718.343, 96
Trd, 4319719.743, 77
Trd, 4319720.593, 104
Trd, 4319721.643, 140
Trd, 4319722.243, 139
Trd, 4319724.093, 118
Trd, 4319724.443, 117
Trd, 4319724.643, 113
Trd, 4319725.843, 128
Trd, 4319726.093, 94
Trd, 4319726.793, 139
Trd, 4319728.493, 107
Trd, 4319729.443, 105
Trd, 4319729.893, 103
Trd, 4319730.643, 101
Trd, 4319730.943, 97
Trd, 4319731.243, 131
Trd, 4319732.143, 69
Trd, 4319733.393, 70
Trd, 4319733.693, 70
Trd, 4319734.543, 92
Trd, 4319736.443, 104
Trd, 4319736.843, 122
Trd, 4319737.093, 77
Trd, 4319737.743, 114
Trd, 4319738.993, 63
Trd, 4319739.243, 106
Trd, 4319739.843, 87
Trd, 4319740.193, 95
Trd, 4319740.393, 70
Trd, 4319740.843, 65
Trd, 4319741.743, 115
Trd, 4319742.043, 88
Trd, 4319742.443, 68
Trd, 4319742.893, 85
Trd, 4319745.343, 74
Trd, 4319745.593, 79
Trd, 4319746.943, 74
Trd, 4319747.243, 77
Trd, 4319747.643, 78
Trd, 4319748.793, 99
Trd, 4319749.443, 111
Trd, 4319749.593, 74
Trd, 4319750.243, 74
Trd, 4319750.943, 98
Trd, 4319750.993, 100
Trd, 4319751.493, 92
Trd, 4319752.593, 139
Trd, 4319752.943, 114
Trd, 4319753.593, 111
Trd, 4319754.543, 104
Trd, 4319754.593, 103
Trd, 4319754.843, 104
Trd, 4319754.893, 94
Trd, 4319755.443, 137
Trd, 4319756.443, 111
Trd, 4319757.743, 82
Trd, 4319757.993, 73
Trd, 4319758.643, 60
Trd, 4319759.943, 74
Trd, 4319760.693, 97
Trd, 4319761.193, 98
Trd, 4319761.493, 95
Trd, 4319762.093, 92
Trd, 4319764.043, 118
Trd, 4319765.093, 116
Trd, 4319765.943, 89
Trd, 4319766.543, 75
Trd, 4319767.093, 138
Trd, 4319767.193, 133
Trd, 4319767.243, 123
Trd, 4319768.343, 97
Trd, 4319768.643, 87
Trd, 4319769.793, 120
Trd, 4319770.543, 114
Trd, 4319770.743, 120
Trd, 4319770.893, 80
Trd, 4319771.543, 96
Trd, 4319773.443, 73
Trd, 4319774.143, 82
Trd, 4319774.693, 96
Trd, 4319776.193, 77
Trd, 4319776.943, 78
Trd, 4319777.893, 129
Trd, 4319778.893, 121
Trd, 4319780.093, 88
Trd, 4319780.693, 97
Trd, 4319780.793, 105
Trd, 4319781.293, 85
Trd, 4319781.393, 70
Trd, 4319782.493, 72
Trd, 4319783.243, 68
Trd, 4319784.143, 127
Trd, 4319784.393, 127
Trd, 4319785.343, 106
Trd, 4319787.143, 99
Trd, 4319787.393, 98
Trd, 4319787.493, 106
Trd, 4319788.793, 124
Trd, 4319789.693, 88
Trd, 4319790.543, 85
Trd, 4319792.493, 62
Trd, 4319793.193, 101
Trd, 4319793.793, 87
Trd, 4319794.043, 80
Trd, 4319794.743, 97
Trd, 4319795.293, 131
Trd, 4319796.693, 107
Trd, 4319797.843, 106
Trd, 4319798.093, 106
Trd, 4319798.643, 94
Trd, 4319798.693, 108
Trd, 4319799.443, 88
Trd, 4319801.593, 97
Trd, 4319801.893, 116
Trd, 4319803.143, 140
Trd, 4319803.293, 134
Trd, 4319804.143, 102
Trd, 4319804.543, 86
Trd, 4319804.843, 140
Trd, 4319805.893, 91
Trd, 4319806.443, 124
Trd, 4319807.343, 79
Trd, 4319808.043, 139
Trd, 4319808.543, 70
Trd, 4319810.343, 75
Trd, 4319810.443, 66
Trd, 4319811.043, 79
Trd, 4319812.643, 135
Trd, 4319813.243, 127
Trd, 4319815.193, 125
Trd, 4319815.543, 126
Trd, 4319816.693, 120
Trd, 4319816.943, 106
Trd, 4319818.043, 133
Trd, 4319818.793, 105
Trd, 4319819.293, 102
Trd, 4319819.843, 103
Trd, 4319820.443, 97
Trd, 4319821.093, 122
Trd, 4319822.093, 132
Trd, 4319822.343, 83
Trd, 4319822.493, 81
Trd, 4319822.643, 107
Trd, 4319824.743, 100
Trd, 4319825.143, 68
Trd, 4319825.593, 88
Trd, 4319826.443, 131
Trd, 4319827.743, 97
Trd, 4319828.243, 96
Trd, 4319828.793, 97
Trd, 4319829.193, 111
Trd, 4319829.493, 95
Trd, 4319830.543, 95
Trd, 4319831.443, 90
Trd, 4319833.293, 136
Trd, 4319833.593, 131
Trd, 4319834.193, 130
Trd, 4319836.593, 134
Trd, 4319838.443, 118
Trd, 4319838.893, 112
Trd, 4319839.243, 102
Trd, 4319840.343, 99
Trd, 4319840.543, 98
Trd, 4319840.893, 113
Trd, 4319842.243, 97
Trd, 4319842.943, 94
Trd, 4319843.293, 94
Trd, 4319844.193, 86
Trd, 4319845.043, 92
Trd, 4319845.393, 102
Trd, 4319845.493, 66
Trd, 4319845.593, 65
Trd, 4319846.993, 69
Trd, 4319848.593, 140
Trd, 4319849.643, 140
Trd, 4319849.843, 121
Trd, 4319850.643, 140
Trd, 4319852.293, 140
Trd, 4319852.543, 133
Trd, 4319852.943, 107
Trd, 4319853.043, 124
Trd, 4319853.643, 92
Trd, 4319856.043, 131
Trd, 4319856.143, 135
Trd, 4319856.543, 71
Trd, 4319857.643, 69
Trd, 4319858.993, 122
Trd, 4319859.093, 112
Trd, 4319859.293, 66
Trd, 4319861.393, 135
Trd, 4319861.893, 131
Trd, 4319862.943, 114
Trd, 4319863.693, 138
Trd, 4319865.943, 111
Trd, 4319866.093, 108
Trd, 4319866.143, 82
Trd, 4319866.293, 102
Trd, 4319867.793, 82
Trd, 4319868.543, 84
Trd, 4319868.893, 108
Trd, 4319869.793, 94
Trd, 4319871.993, 72
Trd, 4319872.643, 139
Trd, 4319873.493, 122
Trd, 4319874.893, 100
Trd, 4319874.993, 98
Trd, 4319875.343, 95
Trd, 4319875.893, 74
Trd, 4319877.143, 140
Trd, 4319878.643, 114
Trd, 4319879.193, 106
Trd, 4319880.243, 90
Trd, 4319880.743, 118
Trd, 4319881.293, 68
Trd, 4319882.093, 132
Trd, 4319882.143, 88
Trd, 4319882.343, 75
Trd, 4319883.343, 125
Trd, 4319884.043, 130
Trd, 4319884.793, 110
Trd, 4319885.493, 70
Trd, 4319885.593, 70
Trd, 4319887.243, 85
Trd, 4319887.843, 95
Trd, 4319888.643, 80
Trd, 4319889.993, 137
Trd, 4319892.193, 116
Trd, 4319892.493, 97
Trd, 4319893.543, 85
Trd, 4319893.593, 109
Trd, 4319895.093, 93
Trd, 4319896.043, 99
Trd, 4319896.143, 94
Trd, 4319896.893, 110
Trd, 4319897.293, 107
Trd, 4319898.943, 140
Trd, 4319899.893, 90
Trd, 4319900.193, 83
Trd, 4319900.943, 106
Trd, 4319901.293, 75
Trd, 4319902.193, 96
Trd, 4319902.693, 83
Trd, 4319902.743, 87
Trd, 4319904.693, 93
Trd, 4319904.843, 88
Trd, 4319905.843, 127
Trd, 4319906.193, 109
Trd, 4319906.593, 108
Trd, 4319907.393, 104
Trd, 4319908.643, 130
Trd, 4319909.243, 99
Trd, 4319910.493, 116
Trd, 4319912.743, 118
Trd, 4319912.993, 117
Trd, 4319913.393, 114
Trd, 4319913.843, 138
Trd, 4319914.343, 105
Trd, 4319914.843, 98
Trd, 4319915.493, 82
Trd, 4319916.543, 76
Trd, 4319916.943, 94
Trd, 4319917.693, 108
Trd, 4319918.543, 110
Trd, 4319918.793, 109
Trd, 4319919.093, 107
Trd, 4319920.943, 140
Trd, 4319921.093, 140
Trd, 4319921.843, 128
Trd, 4319922.543, 106
Trd, 4319922.993, 106
Trd, 4319924.443, 89
Trd, 4319924.543, 86
Trd, 4319924.843, 133
Trd, 4319925.093, 83
Trd, 4319926.643, 99
Trd, 4319927.443, 104
Trd, 4319928.243, 101
Trd, 4319928.743, 75
Trd, 4319928.943, 89
Trd, 4319929.543, 140
Trd, 4319930.093, 80
Trd, 4319930.793, 115
Trd, 4319930.943, 104
Trd, 4319931.743, 107
Trd, 4319932.093, 139
Trd, 4319933.193, 110
Trd, 4319933.393, 96
Trd, 4319934.193, 131
Trd, 4319934.743, 102
Trd, 4319935.593, 79
Trd, 4319936.943, 106
Trd, 4319937.743, 138
Trd, 4319938.543, 136
Trd, 4319938.793, 124
Trd, 4319939.593, 125
Trd, 4319939.643, 118
Trd, 4319939.943, 89
Trd, 4319942.043, 72
Trd, 4319942.443, 89
Trd, 4319943.293, 140
Trd, 4319944.143, 126
Trd, 4319945.493, 113
Trd, 4319945.843, 90
Trd, 4319945.943, 66
Trd, 4319946.393, 70
Trd, 4319947.343, 138
Trd, 4319947.793, 108
Trd, 4319948.293, 66
Trd, 4319948.443, 67
Trd, 4319949.843, 97
Trd, 4319951.293, 80
Trd, 4319951.743, 74
Trd, 4319952.443, 112
Trd, 4319952.643, 66
Trd, 4319953.743, 85
Trd, 4319956.193, 131
Trd, 4319956.493, 131
Trd, 4319956.643, 126
Trd, 4319958.593, 110
Trd, 4319960.993, 106
Trd, 4319961.193, 103
Trd, 4319961.893, 104
Trd, 4319963.343, 109
Trd, 4319963.593, 100
Trd, 4319964.793, 79
Trd, 4319965.243, 103
Trd, 4319966.143, 117
Trd, 4319966.593, 95
Trd, 4319967.093, 82
Trd, 4319967.743, 125
Trd, 4319967.893, 124
Trd, 4319969.693, 87
Trd, 4319970.093, 72
Trd, 4319971.143, 79
Trd, 4319971.593, 80
Trd, 4319973.693, 115
Trd, 4319974.593, 108
Trd, 4319974.743, 104
Trd, 4319975.193, 98
Trd, 4319975.693, 90
Trd, 4319976.193, 87
Trd, 4319977.043, 88
Trd, 4319978.143, 60
Trd, 4319978.543, 72
Trd, 4319980.593, 62
Trd, 4319980.893, 65
Trd, 4319981.143, 80
Trd, 4319982.493, 79
Trd, 4319983.143, 60
Trd, 4319984.643, 82
Trd, 4319985.293, 90
Trd, 4319985.393, 78
Trd, 4319985.643, 120
Trd, 4319986.193, 132
Trd, 4319987.643, 114
Trd, 4319988.543, 106
Trd, 4319988.943, 110
Trd, 4319990.243, 121
Trd, 4319990.693, 117
Trd, 4319990.743, 113
Trd, 4319993.043, 128
Trd, 4319993.843, 115
Trd, 4319994.593, 140
Trd, 4319994.643, 101
Trd, 4319995.743, 120
Trd, 4319995.843, 84
Trd, 4319997.193, 139
Trd, 4319997.743, 89
Trd, 4319998.493, 115
Trd, 4319999.843, 95
Trd, 4319999.943, 92
