Trd, 4318170.343, 101
Trd, 4318170.493, 99
Trd, 4318171.193, 139
Trd, 4318171.493, 63
Trd, 4318173.293, 60
Trd, 4318174.693, 62
Trd, 4318175.043, 60
Trd, 4318175.093, 109
Trd, 4318175.543, 86
Trd, 4318175.893, 60
Trd, 4318176.793, 60
Trd, 4318177.843, 66
Trd, 4318177.893, 71
Trd, 4318178.293, 75
Trd, 4318178.393, 63
Trd, 4318178.993, 67
Trd, 4318180.143, 125
Trd, 4318180.893, 128
Trd, 4318181.143, 134
Trd, 4318181.543, 62
Trd, 4318182.243, 63
Trd, 4318182.543, 64
Trd, 4318184.343, 60
Trd, 4318184.393, 60
Trd, 4318184.643, 61
Trd, 4318185.543, 60
Trd, 4318186.043, 64
Trd, 4318186.243, 68
Trd, 4318186.793, 73
Trd, 4318187.893, 66
Trd, 4318188.093, 72
Trd, 4318188.593, 140
Trd, 4318189.543, 140
Trd, 4318189.993, 140
Trd, 4318190.293, 139
Trd, 4318190.543, 140
Trd, 4318190.993, 139
Trd, 4318191.793, 62
Trd, 4318193.143, 60
Trd, 4318193.443, 62
Trd, 4318194.643, 61
Trd, 4318195.543, 61
Trd, 4318196.393, 60
Trd, 4318196.643, 65
Trd, 4318197.743, 60
Trd, 4318197.993, 102
Trd, 4318198.643, 63
Trd, 4318200.093, 60
Trd, 4318200.343, 64
Trd, 4318201.743, 60
Trd, 4318201.793, 61
Trd, 4318202.893, 60
Trd, 4318204.493, 63
Trd, 4318205.193, 60
Trd, 4318205.293, 61
Trd, 4318206.243, 70
Trd, 4318207.193, 68
Trd, 4318207.643, 140
Trd, 4318207.993, 128
Trd, 4318208.043, 62
Trd, 4318208.143, 61
Trd, 4318209.043, 71
Trd, 4318209.443, 140
Trd, 4318209.943, 70
Trd, 4318212.043, 140
Trd, 4318212.893, 140
Trd, 4318213.093, 139
Trd, 4318213.793, 138
Trd, 4318214.893, 139
Trd, 4318215.093, 138
Trd, 4318215.443, 132
Trd, 4318216.493, 123
Trd, 4318216.743, 140
Trd, 4318217.043, 140
Trd, 4318217.093, 140
Trd, 4318217.193, 127
Trd, 4318218.093, 126
Trd, 4318218.293, 125
Trd, 4318219.393, 130
Trd, 4318220.043, 70
Trd, 4318220.893, 64
Trd, 4318222.793, 62
Trd, 4318223.043, 65
Trd, 4318223.843, 60
Trd, 4318224.443, 67
Trd, 4318225.843, 60
Trd, 4318225.993, 62
Trd, 4318226.643, 63
Trd, 4318226.943, 65
Trd, 4318227.043, 127
Trd, 4318227.793, 92
Trd, 4318229.543, 61
Trd, 4318229.643, 62
Trd, 4318230.043, 70
Trd, 4318230.893, 60
Trd, 4318232.093, 60
Trd, 4318232.693, 68
Trd, 4318232.943, 71
Trd, 4318233.943, 139
Trd, 4318234.693, 140
Trd, 4318234.893, 63
Trd, 4318236.543, 60
Trd, 4318236.743, 62
Trd, 4318237.193, 61
Trd, 4318237.543, 69
Trd, 4318238.393, 61
Trd, 4318238.593, 65
Trd, 4318238.893, 61
Trd, 4318240.243, 62
Trd, 4318240.693, 63
Trd, 4318242.143, 61
Trd, 4318242.393, 62
Trd, 4318242.943, 82
Trd, 4318242.993, 81
Trd, 4318243.843, 140
Trd, 4318244.143, 100
Trd, 4318244.743, 61
Trd, 4318245.793, 65
Trd, 4318245.893, 137
Trd, 4318246.843, 60
Trd, 4318248.443, 60
Trd, 4318248.593, 60
Trd, 4318249.143, 61
Trd, 4318249.843, 67
Trd, 4318250.243, 61
Trd, 4318251.293, 138
Trd, 4318251.543, 140
Trd, 4318252.193, 60
Trd, 4318254.393, 60
Trd, 4318254.443, 63
Trd, 4318255.243, 60
Trd, 4318255.893, 60
Trd, 4318256.593, 71
Trd, 4318256.793, 94
Trd, 4318258.593, 60
Trd, 4318258.793, 63
Trd, 4318258.893, 64
Trd, 4318259.793, 62
Trd, 4318260.293, 64
Trd, 4318261.143, 62
Trd, 4318261.393, 60
Trd, 4318262.643, 126
Trd, 4318263.043, 123
Trd, 4318263.393, 101
Trd, 4318263.593, 133
Trd, 4318264.743, 89
Trd, 4318264.793, 85
Trd, 4318265.093, 91
Trd, 4318265.743, 84
Trd, 4318266.043, 63
Trd, 4318266.843, 140
Trd, 4318267.393, 60
Trd, 4318270.093, 60
Trd, 4318270.343, 64
Trd, 4318270.393, 64
Trd, 4318270.493, 64
Trd, 4318270.893, 68
Trd, 4318273.343, 65
Trd, 4318273.493, 72
Trd, 4318273.893, 60
Trd, 4318274.143, 74
Trd, 4318274.693, 60
Trd, 4318275.043, 64
Trd, 4318276.243, 60
Trd, 4318277.293, 61
Trd, 4318278.043, 60
Trd, 4318278.843, 64
Trd, 4318278.993, 64
Trd, 4318279.543, 89
Trd, 4318279.693, 112
Trd, 4318279.893, 88
Trd, 4318280.143, 61
Trd, 4318281.193, 140
Trd, 4318281.293, 140
Trd, 4318282.393, 138
Trd, 4318282.843, 139
Trd, 4318283.693, 66
Trd, 4318285.043, 60
Trd, 4318285.993, 63
Trd, 4318288.193, 60
Trd, 4318289.243, 60
Trd, 4318289.493, 61
Trd, 4318289.543, 65
Trd, 4318289.843, 67
Trd, 4318290.843, 60
Trd, 4318291.093, 61
Trd, 4318291.393, 62
Trd, 4318292.493, 60
Trd, 4318293.143, 60
Trd, 4318293.293, 62
Trd, 4318293.993, 61
Trd, 4318294.743, 65
Trd, 4318295.693, 140
Trd, 4318295.943, 88
Trd, 4318296.243, 139
Trd, 4318297.093, 60
Trd, 4318299.543, 60
Trd, 4318300.993, 61
Trd, 4318301.643, 65
Trd, 4318301.743, 63
Trd, 4318301.993, 61
Trd, 4318302.293, 60
Trd, 4318302.543, 60
Trd, 4318302.843, 66
Trd, 4318304.143, 60
Trd, 4318304.293, 64
Trd, 4318304.343, 66
Trd, 4318305.543, 60
Trd, 4318305.643, 60
Trd, 4318306.143, 64
Trd, 4318306.643, 140
Trd, 4318307.493, 135
Trd, 4318307.543, 79
Trd, 4318307.593, 78
Trd, 4318308.493, 140
Trd, 4318308.843, 69
Trd, 4318309.943, 63
Trd, 4318310.443, 69
Trd, 4318311.943, 63
Trd, 4318312.343, 63
Trd, 4318312.993, 62
Trd, 4318314.743, 61
Trd, 4318315.893, 60
Trd, 4318316.943, 61
Trd, 4318317.543, 60
Trd, 4318317.893, 61
Trd, 4318318.043, 65
Trd, 4318318.243, 61
Trd, 4318319.143, 92
Trd, 4318319.293, 66
Trd, 4318320.593, 75
Trd, 4318320.693, 76
Trd, 4318320.993, 68
Trd, 4318321.593, 67
Trd, 4318321.893, 129
Trd, 4318322.043, 66
Trd, 4318324.243, 65
Trd, 4318324.393, 130
Trd, 4318324.843, 61
Trd, 4318325.493, 126
Trd, 4318326.243, 140
Trd, 4318326.393, 139
Trd, 4318326.643, 85
Trd, 4318327.643, 61
Trd, 4318327.843, 65
Trd, 4318328.993, 140
Trd, 4318329.643, 139
Trd, 4318329.993, 138
Trd, 4318330.543, 101
Trd, 4318331.093, 98
Trd, 4318331.443, 137
Trd, 4318331.643, 140
Trd, 4318332.593, 60
Trd, 4318333.243, 137
Trd, 4318334.143, 107
Trd, 4318334.243, 140
Trd, 4318335.643, 65
Trd, 4318337.193, 60
Trd, 4318337.493, 66
Trd, 4318337.643, 85
Trd, 4318338.093, 60
Trd, 4318339.193, 61
Trd, 4318339.643, 61
Trd, 4318339.943, 64
Trd, 4318340.093, 62
Trd, 4318340.693, 85
Trd, 4318341.243, 62
Trd, 4318342.143, 63
Trd, 4318342.543, 62
Trd, 4318343.643, 63
Trd, 4318343.693, 68
Trd, 4318344.693, 62
Trd, 4318345.093, 64
Trd, 4318346.993, 62
Trd, 4318347.193, 63
Trd, 4318347.293, 65
Trd, 4318347.893, 60
Trd, 4318348.893, 61
Trd, 4318349.393, 67
Trd, 4318350.643, 60
Trd, 4318351.443, 62
Trd, 4318352.543, 62
Trd, 4318353.193, 60
Trd, 4318354.693, 62
Trd, 4318355.043, 140
Trd, 4318355.343, 140
Trd, 4318355.443, 137
Trd, 4318356.893, 62
Trd, 4318357.243, 67
Trd, 4318357.843, 62
Trd, 4318359.593, 60
Trd, 4318359.743, 62
Trd, 4318362.443, 60
Trd, 4318363.243, 61
Trd, 4318363.493, 62
Trd, 4318363.743, 60
Trd, 4318365.093, 60
Trd, 4318365.293, 60
Trd, 4318365.343, 66
Trd, 4318365.743, 62
Trd, 4318366.793, 60
Trd, 4318366.893, 66
Trd, 4318368.043, 60
Trd, 4318368.143, 61
Trd, 4318368.993, 65
Trd, 4318369.393, 140
Trd, 4318369.443, 140
Trd, 4318370.193, 140
Trd, 4318370.543, 140
Trd, 4318371.193, 140
Trd, 4318372.443, 140
Trd, 4318373.143, 140
Trd, 4318373.393, 140
Trd, 4318374.943, 139
Trd, 4318375.243, 135
Trd, 4318375.343, 131
Trd, 4318375.743, 120
Trd, 4318376.393, 119
Trd, 4318377.493, 140
Trd, 4318377.993, 140
Trd, 4318378.243, 140
Trd, 4318378.843, 140
Trd, 4318379.893, 100
Trd, 4318379.993, 92
Trd, 4318381.543, 61
Trd, 4318381.693, 62
Trd, 4318381.843, 69
Trd, 4318382.093, 116
Trd, 4318383.093, 61
Trd, 4318383.393, 61
Trd, 4318383.893, 62
Trd, 4318384.643, 64
Trd, 4318385.193, 62
Trd, 4318385.393, 140
Trd, 4318386.393, 66
Trd, 4318386.793, 64
Trd, 4318388.393, 61
Trd, 4318388.993, 64
Trd, 4318389.243, 60
Trd, 4318389.793, 65
Trd, 4318391.343, 62
Trd, 4318391.393, 80
Trd, 4318392.893, 77
Trd, 4318393.793, 130
Trd, 4318393.893, 130
Trd, 4318393.943, 129
Trd, 4318395.043, 63
Trd, 4318395.543, 60
Trd, 4318396.293, 61
Trd, 4318396.643, 61
Trd, 4318397.143, 60
Trd, 4318397.293, 60
Trd, 4318398.093, 61
Trd, 4318398.643, 61
Trd, 4318398.693, 68
Trd, 4318398.793, 60
Trd, 4318399.293, 136
Trd, 4318400.693, 140
Trd, 4318400.793, 140
Trd, 4318401.443, 140
Trd, 4318402.693, 138
Trd, 4318403.293, 112
Trd, 4318403.543, 111
Trd, 4318404.493, 140
Trd, 4318404.843, 140
Trd, 4318405.593, 139
Trd, 4318406.293, 123
Trd, 4318406.393, 120
Trd, 4318406.593, 64
Trd, 4318407.193, 62
Trd, 4318408.693, 74
Trd, 4318409.293, 60
Trd, 4318409.993, 60
Trd, 4318410.393, 60
Trd, 4318411.993, 61
Trd, 4318412.043, 61
Trd, 4318413.993, 61
Trd, 4318414.143, 66
Trd, 4318414.343, 61
Trd, 4318414.993, 64
Trd, 4318416.243, 60
Trd, 4318416.443, 61
Trd, 4318416.843, 63
Trd, 4318418.243, 137
Trd, 4318419.993, 140
Trd, 4318420.043, 140
Trd, 4318420.243, 140
Trd, 4318420.293, 139
Trd, 4318420.893, 73
Trd, 4318421.643, 61
Trd, 4318422.343, 75
Trd, 4318422.493, 140
Trd, 4318423.093, 61
Trd, 4318423.843, 60
Trd, 4318425.793, 61
Trd, 4318426.193, 61
Trd, 4318426.393, 118
Trd, 4318427.343, 64
Trd, 4318427.693, 62
Trd, 4318429.593, 60
Trd, 4318430.093, 69
Trd, 4318430.293, 60
Trd, 4318430.493, 60
Trd, 4318431.543, 61
Trd, 4318433.043, 61
Trd, 4318433.943, 60
Trd, 4318434.793, 64
Trd, 4318435.093, 63
Trd, 4318435.193, 60
Trd, 4318435.843, 61
Trd, 4318436.893, 63
Trd, 4318437.743, 61
Trd, 4318438.443, 63
Trd, 4318438.843, 63
Trd, 4318438.943, 62
Trd, 4318439.343, 61
Trd, 4318439.893, 68
Trd, 4318440.493, 62
Trd, 4318440.693, 76
Trd, 4318442.243, 62
Trd, 4318442.893, 61
Trd, 4318443.143, 60
Trd, 4318443.343, 79
Trd, 4318444.393, 131
Trd, 4318445.193, 140
Trd, 4318445.593, 130
Trd, 4318445.793, 107
Trd, 4318446.393, 106
Trd, 4318446.743, 140
Trd, 4318447.093, 140
Trd, 4318447.643, 121
Trd, 4318449.193, 138
Trd, 4318449.943, 133
Trd, 4318449.993, 103
Trd, 4318451.093, 140
Trd, 4318451.293, 135
Trd, 4318451.843, 63
Trd, 4318452.043, 112
Trd, 4318452.843, 62
Trd, 4318453.643, 71
Trd, 4318455.193, 60
Trd, 4318455.593, 60
Trd, 4318455.693, 76
Trd, 4318456.143, 60
Trd, 4318456.993, 61
Trd, 4318457.993, 62
Trd, 4318459.393, 62
Trd, 4318459.943, 61
Trd, 4318460.943, 62
Trd, 4318461.143, 63
Trd, 4318461.343, 66
Trd, 4318461.893, 65
Trd, 4318461.943, 61
Trd, 4318463.093, 79
Trd, 4318463.793, 140
Trd, 4318464.243, 139
Trd, 4318464.893, 138
Trd, 4318465.493, 126
Trd, 4318466.493, 138
Trd, 4318467.793, 126
Trd, 4318467.893, 124
Trd, 4318467.993, 103
Trd, 4318468.243, 99
Trd, 4318468.593, 60
Trd, 4318469.243, 60
Trd, 4318470.443, 60
Trd, 4318471.343, 60
Trd, 4318472.093, 60
Trd, 4318472.693, 62
Trd, 4318472.843, 67
Trd, 4318473.143, 68
Trd, 4318473.293, 133
Trd, 4318476.343, 61
Trd, 4318476.793, 62
Trd, 4318477.843, 60
Trd, 4318478.243, 61
Trd, 4318479.293, 139
Trd, 4318479.843, 140
Trd, 4318480.593, 140
Trd, 4318480.993, 121
Trd, 4318481.493, 138
Trd, 4318481.643, 89
Trd, 4318482.393, 131
Trd, 4318482.793, 139
Trd, 4318484.493, 61
Trd, 4318484.693, 67
Trd, 4318484.743, 130
Trd, 4318485.493, 61
Trd, 4318487.243, 138
Trd, 4318487.693, 62
Trd, 4318487.843, 63
Trd, 4318489.093, 140
Trd, 4318489.343, 140
Trd, 4318489.493, 87
Trd, 4318490.143, 102
Trd, 4318491.093, 140
Trd, 4318491.793, 140
Trd, 4318491.843, 108
Trd, 4318492.293, 118
Trd, 4318493.943, 62
Trd, 4318495.243, 61
Trd, 4318496.843, 60
Trd, 4318496.893, 62
Trd, 4318497.293, 62
Trd, 4318497.343, 64
Trd, 4318499.193, 62
Trd, 4318499.543, 60
Trd, 4318500.593, 60
Trd, 4318501.043, 61
Trd, 4318501.243, 66
Trd, 4318502.493, 60
Trd, 4318502.793, 60
Trd, 4318503.693, 63
Trd, 4318504.143, 63
Trd, 4318505.143, 60
Trd, 4318505.643, 62
Trd, 4318508.343, 61
Trd, 4318508.393, 66
Trd, 4318508.443, 68
Trd, 4318509.043, 63
Trd, 4318509.743, 73
Trd, 4318510.843, 62
Trd, 4318511.493, 63
Trd, 4318511.593, 63
Trd, 4318511.743, 65
Trd, 4318512.693, 61
Trd, 4318514.043, 60
Trd, 4318514.193, 62
Trd, 4318515.443, 64
Trd, 4318515.593, 69
Trd, 4318516.143, 61
Trd, 4318516.393, 60
Trd, 4318518.543, 61
Trd, 4318518.893, 64
Trd, 4318519.343, 68
Trd, 4318519.543, 64
Trd, 4318519.893, 61
Trd, 4318520.493, 115
Trd, 4318520.693, 66
Trd, 4318520.943, 60
Trd, 4318521.243, 88
Trd, 4318521.493, 60
Trd, 4318522.443, 140
Trd, 4318523.893, 107
Trd, 4318524.043, 102
Trd, 4318525.543, 140
Trd, 4318525.793, 139
Trd, 4318525.893, 124
Trd, 4318526.143, 94
Trd, 4318526.493, 75
Trd, 4318527.443, 139
Trd, 4318528.343, 60
Trd, 4318528.593, 61
Trd, 4318529.493, 140
Trd, 4318530.293, 140
Trd, 4318530.593, 119
Trd, 4318531.543, 119
Trd, 4318531.993, 84
Trd, 4318533.643, 140
Trd, 4318534.093, 140
Trd, 4318534.143, 133
Trd, 4318534.493, 88
Trd, 4318535.443, 62
Trd, 4318535.793, 63
Trd, 4318538.093, 61
Trd, 4318538.143, 61
Trd, 4318538.593, 70
Trd, 4318538.793, 62
Trd, 4318541.893, 61
Trd, 4318542.193, 61
Trd, 4318542.293, 62
Trd, 4318544.093, 62
Trd, 4318544.393, 61
Trd, 4318544.443, 63
Trd, 4318544.743, 62
Trd, 4318544.943, 61
Trd, 4318545.093, 63
Trd, 4318545.893, 64
Trd, 4318546.393, 60
Trd, 4318547.093, 61
Trd, 4318547.293, 64
Trd, 4318547.693, 70
Trd, 4318548.493, 60
Trd, 4318550.643, 60
Trd, 4318551.093, 60
Trd, 4318551.993, 60
Trd, 4318552.193, 61
Trd, 4318552.343, 62
Trd, 4318553.943, 61
Trd, 4318554.343, 61
Trd, 4318554.843, 61
Trd, 4318555.743, 60
Trd, 4318556.193, 62
Trd, 4318556.293, 65
Trd, 4318556.343, 77
Trd, 4318557.443, 137
Trd, 4318557.893, 134
Trd, 4318558.743, 60
Trd, 4318559.093, 139
Trd, 4318559.893, 138
Trd, 4318560.193, 137
Trd, 4318561.893, 123
Trd, 4318561.993, 92
Trd, 4318562.243, 138
Trd, 4318562.293, 121
Trd, 4318563.443, 60
Trd, 4318563.593, 63
Trd, 4318564.043, 109
Trd, 4318564.543, 118
Trd, 4318565.393, 139
Trd, 4318566.143, 139
Trd, 4318566.843, 140
Trd, 4318567.343, 140
Trd, 4318567.543, 138
Trd, 4318567.693, 90
Trd, 4318568.293, 85
Trd, 4318569.043, 135
Trd, 4318569.693, 85
Trd, 4318570.393, 121
Trd, 4318571.393, 136
Trd, 4318571.743, 135
Trd, 4318573.543, 140
Trd, 4318573.643, 140
Trd, 4318574.393, 138
Trd, 4318574.443, 127
Trd, 4318575.593, 140
Trd, 4318575.693, 109
Trd, 4318575.993, 104
Trd, 4318576.893, 119
Trd, 4318576.943, 118
Trd, 4318578.643, 85
Trd, 4318579.093, 126
Trd, 4318579.793, 86
Trd, 4318580.393, 138
Trd, 4318580.743, 137
Trd, 4318580.843, 71
Trd, 4318581.493, 136
Trd, 4318582.943, 60
Trd, 4318583.893, 60
Trd, 4318583.943, 79
Trd, 4318586.743, 62
Trd, 4318587.793, 60
Trd, 4318588.943, 60
Trd, 4318589.243, 60
Trd, 4318589.543, 60
Trd, 4318589.793, 60
Trd, 4318590.043, 66
Trd, 4318590.443, 60
Trd, 4318591.143, 61
Trd, 4318591.443, 66
Trd, 4318591.993, 63
Trd, 4318592.543, 138
Trd, 4318593.193, 126
Trd, 4318594.593, 133
Trd, 4318595.093, 140
Trd, 4318595.343, 114
Trd, 4318595.593, 124
Trd, 4318595.693, 123
Trd, 4318596.993, 118
Trd, 4318597.543, 140
Trd, 4318597.993, 121
Trd, 4318598.043, 107
Trd, 4318598.293, 117
Trd, 4318599.043, 63
Trd, 4318600.843, 61
Trd, 4318601.343, 62
Trd, 4318601.493, 103
Trd, 4318601.943, 138
Trd, 4318603.543, 140
Trd, 4318604.343, 140
Trd, 4318604.593, 140
Trd, 4318604.843, 140
Trd, 4318605.893, 62
Trd, 4318607.043, 60
Trd, 4318607.193, 64
Trd, 4318607.993, 65
Trd, 4318608.043, 68
Trd, 4318608.443, 60
Trd, 4318609.093, 125
Trd, 4318609.843, 139
Trd, 4318610.393, 125
Trd, 4318610.493, 85
Trd, 4318611.293, 139
Trd, 4318612.093, 140
Trd, 4318612.643, 62
Trd, 4318613.743, 63
Trd, 4318614.593, 133
Trd, 4318615.643, 140
Trd, 4318615.893, 139
Trd, 4318615.993, 132
Trd, 4318617.243, 134
Trd, 4318617.593, 136
Trd, 4318617.793, 139
Trd, 4318619.093, 135
Trd, 4318619.243, 91
Trd, 4318620.443, 136
Trd, 4318620.543, 83
Trd, 4318620.593, 71
Trd, 4318621.393, 63
Trd, 4318622.143, 69
Trd, 4318623.843, 140
Trd, 4318624.143, 88
Trd, 4318624.593, 85
Trd, 4318624.693, 84
Trd, 4318625.193, 140
Trd, 4318625.693, 60
Trd, 4318626.593, 61
Trd, 4318627.443, 81
Trd, 4318628.143, 73
Trd, 4318628.593, 130
Trd, 4318630.043, 140
Trd, 4318630.443, 140
Trd, 4318630.593, 140
Trd, 4318630.793, 140
Trd, 4318630.843, 109
Trd, 4318631.143, 97
Trd, 4318631.693, 68
Trd, 4318632.243, 84
Trd, 4318632.543, 69
Trd, 4318633.043, 140
Trd, 4318633.593, 63
Trd, 4318635.743, 60
Trd, 4318635.843, 66
Trd, 4318636.793, 68
Trd, 4318638.743, 60
Trd, 4318638.993, 61
Trd, 4318639.643, 60
Trd, 4318641.193, 60
Trd, 4318641.743, 62
Trd, 4318642.093, 60
Trd, 4318642.343, 61
Trd, 4318642.643, 62
Trd, 4318643.143, 63
Trd, 4318643.243, 71
Trd, 4318644.043, 140
Trd, 4318645.393, 81
Trd, 4318645.793, 88
Trd, 4318645.993, 87
Trd, 4318646.343, 100
Trd, 4318647.043, 140
Trd, 4318647.093, 140
Trd, 4318647.743, 129
Trd, 4318649.093, 60
Trd, 4318649.143, 64
Trd, 4318650.643, 70
Trd, 4318651.293, 137
Trd, 4318651.543, 100
Trd, 4318651.643, 136
Trd, 4318652.443, 60
Trd, 4318652.543, 64
Trd, 4318652.843, 95
Trd, 4318654.593, 140
Trd, 4318654.993, 140
Trd, 4318655.493, 140
Trd, 4318655.693, 94
Trd, 4318656.343, 130
Trd, 4318657.193, 139
Trd, 4318657.993, 139
Trd, 4318659.143, 63
Trd, 4318659.243, 60
Trd, 4318659.743, 60
Trd, 4318660.193, 63
Trd, 4318660.843, 61
Trd, 4318661.293, 96
Trd, 4318662.093, 64
Trd, 4318662.493, 107
Trd, 4318663.493, 63
Trd, 4318663.793, 60
Trd, 4318664.443, 137
Trd, 4318664.593, 140
Trd, 4318664.643, 87
Trd, 4318665.343, 70
Trd, 4318666.743, 140
Trd, 4318667.443, 134
Trd, 4318667.843, 140
Trd, 4318668.293, 99
Trd, 4318668.593, 78
Trd, 4318669.443, 140
Trd, 4318669.893, 140
Trd, 4318670.143, 135
Trd, 4318670.343, 90
Trd, 4318672.193, 61
Trd, 4318672.243, 61
Trd, 4318672.843, 62
Trd, 4318673.543, 60
Trd, 4318673.993, 121
Trd, 4318674.293, 107
Trd, 4318675.043, 66
Trd, 4318676.243, 68
Trd, 4318677.093, 70
Trd, 4318677.643, 73
Trd, 4318677.743, 77
Trd, 4318679.093, 73
Trd, 4318680.593, 60
Trd, 4318680.893, 60
Trd, 4318682.293, 62
Trd, 4318682.993, 61
Trd, 4318683.343, 60
Trd, 4318684.893, 65
Trd, 4318685.843, 64
Trd, 4318686.243, 65
Trd, 4318686.393, 66
Trd, 4318687.493, 64
Trd, 4318687.643, 66
Trd, 4318688.543, 61
Trd, 4318689.043, 63
Trd, 4318689.343, 81
Trd, 4318690.093, 121
Trd, 4318691.093, 140
Trd, 4318691.143, 77
Trd, 4318691.393, 63
Trd, 4318691.443, 63
Trd, 4318692.293, 66
Trd, 4318693.093, 140
Trd, 4318693.643, 140
Trd, 4318693.993, 137
Trd, 4318695.893, 60
Trd, 4318696.293, 61
Trd, 4318696.343, 62
Trd, 4318696.993, 60
Trd, 4318697.343, 66
Trd, 4318699.693, 60
Trd, 4318700.043, 60
Trd, 4318700.393, 60
Trd, 4318701.043, 62
Trd, 4318701.893, 72
Trd, 4318702.643, 60
Trd, 4318703.343, 63
Trd, 4318703.493, 60
Trd, 4318704.143, 61
Trd, 4318705.393, 61
Trd, 4318707.393, 60
Trd, 4318707.443, 60
Trd, 4318707.543, 62
Trd, 4318708.593, 61
Trd, 4318709.343, 94
Trd, 4318709.593, 62
Trd, 4318710.343, 102
Trd, 4318710.693, 62
Trd, 4318711.093, 68
Trd, 4318712.143, 63
Trd, 4318712.593, 138
Trd, 4318712.643, 132
Trd, 4318713.093, 138
Trd, 4318713.543, 140
Trd, 4318713.693, 138
Trd, 4318713.943, 115
Trd, 4318715.443, 61
Trd, 4318715.993, 66
Trd, 4318716.693, 63
Trd, 4318717.243, 61
Trd, 4318717.893, 64
Trd, 4318719.293, 60
Trd, 4318720.043, 60
Trd, 4318720.493, 60
Trd, 4318721.143, 60
Trd, 4318721.643, 62
Trd, 4318722.143, 62
Trd, 4318723.243, 140
Trd, 4318723.393, 139
Trd, 4318723.793, 140
Trd, 4318725.593, 65
Trd, 4318725.793, 71
Trd, 4318726.493, 60
Trd, 4318727.693, 63
Trd, 4318728.493, 60
Trd, 4318728.843, 60
Trd, 4318730.643, 61
Trd, 4318730.793, 63
Trd, 4318731.643, 61
Trd, 4318732.243, 62
Trd, 4318732.543, 60
Trd, 4318733.243, 61
Trd, 4318733.743, 60
Trd, 4318733.843, 71
Trd, 4318734.993, 106
Trd, 4318735.243, 105
Trd, 4318735.593, 65
Trd, 4318736.493, 140
Trd, 4318736.843, 140
Trd, 4318737.743, 140
Trd, 4318737.993, 140
Trd, 4318738.043, 135
Trd, 4318738.343, 70
Trd, 4318738.743, 60
Trd, 4318739.293, 64
Trd, 4318740.993, 140
Trd, 4318741.043, 120
Trd, 4318741.543, 121
Trd, 4318741.893, 136
Trd, 4318742.493, 136
Trd, 4318742.643, 82
Trd, 4318744.693, 65
Trd, 4318746.743, 61
Trd, 4318747.243, 60
Trd, 4318747.693, 60
Trd, 4318747.943, 61
Trd, 4318748.693, 62
Trd, 4318750.943, 61
Trd, 4318751.043, 65
Trd, 4318752.043, 60
Trd, 4318752.193, 63
Trd, 4318754.493, 60
Trd, 4318754.593, 60
Trd, 4318755.593, 66
Trd, 4318756.193, 66
Trd, 4318756.693, 65
Trd, 4318756.943, 65
Trd, 4318757.093, 64
Trd, 4318757.293, 140
Trd, 4318758.143, 63
Trd, 4318758.593, 83
Trd, 4318760.193, 60
Trd, 4318760.443, 61
Trd, 4318761.643, 60
Trd, 4318762.243, 63
Trd, 4318762.893, 60
Trd, 4318762.993, 64
Trd, 4318763.243, 67
Trd, 4318765.093, 60
Trd, 4318765.493, 62
Trd, 4318767.543, 60
Trd, 4318769.193, 60
Trd, 4318769.693, 62
Trd, 4318769.843, 62
Trd, 4318769.893, 65
Trd, 4318770.243, 72
Trd, 4318770.443, 64
Trd, 4318770.543, 63
Trd, 4318771.343, 66
Trd, 4318771.743, 67
Trd, 4318772.993, 63
Trd, 4318773.493, 71
Trd, 4318774.093, 63
Trd, 4318774.443, 97
Trd, 4318775.043, 60
Trd, 4318775.393, 60
Trd, 4318776.043, 61
Trd, 4318776.443, 60
Trd, 4318777.493, 60
Trd, 4318778.443, 60
Trd, 4318779.043, 61
Trd, 4318780.393, 62
Trd, 4318780.543, 63
Trd, 4318781.643, 61
Trd, 4318782.543, 60
Trd, 4318783.893, 61
Trd, 4318784.643, 62
Trd, 4318784.743, 61
Trd, 4318786.493, 60
Trd, 4318786.993, 60
Trd, 4318787.043, 60
Trd, 4318788.343, 61
Trd, 4318788.393, 62
Trd, 4318789.093, 61
Trd, 4318789.543, 61
Trd, 4318789.593, 62
Trd, 4318789.693, 64
Trd, 4318790.243, 79
Trd, 4318791.243, 114
Trd, 4318792.293, 65
Trd, 4318793.393, 61
Trd, 4318794.143, 61
Trd, 4318794.293, 120
Trd, 4318795.793, 60
Trd, 4318796.493, 60
Trd, 4318796.993, 63
Trd, 4318797.243, 64
Trd, 4318798.743, 65
Trd, 4318799.393, 60
Trd, 4318799.593, 60
Trd, 4318800.193, 64
Trd, 4318801.343, 137
Trd, 4318801.493, 64
Trd, 4318802.043, 130
Trd, 4318802.443, 116
Trd, 4318803.193, 138
Trd, 4318803.293, 127
Trd, 4318803.493, 60
Trd, 4318804.043, 139
Trd, 4318805.293, 66
Trd, 4318806.143, 77
Trd, 4318807.193, 63
Trd, 4318807.643, 60
Trd, 4318808.193, 67
Trd, 4318808.493, 62
Trd, 4318808.893, 68
Trd, 4318809.493, 61
Trd, 4318810.993, 73
Trd, 4318811.293, 83
Trd, 4318812.243, 62
Trd, 4318812.643, 92
Trd, 4318813.343, 66
Trd, 4318813.693, 68
Trd, 4318814.593, 139
Trd, 4318814.993, 70
Trd, 4318816.243, 65
Trd, 4318816.943, 64
Trd, 4318817.293, 92
Trd, 4318818.143, 60
Trd, 4318819.743, 60
Trd, 4318820.143, 60
Trd, 4318820.693, 60
Trd, 4318820.893, 65
Trd, 4318821.093, 65
Trd, 4318821.593, 86
Trd, 4318822.543, 60
Trd, 4318823.843, 139
Trd, 4318824.743, 140
Trd, 4318825.543, 140
Trd, 4318825.693, 139
Trd, 4318825.893, 128
Trd, 4318826.093, 124
Trd, 4318826.343, 138
Trd, 4318826.493, 66
Trd, 4318827.493, 103
Trd, 4318828.593, 62
Trd, 4318830.843, 60
Trd, 4318832.143, 60
Trd, 4318832.243, 63
Trd, 4318832.743, 64
Trd, 4318832.993, 64
Trd, 4318833.843, 64
Trd, 4318834.743, 66
Trd, 4318835.693, 60
Trd, 4318836.043, 60
Trd, 4318836.543, 64
Trd, 4318836.893, 66
Trd, 4318838.243, 60
Trd, 4318838.943, 61
Trd, 4318838.993, 71
Trd, 4318840.243, 62
Trd, 4318840.493, 61
Trd, 4318841.043, 74
Trd, 4318841.493, 88
Trd, 4318841.893, 73
Trd, 4318842.893, 60
Trd, 4318844.843, 60
Trd, 4318845.093, 68
Trd, 4318845.793, 62
Trd, 4318846.343, 117
Trd, 4318847.093, 61
Trd, 4318847.243, 62
Trd, 4318847.443, 64
Trd, 4318847.693, 61
Trd, 4318848.493, 83
Trd, 4318848.843, 140
Trd, 4318849.643, 140
Trd, 4318850.093, 140
Trd, 4318850.243, 137
Trd, 4318851.143, 61
Trd, 4318851.493, 60
Trd, 4318852.393, 67
Trd, 4318852.493, 129
Trd, 4318852.943, 62
Trd, 4318854.343, 132
Trd, 4318854.643, 61
Trd, 4318855.243, 61
Trd, 4318856.143, 61
Trd, 4318856.343, 63
Trd, 4318857.393, 60
Trd, 4318857.943, 65
Trd, 4318859.443, 63
Trd, 4318859.843, 139
Trd, 4318860.643, 61
Trd, 4318861.043, 61
Trd, 4318861.593, 61
Trd, 4318862.243, 61
Trd, 4318862.993, 62
Trd, 4318863.343, 61
Trd, 4318863.693, 65
Trd, 4318864.743, 60
Trd, 4318865.243, 61
Trd, 4318865.293, 61
Trd, 4318866.493, 66
Trd, 4318867.393, 64
Trd, 4318868.143, 65
Trd, 4318868.193, 64
Trd, 4318868.443, 71
Trd, 4318869.193, 89
Trd, 4318870.293, 66
Trd, 4318870.443, 61
Trd, 4318871.393, 63
Trd, 4318872.293, 108
Trd, 4318873.993, 60
Trd, 4318874.243, 61
Trd, 4318874.393, 60
Trd, 4318875.543, 73
Trd, 4318876.593, 63
Trd, 4318877.093, 65
Trd, 4318877.293, 64
Trd, 4318877.843, 122
Trd, 4318877.993, 140
Trd, 4318878.343, 140
Trd, 4318878.543, 140
Trd, 4318881.393, 60
Trd, 4318881.943, 60
Trd, 4318882.293, 61
Trd, 4318882.343, 62
Trd, 4318883.443, 64
Trd, 4318883.693, 69
Trd, 4318884.993, 61
Trd, 4318886.343, 60
Trd, 4318887.643, 60
Trd, 4318888.243, 60
Trd, 4318888.393, 60
Trd, 4318888.693, 62
Trd, 4318888.743, 61
Trd, 4318889.343, 60
Trd, 4318889.843, 60
Trd, 4318890.393, 62
Trd, 4318890.493, 89
Trd, 4318891.843, 63
Trd, 4318892.343, 61
Trd, 4318893.043, 62
Trd, 4318893.793, 61
Trd, 4318894.193, 61
Trd, 4318894.443, 69
Trd, 4318895.543, 67
Trd, 4318895.993, 65
Trd, 4318896.993, 74
Trd, 4318897.893, 140
Trd, 4318900.093, 62
Trd, 4318900.543, 60
Trd, 4318900.593, 60
Trd, 4318901.093, 62
Trd, 4318901.293, 60
Trd, 4318901.743, 67
Trd, 4318902.343, 78
Trd, 4318902.943, 140
Trd, 4318903.593, 66
Trd, 4318903.793, 65
Trd, 4318904.243, 64
Trd, 4318904.443, 140
Trd, 4318904.843, 74
Trd, 4318906.593, 60
Trd, 4318907.293, 60
Trd, 4318907.593, 63
Trd, 4318908.143, 68
Trd, 4318908.693, 60
Trd, 4318909.243, 72
Trd, 4318909.743, 140
Trd, 4318909.793, 138
Trd, 4318910.993, 140
Trd, 4318911.243, 140
Trd, 4318911.943, 140
Trd, 4318912.443, 140
Trd, 4318912.793, 140
Trd, 4318912.943, 133
Trd, 4318913.643, 114
Trd, 4318914.243, 96
Trd, 4318914.343, 95
Trd, 4318915.793, 61
Trd, 4318915.943, 64
Trd, 4318916.393, 68
Trd, 4318917.393, 71
Trd, 4318917.793, 62
Trd, 4318918.993, 83
Trd, 4318919.443, 74
Trd, 4318920.393, 63
Trd, 4318920.593, 60
Trd, 4318922.343, 140
Trd, 4318922.543, 140
Trd, 4318923.393, 140
Trd, 4318923.493, 140
Trd, 4318923.793, 140
Trd, 4318924.743, 140
Trd, 4318925.193, 128
Trd, 4318925.243, 120
Trd, 4318925.593, 80
Trd, 4318926.493, 63
Trd, 4318927.293, 62
Trd, 4318927.643, 60
Trd, 4318927.693, 64
Trd, 4318928.693, 61
Trd, 4318929.493, 62
Trd, 4318929.643, 117
Trd, 4318929.793, 60
Trd, 4318930.343, 140
Trd, 4318931.593, 140
Trd, 4318931.693, 140
Trd, 4318931.843, 139
Trd, 4318931.893, 138
Trd, 4318933.043, 140
Trd, 4318934.743, 140
Trd, 4318934.793, 140
Trd, 4318935.243, 133
Trd, 4318936.543, 139
Trd, 4318937.293, 127
Trd, 4318937.893, 68
Trd, 4318938.093, 64
Trd, 4318938.793, 140
Trd, 4318939.593, 64
Trd, 4318939.943, 61
Trd, 4318941.093, 62
Trd, 4318942.793, 60
Trd, 4318942.843, 61
Trd, 4318943.643, 61
Trd, 4318944.343, 60
Trd, 4318944.743, 66
Trd, 4318946.343, 60
Trd, 4318946.593, 60
Trd, 4318946.643, 64
Trd, 4318946.843, 69
Trd, 4318948.943, 60
Trd, 4318949.343, 61
Trd, 4318949.943, 62
Trd, 4318950.093, 69
Trd, 4318951.093, 67
Trd, 4318951.343, 63
Trd, 4318951.643, 140
Trd, 4318952.443, 140
Trd, 4318952.893, 125
Trd, 4318953.393, 124
Trd, 4318953.693, 66
Trd, 4318954.993, 61
Trd, 4318956.343, 60
Trd, 4318957.243, 60
Trd, 4318958.643, 62
Trd, 4318959.243, 66
Trd, 4318959.793, 64
Trd, 4318960.293, 65
Trd, 4318960.443, 64
Trd, 4318960.793, 115
Trd, 4318961.293, 91
Trd, 4318961.343, 90
Trd, 4318962.643, 119
Trd, 4318963.843, 140
Trd, 4318964.043, 140
Trd, 4318964.193, 139
Trd, 4318964.793, 129
Trd, 4318965.543, 140
Trd, 4318965.943, 140
Trd, 4318967.243, 138
Trd, 4318967.643, 120
Trd, 4318967.943, 103
Trd, 4318968.343, 94
Trd, 4318969.243, 92
Trd, 4318970.993, 60
Trd, 4318971.193, 61
Trd, 4318971.393, 65
Trd, 4318972.443, 60
Trd, 4318972.693, 61
Trd, 4318973.543, 66
Trd, 4318974.543, 66
Trd, 4318974.943, 60
Trd, 4318976.843, 60
Trd, 4318977.743, 60
Trd, 4318977.993, 61
Trd, 4318978.843, 60
Trd, 4318978.893, 63
Trd, 4318979.443, 116
Trd, 4318980.443, 62
Trd, 4318981.093, 70
Trd, 4318981.593, 60
Trd, 4318982.393, 64
Trd, 4318983.243, 70
Trd, 4318983.643, 67
Trd, 4318983.993, 67
Trd, 4318984.293, 71
Trd, 4318985.993, 138
Trd, 4318986.143, 137
Trd, 4318986.393, 97
Trd, 4318986.593, 68
Trd, 4318987.343, 137
Trd, 4318987.593, 136
Trd, 4318988.543, 129
Trd, 4318988.843, 60
Trd, 4318989.293, 120
Trd, 4318990.343, 61
Trd, 4318991.693, 61
Trd, 4318992.143, 61
Trd, 4318992.443, 138
Trd, 4318992.593, 99
Trd, 4318993.543, 64
Trd, 4318995.343, 61
Trd, 4318995.593, 60
Trd, 4318995.943, 62
Trd, 4318996.693, 60
Trd, 4318997.343, 62
Trd, 4318998.993, 60
Trd, 4318999.143, 61
Trd, 4319000.343, 60
Trd, 4319001.793, 62
Trd, 4319003.043, 60
Trd, 4319004.143, 65
Trd, 4319004.543, 67
Trd, 4319004.893, 66
Trd, 4319004.943, 62
Trd, 4319004.993, 68
Trd, 4319005.343, 61
Trd, 4319005.843, 60
Trd, 4319006.093, 124
Trd, 4319007.293, 140
Trd, 4319007.943, 140
Trd, 4319008.393, 140
Trd, 4319008.893, 84
Trd, 4319009.493, 119
Trd, 4319009.943, 60
Trd, 4319012.093, 63
Trd, 4319012.443, 65
Trd, 4319013.293, 64
Trd, 4319013.993, 62
Trd, 4319014.693, 115
Trd, 4319014.743, 103
Trd, 4319015.543, 140
Trd, 4319015.943, 140
Trd, 4319016.343, 140
Trd, 4319017.643, 140
Trd, 4319017.893, 93
Trd, 4319019.643, 134
Trd, 4319019.943, 133
Trd, 4319020.093, 122
Trd, 4319020.143, 116
Trd, 4319020.393, 115
Trd, 4319020.643, 140
Trd, 4319021.843, 140
Trd, 4319023.193, 97
Trd, 4319023.843, 60
Trd, 4319023.943, 140
Trd, 4319024.393, 138
Trd, 4319025.843, 61
Trd, 4319026.243, 122
Trd, 4319026.793, 63
Trd, 4319028.193, 68
Trd, 4319029.643, 63
Trd, 4319030.093, 60
Trd, 4319030.943, 61
Trd, 4319031.643, 60
Trd, 4319031.693, 62
Trd, 4319032.943, 60
Trd, 4319035.193, 60
Trd, 4319035.293, 63
Trd, 4319035.393, 63
Trd, 4319036.093, 61
Trd, 4319036.393, 62
Trd, 4319036.793, 60
Trd, 4319037.243, 61
Trd, 4319037.443, 65
Trd, 4319037.793, 95
Trd, 4319038.093, 84
Trd, 4319038.643, 60
Trd, 4319039.293, 138
Trd, 4319040.243, 68
Trd, 4319040.643, 61
Trd, 4319041.293, 62
Trd, 4319041.393, 94
Trd, 4319044.493, 60
Trd, 4319045.143, 60
Trd, 4319045.493, 60
Trd, 4319045.593, 61
Trd, 4319046.193, 63
Trd, 4319046.993, 61
Trd, 4319047.843, 61
Trd, 4319048.643, 60
Trd, 4319049.693, 60
Trd, 4319050.293, 62
Trd, 4319050.793, 70
Trd, 4319051.043, 92
Trd, 4319052.093, 64
Trd, 4319052.593, 63
Trd, 4319053.543, 60
Trd, 4319054.493, 61
Trd, 4319054.893, 61
Trd, 4319055.793, 62
Trd, 4319056.443, 60
Trd, 4319057.093, 65
Trd, 4319057.193, 71
Trd, 4319057.443, 140
Trd, 4319058.793, 84
Trd, 4319058.993, 64
Trd, 4319059.893, 140
Trd, 4319060.043, 140
Trd, 4319060.543, 140
Trd, 4319061.643, 65
Trd, 4319062.043, 63
Trd, 4319064.443, 63
Trd, 4319065.443, 60
Trd, 4319065.993, 61
Trd, 4319066.143, 61
Trd, 4319066.893, 61
Trd, 4319067.043, 64
Trd, 4319067.193, 64
Trd, 4319069.293, 60
Trd, 4319069.943, 64
Trd, 4319070.293, 60
Trd, 4319071.143, 60
Trd, 4319071.193, 65
Trd, 4319072.043, 60
Trd, 4319072.293, 63
Trd, 4319073.493, 62
Trd, 4319076.343, 60
Trd, 4319076.693, 60
Trd, 4319076.793, 60
Trd, 4319077.343, 61
Trd, 4319077.993, 60
Trd, 4319079.593, 60
Trd, 4319079.893, 61
Trd, 4319080.443, 60
Trd, 4319080.543, 62
Trd, 4319080.593, 65
Trd, 4319082.793, 60
Trd, 4319083.593, 60
Trd, 4319083.743, 61
Trd, 4319084.143, 61
Trd, 4319085.293, 65
Trd, 4319085.393, 65
Trd, 4319085.793, 61
Trd, 4319086.743, 92
Trd, 4319086.793, 61
Trd, 4319087.443, 61
Trd, 4319087.493, 63
Trd, 4319088.643, 67
Trd, 4319088.743, 64
Trd, 4319089.543, 140
Trd, 4319090.493, 132
Trd, 4319090.843, 68
Trd, 4319091.593, 139
Trd, 4319092.143, 140
Trd, 4319092.393, 136
Trd, 4319092.643, 67
Trd, 4319093.093, 62
Trd, 4319093.343, 78
Trd, 4319093.993, 60
Trd, 4319094.943, 140
Trd, 4319095.643, 140
Trd, 4319096.293, 138
Trd, 4319096.543, 132
Trd, 4319097.243, 136
Trd, 4319097.943, 62
Trd, 4319100.143, 61
Trd, 4319100.393, 65
Trd, 4319100.443, 120
Trd, 4319100.543, 61
Trd, 4319101.093, 140
Trd, 4319101.993, 140
Trd, 4319102.043, 139
Trd, 4319102.093, 136
Trd, 4319103.393, 74
Trd, 4319104.793, 138
Trd, 4319104.843, 112
Trd, 4319104.943, 108
Trd, 4319105.093, 65
Trd, 4319105.243, 139
Trd, 4319106.143, 126
Trd, 4319107.743, 140
Trd, 4319109.143, 126
Trd, 4319109.293, 123
Trd, 4319109.443, 121
Trd, 4319109.593, 139
Trd, 4319109.843, 98
Trd, 4319110.893, 64
Trd, 4319112.093, 62
Trd, 4319113.943, 60
Trd, 4319114.293, 60
Trd, 4319114.793, 61
Trd, 4319115.743, 61
Trd, 4319116.443, 64
Trd, 4319116.893, 65
Trd, 4319117.343, 61
Trd, 4319118.743, 65
Trd, 4319119.143, 66
Trd, 4319119.243, 87
Trd, 4319120.393, 66
Trd, 4319120.743, 67
Trd, 4319121.543, 127
Trd, 4319122.193, 140
Trd, 4319122.393, 102
Trd, 4319122.893, 118
Trd, 4319123.793, 138
Trd, 4319123.893, 104
Trd, 4319124.043, 103
Trd, 4319124.693, 140
Trd, 4319125.393, 137
Trd, 4319126.493, 91
Trd, 4319126.743, 81
Trd, 4319127.093, 68
Trd, 4319128.443, 70
Trd, 4319129.093, 87
Trd, 4319129.443, 140
Trd, 4319129.743, 138
Trd, 4319131.043, 122
Trd, 4319131.093, 121
Trd, 4319131.843, 140
Trd, 4319132.043, 136
Trd, 4319133.193, 112
Trd, 4319133.593, 62
Trd, 4319134.193, 139
Trd, 4319134.493, 62
Trd, 4319136.943, 61
Trd, 4319137.193, 62
Trd, 4319137.993, 63
Trd, 4319138.093, 65
Trd, 4319138.693, 65
Trd, 4319138.943, 109
Trd, 4319139.043, 116
Trd, 4319139.693, 66
Trd, 4319141.493, 60
Trd, 4319142.293, 60
Trd, 4319142.393, 64
Trd, 4319142.543, 73
Trd, 4319143.143, 65
Trd, 4319145.193, 60
Trd, 4319146.143, 60
Trd, 4319146.393, 62
Trd, 4319147.193, 61
Trd, 4319148.343, 61
Trd, 4319148.943, 69
Trd, 4319149.343, 139
Trd, 4319149.643, 61
Trd, 4319151.243, 134
Trd, 4319151.793, 134
Trd, 4319152.343, 140
Trd, 4319152.393, 139
Trd, 4319152.943, 136
Trd, 4319154.293, 136
Trd, 4319154.393, 136
Trd, 4319154.643, 140
Trd, 4319154.843, 136
Trd, 4319154.893, 135
Trd, 4319156.543, 140
Trd, 4319156.943, 137
Trd, 4319157.293, 138
Trd, 4319157.593, 115
Trd, 4319158.743, 62
Trd, 4319158.943, 66
Trd, 4319161.043, 62
Trd, 4319161.343, 65
Trd, 4319162.843, 61
Trd, 4319162.943, 61
Trd, 4319163.193, 63
Trd, 4319164.443, 60
Trd, 4319164.843, 62
Trd, 4319166.293, 60
Trd, 4319166.393, 62
Trd, 4319166.543, 64
Trd, 4319167.593, 94
Trd, 4319169.343, 60
Trd, 4319169.643, 60
Trd, 4319169.843, 61
Trd, 4319171.293, 61
Trd, 4319171.393, 64
Trd, 4319172.243, 63
Trd, 4319172.693, 63
Trd, 4319174.393, 60
Trd, 4319174.443, 62
Trd, 4319175.293, 60
Trd, 4319175.793, 62
Trd, 4319176.143, 61
Trd, 4319176.693, 66
Trd, 4319177.243, 62
Trd, 4319177.993, 76
Trd, 4319178.243, 93
Trd, 4319178.793, 128
Trd, 4319178.843, 66
Trd, 4319179.343, 64
Trd, 4319179.793, 140
Trd, 4319180.293, 140
Trd, 4319180.393, 140
Trd, 4319180.793, 135
Trd, 4319181.843, 138
Trd, 4319182.143, 96
Trd, 4319182.543, 131
Trd, 4319184.243, 140
Trd, 4319184.843, 140
Trd, 4319185.043, 140
Trd, 4319186.443, 140
Trd, 4319186.993, 140
Trd, 4319187.693, 140
Trd, 4319187.743, 109
Trd, 4319188.093, 96
Trd, 4319189.143, 130
Trd, 4319189.343, 77
Trd, 4319189.543, 140
Trd, 4319190.743, 121
Trd, 4319190.843, 96
Trd, 4319191.143, 84
Trd, 4319192.343, 140
Trd, 4319192.593, 140
Trd, 4319193.793, 140
Trd, 4319194.243, 140
Trd, 4319194.993, 140
Trd, 4319195.193, 140
Trd, 4319195.943, 140
Trd, 4319196.093, 137
Trd, 4319196.593, 68
Trd, 4319196.743, 64
Trd, 4319197.643, 97
Trd, 4319198.343, 93
Trd, 4319198.643, 76
Trd, 4319198.943, 136
Trd, 4319199.693, 140
Trd, 4319200.193, 140
Trd, 4319200.743, 140
Trd, 4319201.643, 134
Trd, 4319202.343, 109
Trd, 4319202.843, 138
Trd, 4319203.243, 140
Trd, 4319203.393, 110
Trd, 4319204.143, 138
Trd, 4319204.193, 71
Trd, 4319205.443, 140
Trd, 4319205.743, 140
Trd, 4319207.043, 140
Trd, 4319207.193, 138
Trd, 4319208.593, 103
Trd, 4319208.693, 137
Trd, 4319210.143, 140
Trd, 4319210.493, 140
Trd, 4319210.543, 139
Trd, 4319210.893, 129
Trd, 4319211.493, 93
Trd, 4319212.543, 64
Trd, 4319212.843, 62
Trd, 4319213.093, 139
Trd, 4319215.093, 136
Trd, 4319215.593, 138
Trd, 4319216.143, 137
Trd, 4319216.843, 140
Trd, 4319217.143, 121
Trd, 4319217.743, 111
Trd, 4319218.093, 98
Trd, 4319218.243, 76
Trd, 4319218.943, 61
Trd, 4319219.043, 62
Trd, 4319219.243, 117
Trd, 4319220.393, 60
Trd, 4319220.793, 63
Trd, 4319221.643, 63
Trd, 4319222.643, 61
Trd, 4319223.093, 132
Trd, 4319223.593, 85
Trd, 4319224.343, 108
Trd, 4319225.143, 74
Trd, 4319225.443, 72
Trd, 4319225.543, 69
Trd, 4319226.743, 70
Trd, 4319227.243, 64
Trd, 4319227.793, 61
Trd, 4319227.893, 64
Trd, 4319228.643, 71
Trd, 4319228.843, 80
Trd, 4319229.643, 63
Trd, 4319229.893, 63
Trd, 4319230.593, 105
Trd, 4319230.693, 90
Trd, 4319231.093, 124
Trd, 4319232.793, 130
Trd, 4319233.043, 129
Trd, 4319234.643, 140
Trd, 4319235.493, 140
Trd, 4319235.543, 140
Trd, 4319235.743, 117
Trd, 4319236.943, 105
Trd, 4319237.193, 140
Trd, 4319237.643, 132
Trd, 4319238.293, 61
Trd, 4319239.093, 114
Trd, 4319239.343, 61
Trd, 4319240.793, 61
Trd, 4319240.893, 62
Trd, 4319241.293, 62
Trd, 4319241.343, 69
Trd, 4319242.543, 63
Trd, 4319242.943, 140
Trd, 4319245.093, 60
Trd, 4319245.293, 62
Trd, 4319245.543, 65
Trd, 4319246.543, 60
Trd, 4319247.043, 62
Trd, 4319247.693, 60
Trd, 4319248.243, 66
Trd, 4319248.543, 60
Trd, 4319248.893, 63
Trd, 4319249.043, 70
Trd, 4319249.193, 139
Trd, 4319250.793, 61
Trd, 4319251.493, 63
Trd, 4319252.043, 67
Trd, 4319253.393, 60
Trd, 4319254.043, 61
Trd, 4319254.193, 61
Trd, 4319255.193, 60
Trd, 4319255.393, 61
Trd, 4319256.793, 64
Trd, 4319257.243, 61
Trd, 4319257.293, 61
Trd, 4319258.243, 63
Trd, 4319259.143, 60
Trd, 4319259.593, 66
Trd, 4319261.393, 60
Trd, 4319261.793, 61
Trd, 4319261.993, 61
Trd, 4319262.543, 64
Trd, 4319265.493, 61
Trd, 4319266.443, 60
Trd, 4319266.943, 60
Trd, 4319267.043, 60
Trd, 4319268.293, 60
Trd, 4319268.943, 61
Trd, 4319269.343, 62
Trd, 4319269.393, 68
Trd, 4319269.543, 72
Trd, 4319270.843, 60
Trd, 4319271.843, 61
Trd, 4319271.993, 62
Trd, 4319272.343, 64
Trd, 4319273.643, 62
Trd, 4319274.393, 60
Trd, 4319274.943, 60
Trd, 4319275.043, 65
Trd, 4319276.043, 62
Trd, 4319276.343, 60
Trd, 4319277.693, 60
Trd, 4319278.693, 61
Trd, 4319279.293, 62
Trd, 4319279.393, 125
Trd, 4319279.493, 119
Trd, 4319279.643, 139
Trd, 4319279.993, 63
Trd, 4319280.293, 62
Trd, 4319281.993, 69
Trd, 4319283.193, 60
Trd, 4319283.743, 60
Trd, 4319284.193, 60
Trd, 4319285.793, 60
Trd, 4319285.893, 65
Trd, 4319286.093, 68
Trd, 4319286.643, 63
Trd, 4319286.943, 65
Trd, 4319287.643, 65
Trd, 4319288.693, 60
Trd, 4319289.193, 61
Trd, 4319289.243, 63
Trd, 4319289.443, 63
Trd, 4319291.543, 63
Trd, 4319291.943, 68
Trd, 4319292.143, 61
Trd, 4319292.443, 71
Trd, 4319292.843, 74
Trd, 4319293.343, 62
Trd, 4319295.043, 80
Trd, 4319295.193, 139
Trd, 4319295.693, 81
Trd, 4319296.093, 95
Trd, 4319296.393, 60
Trd, 4319296.543, 61
Trd, 4319297.693, 70
Trd, 4319297.943, 61
Trd, 4319299.793, 60
Trd, 4319299.993, 65
Trd, 4319300.543, 70
Trd, 4319301.643, 79
Trd, 4319301.693, 78
Trd, 4319302.893, 60
Trd, 4319304.543, 61
Trd, 4319304.643, 62
Trd, 4319304.693, 65
Trd, 4319304.843, 65
Trd, 4319305.793, 67
Trd, 4319306.143, 62
Trd, 4319307.143, 61
Trd, 4319308.593, 60
Trd, 4319309.143, 61
Trd, 4319309.393, 60
Trd, 4319309.493, 60
Trd, 4319310.543, 61
Trd, 4319311.543, 62
Trd, 4319312.943, 60
Trd, 4319313.493, 60
Trd, 4319313.593, 64
Trd, 4319314.393, 71
Trd, 4319315.093, 140
Trd, 4319315.443, 135
Trd, 4319315.493, 86
Trd, 4319315.943, 140
Trd, 4319316.493, 140
Trd, 4319317.343, 140
Trd, 4319317.593, 108
Trd, 4319318.493, 94
Trd, 4319319.743, 86
Trd, 4319320.193, 140
Trd, 4319320.393, 130
Trd, 4319321.993, 140
Trd, 4319322.043, 138
Trd, 4319322.143, 72
Trd, 4319322.543, 140
Trd, 4319322.843, 140
Trd, 4319324.243, 139
Trd, 4319324.893, 138
Trd, 4319325.093, 135
Trd, 4319326.143, 140
Trd, 4319326.193, 87
Trd, 4319326.693, 62
Trd, 4319327.343, 67
Trd, 4319327.493, 71
Trd, 4319327.993, 138
Trd, 4319328.243, 137
Trd, 4319328.843, 61
Trd, 4319329.943, 61
Trd, 4319330.193, 98
Trd, 4319330.993, 65
Trd, 4319331.343, 64
Trd, 4319331.743, 75
Trd, 4319332.843, 140
Trd, 4319333.793, 138
Trd, 4319334.343, 61
Trd, 4319334.943, 63
Trd, 4319335.493, 69
Trd, 4319336.143, 140
Trd, 4319337.643, 60
Trd, 4319339.293, 60
Trd, 4319339.893, 61
Trd, 4319340.193, 60
Trd, 4319340.943, 63
Trd, 4319341.943, 63
Trd, 4319342.193, 64
Trd, 4319342.693, 65
Trd, 4319343.193, 60
Trd, 4319344.093, 61
Trd, 4319345.743, 61
Trd, 4319346.093, 67
Trd, 4319346.293, 69
Trd, 4319346.843, 62
Trd, 4319348.193, 139
Trd, 4319348.243, 138
Trd, 4319349.243, 61
Trd, 4319349.643, 60
Trd, 4319349.943, 140
Trd, 4319349.993, 140
Trd, 4319351.693, 61
Trd, 4319352.343, 66
Trd, 4319353.393, 61
Trd, 4319354.393, 61
Trd, 4319355.693, 65
Trd, 4319356.443, 60
Trd, 4319356.743, 61
Trd, 4319357.343, 61
Trd, 4319357.543, 61
Trd, 4319358.093, 61
Trd, 4319359.293, 62
Trd, 4319359.493, 61
Trd, 4319361.093, 60
Trd, 4319362.243, 62
Trd, 4319363.043, 61
Trd, 4319363.293, 71
Trd, 4319363.693, 72
Trd, 4319363.893, 73
Trd, 4319364.293, 70
Trd, 4319366.343, 60
Trd, 4319367.143, 60
Trd, 4319368.893, 60
Trd, 4319369.343, 63
Trd, 4319369.793, 60
Trd, 4319370.043, 60
Trd, 4319370.093, 61
Trd, 4319370.143, 64
Trd, 4319372.693, 60
Trd, 4319372.743, 61
Trd, 4319372.793, 62
Trd, 4319373.093, 60
Trd, 4319373.543, 67
Trd, 4319374.143, 60
Trd, 4319375.643, 60
Trd, 4319375.893, 60
Trd, 4319376.193, 63
Trd, 4319377.443, 60
Trd, 4319377.493, 68
Trd, 4319379.493, 60
Trd, 4319379.593, 61
Trd, 4319380.593, 61
Trd, 4319380.743, 63
Trd, 4319381.943, 60
Trd, 4319382.043, 63
Trd, 4319383.593, 63
Trd, 4319384.043, 62
Trd, 4319384.143, 65
Trd, 4319386.443, 61
Trd, 4319386.793, 62
Trd, 4319387.193, 61
Trd, 4319387.493, 62
Trd, 4319387.843, 62
Trd, 4319388.043, 61
Trd, 4319388.793, 61
Trd, 4319390.143, 138
Trd, 4319390.293, 95
Trd, 4319390.543, 135
Trd, 4319391.343, 61
Trd, 4319391.993, 61
Trd, 4319392.243, 67
Trd, 4319392.693, 139
Trd, 4319392.993, 139
Trd, 4319394.193, 140
Trd, 4319394.993, 140
Trd, 4319395.893, 107
Trd, 4319396.393, 104
Trd, 4319398.143, 138
Trd, 4319398.743, 140
Trd, 4319399.393, 139
Trd, 4319400.993, 140
Trd, 4319401.793, 137
Trd, 4319402.093, 140
Trd, 4319402.393, 109
Trd, 4319402.643, 95
Trd, 4319402.893, 94
Trd, 4319403.543, 62
Trd, 4319404.243, 140
Trd, 4319404.393, 100
Trd, 4319404.743, 107
Trd, 4319405.693, 64
Trd, 4319405.743, 63
Trd, 4319406.493, 140
Trd, 4319407.193, 140
Trd, 4319407.693, 139
Trd, 4319408.143, 140
Trd, 4319408.793, 79
Trd, 4319409.543, 68
Trd, 4319411.043, 140
Trd, 4319411.843, 140
Trd, 4319411.993, 139
Trd, 4319412.093, 139
Trd, 4319412.643, 136
Trd, 4319412.743, 126
Trd, 4319412.993, 95
Trd, 4319414.143, 139
Trd, 4319414.843, 140
Trd, 4319414.943, 116
Trd, 4319416.143, 140
Trd, 4319416.293, 140
Trd, 4319416.543, 140
Trd, 4319416.843, 129
Trd, 4319418.543, 61
Trd, 4319419.543, 60
Trd, 4319420.243, 60
Trd, 4319420.793, 62
Trd, 4319421.393, 61
Trd, 4319421.543, 64
Trd, 4319421.643, 81
Trd, 4319423.243, 60
Trd, 4319423.993, 60
Trd, 4319424.793, 62
Trd, 4319425.593, 61
Trd, 4319426.093, 63
Trd, 4319426.493, 68
Trd, 4319427.043, 63
Trd, 4319427.343, 64
Trd, 4319428.043, 135
Trd, 4319429.743, 100
Trd, 4319430.243, 140
Trd, 4319430.643, 140
Trd, 4319431.993, 140
Trd, 4319432.593, 139
Trd, 4319432.843, 108
Trd, 4319433.393, 106
Trd, 4319434.493, 140
Trd, 4319435.143, 140
Trd, 4319435.443, 106
Trd, 4319435.493, 99
Trd, 4319435.643, 68
Trd, 4319435.943, 138
Trd, 4319437.493, 78
Trd, 4319437.593, 98
Trd, 4319437.793, 135
Trd, 4319438.243, 140
Trd, 4319440.093, 140
Trd, 4319440.193, 140
Trd, 4319440.693, 60
Trd, 4319440.843, 67
Trd, 4319442.493, 87
Trd, 4319442.643, 86
Trd, 4319442.743, 111
Trd, 4319443.843, 62
Trd, 4319444.293, 63
Trd, 4319446.243, 60
Trd, 4319446.443, 60
Trd, 4319446.493, 62
Trd, 4319446.793, 60
Trd, 4319447.793, 61
Trd, 4319448.643, 62
Trd, 4319448.943, 60
Trd, 4319449.093, 66
Trd, 4319449.793, 63
Trd, 4319452.093, 61
Trd, 4319452.393, 67
Trd, 4319452.993, 62
Trd, 4319454.293, 79
Trd, 4319454.443, 63
Trd, 4319454.843, 65
Trd, 4319455.493, 91
Trd, 4319455.693, 114
Trd, 4319456.393, 67
Trd, 4319456.743, 64
Trd, 4319457.443, 60
Trd, 4319457.943, 61
Trd, 4319458.593, 62
Trd, 4319460.393, 60
Trd, 4319460.993, 61
Trd, 4319461.243, 60
Trd, 4319461.343, 63
Trd, 4319462.643, 136
Trd, 4319462.943, 136
Trd, 4319463.593, 116
Trd, 4319463.743, 114
Trd, 4319463.893, 77
Trd, 4319464.493, 64
Trd, 4319466.893, 63
Trd, 4319467.443, 63
Trd, 4319468.693, 60
Trd, 4319469.393, 65
Trd, 4319469.843, 65
Trd, 4319469.993, 77
Trd, 4319471.043, 61
Trd, 4319472.193, 60
Trd, 4319472.643, 60
Trd, 4319473.043, 61
Trd, 4319473.343, 63
Trd, 4319473.643, 60
Trd, 4319473.743, 64
Trd, 4319474.043, 60
Trd, 4319474.143, 65
Trd, 4319476.543, 65
Trd, 4319476.893, 65
Trd, 4319477.093, 62
Trd, 4319478.193, 78
Trd, 4319479.293, 60
Trd, 4319480.143, 62
Trd, 4319480.293, 68
Trd, 4319480.493, 68
Trd, 4319482.293, 60
Trd, 4319482.943, 61
Trd, 4319483.443, 63
Trd, 4319484.593, 61
Trd, 4319484.993, 60
Trd, 4319485.693, 61
Trd, 4319486.443, 61
Trd, 4319486.643, 62
Trd, 4319486.943, 63
Trd, 4319487.743, 62
Trd, 4319489.243, 61
Trd, 4319489.793, 62
Trd, 4319490.843, 62
Trd, 4319491.193, 65
Trd, 4319491.393, 61
Trd, 4319491.593, 138
Trd, 4319492.693, 60
Trd, 4319493.543, 64
Trd, 4319493.993, 62
Trd, 4319494.043, 69
Trd, 4319495.143, 60
Trd, 4319495.493, 64
Trd, 4319496.193, 66
Trd, 4319497.543, 66
Trd, 4319499.293, 61
Trd, 4319500.043, 61
Trd, 4319500.243, 60
Trd, 4319500.593, 62
Trd, 4319500.843, 64
Trd, 4319501.243, 64
Trd, 4319501.293, 64
Trd, 4319501.393, 63
Trd, 4319501.993, 138
Trd, 4319502.393, 61
Trd, 4319503.093, 60
Trd, 4319504.093, 63
Trd, 4319504.643, 73
Trd, 4319504.793, 61
Trd, 4319505.443, 138
Trd, 4319506.843, 64
Trd, 4319508.293, 60
Trd, 4319508.893, 63
Trd, 4319509.793, 65
Trd, 4319510.093, 61
Trd, 4319510.343, 60
Trd, 4319510.893, 62
Trd, 4319511.843, 73
Trd, 4319513.093, 140
Trd, 4319513.493, 139
Trd, 4319514.343, 140
Trd, 4319514.443, 125
Trd, 4319514.743, 121
Trd, 4319516.443, 60
Trd, 4319516.493, 135
Trd, 4319518.643, 60
Trd, 4319518.693, 67
Trd, 4319519.143, 60
Trd, 4319520.193, 62
Trd, 4319520.943, 62
Trd, 4319521.043, 61
Trd, 4319521.293, 63
Trd, 4319521.743, 112
Trd, 4319522.793, 63
Trd, 4319523.943, 140
Trd, 4319524.243, 84
Trd, 4319524.593, 66
Trd, 4319526.343, 60
Trd, 4319526.943, 60
Trd, 4319527.443, 62
Trd, 4319527.943, 61
Trd, 4319527.993, 62
Trd, 4319528.393, 72
Trd, 4319529.343, 61
Trd, 4319529.543, 76
Trd, 4319529.743, 63
Trd, 4319529.793, 86
Trd, 4319531.543, 69
Trd, 4319532.093, 132
Trd, 4319532.293, 131
Trd, 4319532.693, 67
Trd, 4319533.493, 109
Trd, 4319534.293, 109
Trd, 4319534.493, 108
Trd, 4319535.143, 140
Trd, 4319535.593, 140
Trd, 4319536.293, 105
Trd, 4319536.993, 140
Trd, 4319538.143, 101
Trd, 4319538.743, 139
Trd, 4319538.943, 124
Trd, 4319539.143, 133
Trd, 4319539.843, 119
Trd, 4319541.093, 64
Trd, 4319541.493, 60
Trd, 4319543.043, 60
Trd, 4319543.693, 64
Trd, 4319544.193, 65
Trd, 4319544.343, 60
Trd, 4319545.543, 72
Trd, 4319545.643, 72
Trd, 4319545.793, 78
Trd, 4319546.543, 130
Trd, 4319547.643, 114
Trd, 4319547.743, 115
Trd, 4319549.593, 140
Trd, 4319550.293, 138
Trd, 4319550.343, 137
Trd, 4319550.593, 133
Trd, 4319550.693, 122
Trd, 4319550.793, 109
Trd, 4319551.343, 74
Trd, 4319551.893, 61
Trd, 4319552.743, 62
Trd, 4319553.943, 140
Trd, 4319553.993, 140
Trd, 4319554.993, 140
Trd, 4319556.643, 60
Trd, 4319557.243, 63
Trd, 4319557.293, 63
Trd, 4319557.593, 87
Trd, 4319557.743, 63
Trd, 4319558.943, 103
Trd, 4319559.843, 102
Trd, 4319560.293, 84
Trd, 4319560.443, 140
Trd, 4319560.943, 140
Trd, 4319561.043, 134
Trd, 4319561.343, 64
Trd, 4319561.793, 122
Trd, 4319563.793, 60
Trd, 4319564.943, 60
Trd, 4319565.043, 60
Trd, 4319566.293, 60
Trd, 4319567.193, 61
Trd, 4319567.443, 67
Trd, 4319568.093, 60
Trd, 4319568.293, 70
Trd, 4319569.043, 64
Trd, 4319569.393, 62
Trd, 4319571.293, 60
Trd, 4319571.443, 65
Trd, 4319571.793, 60
Trd, 4319572.543, 60
Trd, 4319573.293, 60
Trd, 4319575.243, 60
Trd, 4319576.243, 62
Trd, 4319576.743, 61
Trd, 4319577.343, 61
Trd, 4319577.443, 60
Trd, 4319577.743, 61
Trd, 4319577.993, 61
Trd, 4319578.293, 69
Trd, 4319578.443, 139
Trd, 4319579.643, 62
Trd, 4319580.393, 67
Trd, 4319581.593, 85
Trd, 4319583.043, 60
Trd, 4319583.143, 61
Trd, 4319584.643, 60
Trd, 4319585.593, 62
Trd, 4319586.243, 60
Trd, 4319586.493, 61
Trd, 4319587.843, 60
Trd, 4319588.143, 60
Trd, 4319588.243, 61
Trd, 4319588.493, 71
Trd, 4319588.943, 64
Trd, 4319589.043, 63
Trd, 4319589.193, 72
Trd, 4319590.793, 61
Trd, 4319591.043, 63
Trd, 4319591.843, 60
Trd, 4319592.343, 62
Trd, 4319594.293, 60
Trd, 4319594.643, 63
Trd, 4319595.643, 60
Trd, 4319597.043, 60
Trd, 4319597.893, 61
Trd, 4319598.243, 61
Trd, 4319598.893, 67
Trd, 4319599.443, 72
Trd, 4319599.493, 80
Trd, 4319600.243, 62
Trd, 4319600.493, 63
Trd, 4319602.093, 65
Trd, 4319602.293, 65
Trd, 4319602.543, 76
Trd, 4319603.193, 66
Trd, 4319603.493, 64
Trd, 4319603.593, 63
Trd, 4319603.743, 61
Trd, 4319605.243, 61
Trd, 4319605.843, 60
Trd, 4319606.143, 69
Trd, 4319606.693, 136
Trd, 4319607.193, 126
Trd, 4319609.793, 60
Trd, 4319610.393, 62
Trd, 4319611.093, 60
Trd, 4319612.343, 60
Trd, 4319612.443, 61
Trd, 4319613.093, 60
Trd, 4319613.743, 64
Trd, 4319614.893, 60
Trd, 4319615.743, 62
Trd, 4319616.293, 60
Trd, 4319617.043, 60
Trd, 4319617.643, 61
Trd, 4319618.293, 62
Trd, 4319618.393, 62
Trd, 4319619.143, 64
Trd, 4319620.543, 60
Trd, 4319620.793, 60
Trd, 4319621.093, 60
Trd, 4319622.143, 67
Trd, 4319622.643, 63
Trd, 4319622.693, 62
Trd, 4319623.493, 63
Trd, 4319624.243, 60
Trd, 4319624.743, 65
Trd, 4319625.543, 140
Trd, 4319627.293, 61
Trd, 4319627.643, 62
Trd, 4319627.743, 62
Trd, 4319627.993, 62
Trd, 4319629.043, 62
Trd, 4319629.943, 67
Trd, 4319630.043, 62
Trd, 4319630.293, 60
Trd, 4319630.443, 107
Trd, 4319631.143, 140
Trd, 4319632.993, 140
Trd, 4319633.443, 140
Trd, 4319634.043, 140
Trd, 4319634.243, 138
Trd, 4319635.093, 140
Trd, 4319635.943, 140
Trd, 4319636.643, 140
Trd, 4319636.893, 140
Trd, 4319636.943, 139
Trd, 4319637.943, 140
Trd, 4319638.643, 136
Trd, 4319639.093, 98
Trd, 4319639.543, 85
Trd, 4319640.143, 64
Trd, 4319641.043, 109
Trd, 4319641.543, 128
Trd, 4319642.093, 85
Trd, 4319643.593, 140
Trd, 4319643.743, 139
Trd, 4319643.943, 137
Trd, 4319643.993, 134
Trd, 4319645.043, 140
Trd, 4319646.093, 140
Trd, 4319646.193, 90
Trd, 4319646.693, 89
Trd, 4319646.993, 140
Trd, 4319648.043, 140
Trd, 4319648.493, 140
Trd, 4319649.543, 125
Trd, 4319650.243, 139
Trd, 4319651.193, 60
Trd, 4319652.043, 61
Trd, 4319653.043, 60
Trd, 4319653.343, 62
Trd, 4319653.393, 64
Trd, 4319654.143, 61
Trd, 4319654.493, 62
Trd, 4319654.943, 60
Trd, 4319655.393, 74
Trd, 4319657.643, 60
Trd, 4319657.843, 60
Trd, 4319658.543, 140
Trd, 4319658.893, 60
Trd, 4319659.743, 61
Trd, 4319659.843, 60
Trd, 4319660.393, 61
Trd, 4319660.643, 60
Trd, 4319662.643, 61
Trd, 4319663.993, 63
Trd, 4319664.293, 68
Trd, 4319664.893, 63
Trd, 4319665.043, 62
Trd, 4319665.893, 62
Trd, 4319666.443, 67
Trd, 4319666.643, 80
Trd, 4319667.043, 140
Trd, 4319667.893, 140
Trd, 4319667.993, 140
Trd, 4319668.243, 134
Trd, 4319669.693, 136
Trd, 4319670.393, 135
Trd, 4319670.743, 139
Trd, 4319670.993, 116
Trd, 4319672.293, 131
Trd, 4319672.593, 64
Trd, 4319673.143, 64
Trd, 4319673.893, 64
Trd, 4319673.943, 63
Trd, 4319674.243, 60
Trd, 4319675.343, 64
Trd, 4319675.893, 76
Trd, 4319676.343, 65
Trd, 4319677.543, 67
Trd, 4319677.793, 65
Trd, 4319678.143, 131
Trd, 4319679.143, 61
Trd, 4319679.943, 82
Trd, 4319680.093, 139
Trd, 4319680.893, 64
Trd, 4319682.043, 64
Trd, 4319682.193, 66
Trd, 4319682.593, 62
Trd, 4319683.293, 63
Trd, 4319683.693, 65
Trd, 4319683.943, 138
Trd, 4319684.243, 61
Trd, 4319686.143, 133
Trd, 4319687.143, 140
Trd, 4319687.443, 140
Trd, 4319687.543, 139
Trd, 4319688.643, 111
Trd, 4319689.093, 110
Trd, 4319690.543, 60
Trd, 4319690.993, 66
Trd, 4319691.143, 60
Trd, 4319691.193, 69
Trd, 4319693.593, 60
Trd, 4319693.993, 61
Trd, 4319694.993, 63
Trd, 4319695.093, 67
Trd, 4319695.843, 60
Trd, 4319697.043, 60
Trd, 4319698.593, 60
Trd, 4319699.443, 60
Trd, 4319700.993, 60
Trd, 4319701.043, 60
Trd, 4319701.143, 65
Trd, 4319701.843, 62
Trd, 4319702.243, 63
Trd, 4319702.343, 63
Trd, 4319702.393, 68
Trd, 4319703.393, 76
Trd, 4319703.843, 78
Trd, 4319703.943, 75
Trd, 4319705.343, 61
Trd, 4319705.743, 61
Trd, 4319706.243, 63
Trd, 4319708.593, 60
Trd, 4319709.043, 61
Trd, 4319710.093, 60
Trd, 4319710.143, 61
Trd, 4319710.193, 62
Trd, 4319710.943, 61
Trd, 4319711.043, 61
Trd, 4319712.693, 64
Trd, 4319713.093, 60
Trd, 4319713.493, 61
Trd, 4319714.893, 60
Trd, 4319715.743, 61
Trd, 4319717.093, 60
Trd, 4319718.093, 61
Trd, 4319718.143, 63
Trd, 4319718.243, 64
Trd, 4319718.593, 60
Trd, 4319718.743, 75
Trd, 4319719.193, 61
Trd, 4319719.993, 139
Trd, 4319720.643, 60
Trd, 4319720.993, 64
Trd, 4319722.143, 74
Trd, 4319722.743, 67
Trd, 4319723.093, 63
Trd, 4319723.843, 73
Trd, 4319724.593, 64
Trd, 4319725.493, 65
Trd, 4319725.943, 71
Trd, 4319726.293, 67
Trd, 4319726.593, 71
Trd, 4319727.643, 140
Trd, 4319728.993, 140
Trd, 4319729.393, 140
Trd, 4319729.993, 140
Trd, 4319730.043, 140
Trd, 4319730.193, 136
Trd, 4319730.293, 87
Trd, 4319730.593, 72
Trd, 4319731.843, 60
Trd, 4319731.893, 61
Trd, 4319733.593, 140
Trd, 4319733.693, 140
Trd, 4319733.893, 137
Trd, 4319735.593, 99
Trd, 4319736.643, 132
Trd, 4319737.943, 140
Trd, 4319738.193, 139
Trd, 4319738.543, 134
Trd, 4319739.143, 140
Trd, 4319740.543, 140
Trd, 4319740.843, 138
Trd, 4319740.993, 137
Trd, 4319741.143, 74
Trd, 4319741.443, 101
Trd, 4319743.243, 60
Trd, 4319743.393, 60
Trd, 4319744.193, 60
Trd, 4319747.793, 61
Trd, 4319748.393, 60
Trd, 4319748.893, 62
Trd, 4319748.993, 61
Trd, 4319749.043, 63
Trd, 4319750.093, 60
Trd, 4319750.993, 60
Trd, 4319751.843, 61
Trd, 4319752.043, 65
Trd, 4319752.343, 60
Trd, 4319752.743, 67
Trd, 4319752.993, 70
Trd, 4319754.143, 61
Trd, 4319754.243, 66
Trd, 4319754.543, 60
Trd, 4319755.043, 138
Trd, 4319756.593, 69
Trd, 4319756.893, 60
Trd, 4319757.443, 68
Trd, 4319759.243, 60
Trd, 4319759.793, 60
Trd, 4319760.593, 65
Trd, 4319760.743, 63
Trd, 4319761.393, 60
Trd, 4319762.443, 62
Trd, 4319763.643, 60
Trd, 4319765.043, 61
Trd, 4319765.143, 62
Trd, 4319765.243, 61
Trd, 4319766.493, 62
Trd, 4319766.593, 63
Trd, 4319766.793, 64
Trd, 4319767.443, 68
Trd, 4319767.493, 79
Trd, 4319768.093, 62
Trd, 4319768.393, 91
Trd, 4319769.243, 75
Trd, 4319769.743, 122
Trd, 4319770.593, 140
Trd, 4319771.043, 140
Trd, 4319771.093, 140
Trd, 4319771.443, 102
Trd, 4319771.943, 62
Trd, 4319772.543, 77
Trd, 4319772.993, 140
Trd, 4319773.493, 71
Trd, 4319774.743, 140
Trd, 4319775.293, 139
Trd, 4319775.893, 128
Trd, 4319776.693, 91
Trd, 4319777.293, 106
Trd, 4319777.943, 64
Trd, 4319779.393, 60
Trd, 4319779.743, 61
Trd, 4319779.993, 65
Trd, 4319780.993, 60
Trd, 4319781.743, 61
Trd, 4319782.643, 63
Trd, 4319783.643, 62
Trd, 4319784.343, 64
Trd, 4319784.593, 63
Trd, 4319784.643, 71
Trd, 4319785.143, 65
Trd, 4319785.293, 62
Trd, 4319785.693, 140
Trd, 4319787.943, 63
Trd, 4319788.343, 66
Trd, 4319790.393, 62
Trd, 4319790.793, 63
Trd, 4319792.093, 61
Trd, 4319792.493, 63
Trd, 4319793.443, 60
Trd, 4319794.093, 62
Trd, 4319794.293, 62
Trd, 4319794.343, 64
Trd, 4319795.543, 97
Trd, 4319796.243, 138
Trd, 4319796.393, 137
Trd, 4319796.743, 132
Trd, 4319796.843, 77
Trd, 4319796.993, 76
Trd, 4319798.743, 62
Trd, 4319799.993, 64
Trd, 4319800.043, 64
Trd, 4319802.143, 61
Trd, 4319803.643, 62
Trd, 4319803.693, 63
Trd, 4319804.043, 60
Trd, 4319804.493, 61
Trd, 4319805.193, 61
Trd, 4319806.843, 60
Trd, 4319807.443, 60
Trd, 4319808.443, 60
Trd, 4319810.193, 60
Trd, 4319810.343, 62
Trd, 4319810.393, 63
Trd, 4319811.143, 63
Trd, 4319813.143, 62
Trd, 4319813.393, 63
Trd, 4319813.943, 63
Trd, 4319814.193, 62
Trd, 4319815.693, 66
Trd, 4319816.193, 62
Trd, 4319816.943, 62
Trd, 4319817.093, 62
Trd, 4319817.543, 62
Trd, 4319818.543, 64
Trd, 4319818.593, 63
Trd, 4319818.793, 62
Trd, 4319819.843, 61
Trd, 4319820.043, 71
Trd, 4319820.093, 79
Trd, 4319821.393, 63
Trd, 4319822.093, 69
Trd, 4319822.743, 80
Trd, 4319822.993, 79
Trd, 4319824.343, 61
Trd, 4319824.493, 81
Trd, 4319824.893, 138
Trd, 4319824.943, 137
Trd, 4319826.193, 61
Trd, 4319826.743, 103
Trd, 4319827.593, 138
Trd, 4319828.093, 139
Trd, 4319828.643, 139
Trd, 4319828.893, 139
Trd, 4319829.393, 138
Trd, 4319829.643, 134
Trd, 4319829.893, 72
Trd, 4319830.643, 89
Trd, 4319831.143, 84
Trd, 4319832.793, 140
Trd, 4319834.893, 140
Trd, 4319835.043, 140
Trd, 4319835.593, 140
Trd, 4319835.793, 140
Trd, 4319835.943, 140
Trd, 4319836.793, 140
Trd, 4319836.993, 140
Trd, 4319837.393, 131
Trd, 4319838.643, 139
Trd, 4319838.993, 136
Trd, 4319839.543, 66
Trd, 4319840.293, 63
Trd, 4319840.343, 69
Trd, 4319841.393, 140
Trd, 4319841.693, 140
Trd, 4319842.393, 140
Trd, 4319842.693, 67
Trd, 4319843.043, 135
Trd, 4319843.743, 138
Trd, 4319845.343, 133
Trd, 4319845.493, 126
Trd, 4319845.793, 136
Trd, 4319847.693, 60
Trd, 4319848.143, 140
Trd, 4319848.493, 99
Trd, 4319850.293, 140
Trd, 4319850.343, 139
Trd, 4319850.543, 98
Trd, 4319850.993, 125
Trd, 4319853.143, 140
Trd, 4319853.543, 140
Trd, 4319854.493, 140
Trd, 4319855.093, 140
Trd, 4319855.193, 140
Trd, 4319855.893, 140
Trd, 4319856.043, 140
Trd, 4319856.243, 135
Trd, 4319856.893, 120
Trd, 4319856.943, 98
Trd, 4319857.143, 126
Trd, 4319858.743, 140
Trd, 4319858.993, 117
Trd, 4319860.293, 136
Trd, 4319860.543, 118
Trd, 4319860.743, 139
Trd, 4319860.893, 107
Trd, 4319860.943, 73
Trd, 4319863.543, 140
Trd, 4319863.643, 140
Trd, 4319863.993, 126
Trd, 4319864.593, 69
Trd, 4319864.743, 140
Trd, 4319865.443, 65
Trd, 4319865.793, 124
Trd, 4319867.593, 60
Trd, 4319867.843, 62
Trd, 4319868.993, 63
Trd, 4319869.943, 61
Trd, 4319870.693, 137
Trd, 4319870.793, 98
Trd, 4319871.893, 66
Trd, 4319873.093, 140
Trd, 4319873.393, 140
Trd, 4319873.643, 140
Trd, 4319873.993, 107
Trd, 4319874.493, 63
Trd, 4319876.193, 61
Trd, 4319876.643, 60
Trd, 4319877.343, 63
Trd, 4319877.543, 77
Trd, 4319877.893, 140
Trd, 4319878.643, 133
Trd, 4319878.793, 133
Trd, 4319879.893, 140
Trd, 4319880.043, 140
Trd, 4319880.593, 131
Trd, 4319880.793, 109
Trd, 4319881.443, 63
Trd, 4319881.793, 69
Trd, 4319882.243, 76
Trd, 4319883.993, 61
Trd, 4319884.743, 61
Trd, 4319885.543, 63
Trd, 4319885.593, 65
Trd, 4319886.043, 73
Trd, 4319886.893, 115
Trd, 4319887.393, 117
Trd, 4319887.693, 117
Trd, 4319888.343, 117
Trd, 4319888.693, 110
Trd, 4319889.643, 136
Trd, 4319890.043, 61
Trd, 4319890.593, 133
Trd, 4319891.443, 140
Trd, 4319891.543, 98
Trd, 4319892.743, 60
Trd, 4319893.993, 61
Trd, 4319894.693, 63
Trd, 4319894.993, 62
Trd, 4319896.643, 60
Trd, 4319897.343, 61
Trd, 4319898.143, 60
Trd, 4319898.693, 60
Trd, 4319899.043, 61
Trd, 4319899.493, 60
Trd, 4319899.693, 63
Trd, 4319900.693, 63
Trd, 4319900.743, 61
Trd, 4319901.743, 134
Trd, 4319902.493, 140
Trd, 4319902.893, 139
Trd, 4319903.043, 102
Trd, 4319903.643, 101
Trd, 4319904.193, 99
Trd, 4319905.093, 120
Trd, 4319905.143, 119
Trd, 4319906.193, 110
Trd, 4319906.243, 95
Trd, 4319908.593, 61
Trd, 4319908.843, 61
Trd, 4319909.143, 60
Trd, 4319909.393, 61
Trd, 4319910.393, 140
Trd, 4319910.643, 139
Trd, 4319911.193, 139
Trd, 4319911.393, 128
Trd, 4319911.693, 117
Trd, 4319912.143, 129
Trd, 4319913.543, 61
Trd, 4319914.193, 60
Trd, 4319916.443, 61
Trd, 4319918.193, 60
Trd, 4319918.343, 64
Trd, 4319918.543, 64
Trd, 4319919.393, 61
Trd, 4319919.443, 62
Trd, 4319919.743, 68
Trd, 4319919.993, 140
Trd, 4319920.443, 140
Trd, 4319920.793, 140
Trd, 4319921.943, 140
Trd, 4319922.143, 133
Trd, 4319922.643, 93
Trd, 4319922.893, 79
Trd, 4319923.793, 65
Trd, 4319924.043, 80
Trd, 4319924.493, 61
Trd, 4319925.493, 66
Trd, 4319926.393, 67
Trd, 4319926.743, 132
Trd, 4319927.943, 60
Trd, 4319929.943, 64
Trd, 4319930.693, 64
Trd, 4319930.893, 70
Trd, 4319932.343, 60
Trd, 4319932.543, 62
Trd, 4319932.893, 63
Trd, 4319934.343, 74
Trd, 4319934.643, 83
Trd, 4319935.143, 140
Trd, 4319935.443, 64
Trd, 4319936.493, 138
Trd, 4319937.093, 140
Trd, 4319937.743, 70
Trd, 4319937.893, 62
Trd, 4319939.893, 60
Trd, 4319941.143, 62
Trd, 4319941.293, 63
Trd, 4319941.593, 64
Trd, 4319941.643, 64
Trd, 4319942.393, 66
Trd, 4319942.693, 64
Trd, 4319943.243, 60
Trd, 4319943.743, 125
Trd, 4319944.493, 65
Trd, 4319944.893, 135
Trd, 4319946.043, 65
Trd, 4319946.343, 67
Trd, 4319947.393, 117
Trd, 4319947.643, 125
Trd, 4319949.693, 60
Trd, 4319949.743, 60
Trd, 4319950.943, 60
Trd, 4319951.093, 62
Trd, 4319951.293, 64
Trd, 4319951.943, 63
Trd, 4319952.093, 65
Trd, 4319953.843, 62
Trd, 4319954.593, 60
Trd, 4319954.893, 60
Trd, 4319954.943, 63
Trd, 4319956.393, 65
Trd, 4319956.743, 62
Trd, 4319956.793, 65
Trd, 4319958.293, 60
Trd, 4319960.043, 61
Trd, 4319960.343, 62
Trd, 4319961.093, 60
Trd, 4319962.593, 66
Trd, 4319962.693, 68
Trd, 4319962.893, 76
Trd, 4319963.293, 66
Trd, 4319963.343, 67
Trd, 4319963.893, 69
Trd, 4319963.943, 67
Trd, 4319964.443, 71
Trd, 4319965.743, 63
Trd, 4319966.293, 61
Trd, 4319967.243, 64
Trd, 4319967.793, 61
Trd, 4319969.593, 63
Trd, 4319970.043, 60
Trd, 4319970.443, 66
Trd, 4319971.093, 119
Trd, 4319971.543, 123
Trd, 4319971.793, 107
Trd, 4319972.593, 110
Trd, 4319973.293, 140
Trd, 4319973.493, 137
Trd, 4319973.693, 97
Trd, 4319973.943, 89
Trd, 4319974.543, 62
Trd, 4319975.443, 104
Trd, 4319976.393, 140
Trd, 4319976.943, 108
Trd, 4319977.393, 107
Trd, 4319978.093, 137
Trd, 4319978.593, 140
Trd, 4319979.343, 140
Trd, 4319979.393, 139
Trd, 4319979.943, 125
Trd, 4319980.893, 61
Trd, 4319981.193, 76
Trd, 4319981.943, 107
Trd, 4319982.593, 101
Trd, 4319982.843, 78
Trd, 4319984.093, 62
Trd, 4319984.793, 60
Trd, 4319985.793, 66
Trd, 4319985.993, 61
Trd, 4319986.393, 73
Trd, 4319986.543, 96
Trd, 4319988.143, 61
Trd, 4319988.243, 66
Trd, 4319988.793, 61
Trd, 4319989.543, 65
Trd, 4319989.643, 75
Trd, 4319992.543, 60
Trd, 4319994.393, 60
Trd, 4319994.793, 60
Trd, 4319994.943, 60
Trd, 4319995.093, 64
Trd, 4319995.793, 62
Trd, 4319996.793, 62
Trd, 4319997.193, 64
Trd, 4319997.343, 64
Trd, 4319997.693, 63
Trd, 4319998.143, 69
Trd, 4319998.943, 60
