Trd, 4318132.143, 131
Trd, 4318132.343, 95
Trd, 4318132.493, 112
Trd, 4318133.343, 110
Trd, 4318135.243, 87
Trd, 4318136.043, 104
Trd, 4318136.243, 95
Trd, 4318136.343, 83
Trd, 4318137.543, 77
Trd, 4318138.193, 82
Trd, 4318138.393, 105
Trd, 4318139.193, 135
Trd, 4318139.593, 127
Trd, 4318139.643, 124
Trd, 4318139.793, 121
Trd, 4318141.243, 115
Trd, 4318142.393, 122
Trd, 4318142.693, 99
Trd, 4318142.843, 94
Trd, 4318145.193, 115
Trd, 4318145.693, 117
Trd, 4318145.943, 103
Trd, 4318146.243, 103
Trd, 4318146.393, 87
Trd, 4318148.443, 102
Trd, 4318148.543, 88
Trd, 4318149.143, 98
Trd, 4318150.393, 121
Trd, 4318150.743, 117
Trd, 4318151.043, 134
Trd, 4318152.343, 103
Trd, 4318153.193, 78
Trd, 4318153.593, 91
Trd, 4318154.943, 111
Trd, 4318155.493, 105
Trd, 4318156.643, 102
Trd, 4318157.043, 99
Trd, 4318158.043, 105
Trd, 4318158.443, 104
Trd, 4318158.543, 99
Trd, 4318159.243, 98
Trd, 4318159.593, 83
Trd, 4318159.793, 78
Trd, 4318160.843, 131
Trd, 4318162.193, 115
Trd, 4318162.793, 97
Trd, 4318163.143, 79
Trd, 4318163.343, 104
Trd, 4318164.693, 78
Trd, 4318164.743, 65
Trd, 4318165.243, 133
Trd, 4318165.643, 126
Trd, 4318167.443, 96
Trd, 4318167.693, 87
Trd, 4318168.943, 96
Trd, 4318168.993, 71
Trd, 4318169.993, 97
Trd, 4318170.293, 94
Trd, 4318171.043, 80
Trd, 4318171.393, 97
Trd, 4318171.793, 134
Trd, 4318172.743, 69
Trd, 4318173.843, 70
Trd, 4318174.543, 61
Trd, 4318174.693, 72
Trd, 4318175.143, 105
Trd, 4318176.193, 83
Trd, 4318177.693, 70
Trd, 4318177.993, 97
Trd, 4318178.543, 100
Trd, 4318178.593, 93
Trd, 4318179.393, 93
Trd, 4318180.293, 77
Trd, 4318180.493, 67
Trd, 4318181.343, 95
Trd, 4318182.043, 106
Trd, 4318183.093, 135
Trd, 4318183.943, 138
Trd, 4318185.943, 94
Trd, 4318186.293, 76
Trd, 4318187.193, 83
Trd, 4318187.693, 78
Trd, 4318188.043, 100
Trd, 4318189.793, 85
Trd, 4318190.093, 96
Trd, 4318190.443, 76
Trd, 4318190.993, 76
Trd, 4318191.293, 98
Trd, 4318192.343, 113
Trd, 4318192.943, 114
Trd, 4318194.543, 113
Trd, 4318194.843, 110
Trd, 4318195.543, 124
Trd, 4318196.743, 126
Trd, 4318199.643, 122
Trd, 4318199.943, 119
Trd, 4318200.443, 138
Trd, 4318201.443, 122
Trd, 4318202.443, 136
Trd, 4318202.593, 122
Trd, 4318203.743, 91
Trd, 4318203.993, 113
Trd, 4318204.093, 84
Trd, 4318204.143, 80
Trd, 4318204.693, 127
Trd, 4318208.493, 125
Trd, 4318208.843, 124
Trd, 4318208.893, 122
Trd, 4318209.093, 119
Trd, 4318209.643, 94
Trd, 4318209.793, 120
Trd, 4318211.443, 68
Trd, 4318212.593, 68
Trd, 4318212.993, 64
Trd, 4318213.493, 124
Trd, 4318214.443, 79
Trd, 4318215.743, 71
Trd, 4318215.893, 76
Trd, 4318216.043, 82
Trd, 4318216.193, 65
Trd, 4318216.693, 106
Trd, 4318217.193, 77
Trd, 4318217.843, 128
Trd, 4318218.593, 62
Trd, 4318219.493, 61
Trd, 4318220.143, 90
Trd, 4318220.543, 67
Trd, 4318221.393, 74
Trd, 4318222.793, 69
Trd, 4318223.043, 68
Trd, 4318223.393, 80
Trd, 4318224.043, 74
Trd, 4318224.243, 97
Trd, 4318224.943, 125
Trd, 4318225.243, 98
Trd, 4318225.743, 113
Trd, 4318226.793, 126
Trd, 4318227.993, 130
Trd, 4318228.493, 126
Trd, 4318229.093, 108
Trd, 4318229.143, 90
Trd, 4318229.293, 81
Trd, 4318230.893, 118
Trd, 4318231.043, 136
Trd, 4318232.343, 115
Trd, 4318232.993, 74
Trd, 4318233.493, 130
Trd, 4318234.243, 72
Trd, 4318235.493, 137
Trd, 4318235.793, 122
Trd, 4318236.943, 129
Trd, 4318237.043, 97
Trd, 4318237.743, 130
Trd, 4318237.793, 124
Trd, 4318238.843, 98
Trd, 4318240.993, 94
Trd, 4318242.393, 101
Trd, 4318243.043, 109
Trd, 4318243.093, 103
Trd, 4318243.443, 69
Trd, 4318243.593, 110
Trd, 4318243.793, 115
Trd, 4318244.193, 98
Trd, 4318244.893, 123
Trd, 4318245.093, 74
Trd, 4318247.043, 139
Trd, 4318247.343, 135
Trd, 4318247.543, 103
Trd, 4318247.893, 102
Trd, 4318249.893, 123
Trd, 4318250.343, 83
Trd, 4318250.643, 126
Trd, 4318250.993, 106
Trd, 4318251.543, 115
Trd, 4318251.893, 107
Trd, 4318252.993, 124
Trd, 4318253.293, 117
Trd, 4318254.093, 115
Trd, 4318254.643, 139
Trd, 4318255.043, 112
Trd, 4318255.343, 104
Trd, 4318255.543, 95
Trd, 4318256.643, 125
Trd, 4318256.793, 104
Trd, 4318258.543, 109
Trd, 4318259.293, 110
Trd, 4318259.493, 113
Trd, 4318260.293, 136
Trd, 4318260.643, 127
Trd, 4318260.743, 96
Trd, 4318260.943, 76
Trd, 4318261.543, 74
Trd, 4318262.493, 132
Trd, 4318264.393, 138
Trd, 4318264.543, 128
Trd, 4318264.593, 80
Trd, 4318265.993, 135
Trd, 4318266.243, 134
Trd, 4318266.793, 129
Trd, 4318267.193, 133
Trd, 4318267.243, 109
Trd, 4318267.793, 137
Trd, 4318267.843, 131
Trd, 4318270.493, 117
Trd, 4318271.293, 114
Trd, 4318271.943, 118
Trd, 4318272.293, 93
Trd, 4318272.643, 84
Trd, 4318273.443, 139
Trd, 4318274.143, 137
Trd, 4318274.993, 97
Trd, 4318275.243, 83
Trd, 4318276.293, 121
Trd, 4318276.443, 105
Trd, 4318277.443, 103
Trd, 4318278.893, 106
Trd, 4318278.993, 88
Trd, 4318279.593, 136
Trd, 4318280.543, 94
Trd, 4318280.743, 93
Trd, 4318281.043, 66
Trd, 4318281.843, 87
Trd, 4318283.543, 111
Trd, 4318283.593, 102
Trd, 4318285.243, 97
Trd, 4318285.943, 116
Trd, 4318286.443, 134
Trd, 4318287.543, 133
Trd, 4318288.343, 126
Trd, 4318288.643, 137
Trd, 4318289.943, 117
Trd, 4318290.093, 106
Trd, 4318290.243, 96
Trd, 4318291.193, 122
Trd, 4318291.243, 115
Trd, 4318291.593, 98
Trd, 4318293.293, 61
Trd, 4318294.143, 140
Trd, 4318295.443, 131
Trd, 4318296.243, 127
Trd, 4318297.493, 95
Trd, 4318297.843, 124
Trd, 4318298.393, 93
Trd, 4318298.443, 95
Trd, 4318298.543, 103
Trd, 4318299.343, 100
Trd, 4318301.843, 100
Trd, 4318302.943, 136
Trd, 4318303.193, 100
Trd, 4318303.643, 116
Trd, 4318303.843, 118
Trd, 4318303.893, 108
Trd, 4318304.593, 132
Trd, 4318305.193, 120
Trd, 4318305.443, 125
Trd, 4318307.293, 106
Trd, 4318308.043, 113
Trd, 4318308.143, 77
Trd, 4318309.943, 117
Trd, 4318309.993, 98
Trd, 4318311.243, 94
Trd, 4318311.493, 76
Trd, 4318311.543, 72
Trd, 4318312.443, 111
Trd, 4318314.093, 80
Trd, 4318314.893, 139
Trd, 4318315.093, 123
Trd, 4318316.493, 125
Trd, 4318316.693, 121
Trd, 4318316.943, 106
Trd, 4318317.693, 111
Trd, 4318318.393, 109
Trd, 4318318.543, 131
Trd, 4318319.243, 103
Trd, 4318319.993, 113
Trd, 4318320.343, 84
Trd, 4318320.743, 128
Trd, 4318321.643, 85
Trd, 4318322.743, 100
Trd, 4318323.343, 87
Trd, 4318323.893, 87
Trd, 4318324.893, 93
Trd, 4318324.993, 93
Trd, 4318325.193, 114
Trd, 4318326.043, 94
Trd, 4318326.243, 93
Trd, 4318327.143, 136
Trd, 4318327.493, 109
Trd, 4318328.593, 105
Trd, 4318328.693, 98
Trd, 4318329.143, 95
Trd, 4318329.343, 123
Trd, 4318331.093, 132
Trd, 4318331.443, 128
Trd, 4318331.893, 119
Trd, 4318332.693, 104
Trd, 4318333.043, 96
Trd, 4318334.393, 132
Trd, 4318335.343, 126
Trd, 4318335.443, 102
Trd, 4318335.543, 99
Trd, 4318336.193, 135
Trd, 4318336.443, 107
Trd, 4318337.443, 135
Trd, 4318338.043, 120
Trd, 4318339.893, 109
Trd, 4318340.843, 75
Trd, 4318341.343, 123
Trd, 4318341.743, 79
Trd, 4318341.843, 91
Trd, 4318342.993, 129
Trd, 4318343.093, 116
Trd, 4318343.393, 113
Trd, 4318343.893, 116
Trd, 4318344.093, 121
Trd, 4318344.343, 105
Trd, 4318345.143, 102
Trd, 4318345.543, 94
Trd, 4318345.693, 85
Trd, 4318347.493, 87
Trd, 4318348.193, 102
Trd, 4318348.643, 101
Trd, 4318349.543, 94
Trd, 4318350.693, 87
Trd, 4318350.843, 137
Trd, 4318351.243, 83
Trd, 4318352.043, 77
Trd, 4318353.343, 129
Trd, 4318353.893, 118
Trd, 4318354.093, 125
Trd, 4318356.243, 129
Trd, 4318357.143, 116
Trd, 4318358.493, 105
Trd, 4318358.793, 139
Trd, 4318359.593, 135
Trd, 4318360.893, 105
Trd, 4318361.093, 122
Trd, 4318361.693, 107
Trd, 4318362.543, 102
Trd, 4318362.693, 128
Trd, 4318363.543, 132
Trd, 4318363.943, 124
Trd, 4318364.493, 89
Trd, 4318365.193, 74
Trd, 4318367.243, 93
Trd, 4318367.743, 93
Trd, 4318367.993, 100
Trd, 4318368.243, 87
Trd, 4318368.343, 77
Trd, 4318369.843, 107
Trd, 4318370.393, 82
Trd, 4318372.193, 86
Trd, 4318374.543, 76
Trd, 4318374.593, 111
Trd, 4318375.393, 90
Trd, 4318375.793, 129
Trd, 4318375.893, 90
Trd, 4318377.043, 120
Trd, 4318377.393, 111
Trd, 4318378.643, 123
Trd, 4318378.793, 118
Trd, 4318380.543, 133
Trd, 4318381.343, 127
Trd, 4318381.493, 128
Trd, 4318381.893, 133
Trd, 4318382.143, 102
Trd, 4318382.543, 106
Trd, 4318382.993, 107
Trd, 4318383.993, 129
Trd, 4318384.343, 121
Trd, 4318386.443, 138
Trd, 4318386.493, 137
Trd, 4318387.393, 130
Trd, 4318387.493, 116
Trd, 4318389.193, 136
Trd, 4318389.593, 126
Trd, 4318390.393, 103
Trd, 4318390.593, 113
Trd, 4318390.993, 101
Trd, 4318391.543, 97
Trd, 4318391.743, 93
Trd, 4318392.893, 109
Trd, 4318393.243, 73
Trd, 4318393.443, 91
Trd, 4318394.643, 78
Trd, 4318395.943, 133
Trd, 4318396.743, 83
Trd, 4318397.543, 65
Trd, 4318397.943, 99
Trd, 4318398.393, 92
Trd, 4318398.643, 91
Trd, 4318399.093, 113
Trd, 4318399.993, 118
Trd, 4318400.093, 115
Trd, 4318400.393, 114
Trd, 4318401.743, 127
Trd, 4318402.143, 135
Trd, 4318402.743, 101
Trd, 4318403.243, 76
Trd, 4318403.643, 117
Trd, 4318404.543, 127
Trd, 4318405.343, 122
Trd, 4318405.643, 92
Trd, 4318405.993, 87
Trd, 4318406.293, 92
Trd, 4318406.443, 85
Trd, 4318407.243, 107
Trd, 4318408.693, 80
Trd, 4318409.143, 103
Trd, 4318409.493, 91
Trd, 4318412.193, 121
Trd, 4318412.793, 99
Trd, 4318414.043, 98
Trd, 4318414.093, 80
Trd, 4318414.993, 70
Trd, 4318415.093, 103
Trd, 4318415.143, 102
Trd, 4318415.193, 117
Trd, 4318416.643, 132
Trd, 4318416.893, 75
Trd, 4318417.343, 133
Trd, 4318417.793, 74
Trd, 4318419.743, 66
Trd, 4318421.443, 113
Trd, 4318421.543, 87
Trd, 4318423.393, 110
Trd, 4318423.793, 113
Trd, 4318425.043, 89
Trd, 4318425.343, 97
Trd, 4318425.593, 78
Trd, 4318426.493, 64
Trd, 4318427.393, 100
Trd, 4318428.343, 100
Trd, 4318428.793, 90
Trd, 4318428.843, 87
Trd, 4318430.193, 102
Trd, 4318430.843, 87
Trd, 4318430.993, 78
Trd, 4318431.993, 107
Trd, 4318432.943, 78
Trd, 4318433.543, 101
Trd, 4318433.693, 81
Trd, 4318434.943, 99
Trd, 4318435.043, 102
Trd, 4318435.543, 69
Trd, 4318436.743, 95
Trd, 4318436.943, 94
Trd, 4318437.543, 112
Trd, 4318438.643, 92
Trd, 4318438.893, 78
Trd, 4318440.043, 119
Trd, 4318441.293, 93
Trd, 4318441.993, 101
Trd, 4318442.343, 126
Trd, 4318443.443, 103
Trd, 4318444.943, 113
Trd, 4318444.993, 110
Trd, 4318445.693, 121
Trd, 4318445.793, 117
Trd, 4318446.293, 77
Trd, 4318446.793, 109
Trd, 4318446.893, 66
Trd, 4318447.043, 137
Trd, 4318448.243, 93
Trd, 4318448.593, 137
Trd, 4318449.793, 64
Trd, 4318450.093, 115
Trd, 4318450.743, 104
Trd, 4318451.793, 112
Trd, 4318452.343, 77
Trd, 4318453.393, 121
Trd, 4318453.443, 128
Trd, 4318454.993, 122
Trd, 4318455.043, 103
Trd, 4318455.243, 126
Trd, 4318457.093, 120
Trd, 4318457.243, 130
Trd, 4318457.793, 80
Trd, 4318457.893, 83
Trd, 4318459.793, 134
Trd, 4318459.893, 119
Trd, 4318459.993, 99
Trd, 4318460.993, 131
Trd, 4318461.343, 72
Trd, 4318462.193, 120
Trd, 4318463.493, 65
Trd, 4318464.393, 104
Trd, 4318465.093, 136
Trd, 4318465.793, 127
Trd, 4318465.993, 127
Trd, 4318466.093, 97
Trd, 4318467.143, 132
Trd, 4318468.293, 116
Trd, 4318468.593, 113
Trd, 4318468.893, 96
Trd, 4318469.393, 111
Trd, 4318470.143, 91
Trd, 4318470.643, 93
Trd, 4318472.743, 91
Trd, 4318474.593, 101
Trd, 4318475.093, 136
Trd, 4318476.093, 130
Trd, 4318476.643, 80
Trd, 4318477.193, 73
Trd, 4318477.343, 116
Trd, 4318477.793, 70
Trd, 4318478.393, 84
Trd, 4318478.943, 72
Trd, 4318479.993, 125
Trd, 4318480.693, 129
Trd, 4318481.043, 80
Trd, 4318482.393, 73
Trd, 4318482.593, 71
Trd, 4318483.493, 123
Trd, 4318483.593, 125
Trd, 4318483.693, 63
Trd, 4318484.943, 138
Trd, 4318486.443, 106
Trd, 4318486.843, 66
Trd, 4318487.093, 121
Trd, 4318487.743, 60
Trd, 4318488.143, 76
Trd, 4318488.743, 78
Trd, 4318489.743, 93
Trd, 4318490.893, 119
Trd, 4318491.193, 102
Trd, 4318491.243, 96
Trd, 4318491.593, 86
Trd, 4318493.143, 124
Trd, 4318494.393, 122
Trd, 4318495.043, 120
Trd, 4318495.343, 115
Trd, 4318495.643, 87
Trd, 4318496.843, 113
Trd, 4318497.343, 90
Trd, 4318497.843, 88
Trd, 4318498.293, 109
Trd, 4318498.443, 78
Trd, 4318498.843, 73
Trd, 4318499.393, 67
Trd, 4318500.043, 129
Trd, 4318501.493, 110
Trd, 4318501.943, 132
Trd, 4318502.743, 124
Trd, 4318503.343, 106
Trd, 4318504.193, 105
Trd, 4318504.893, 139
Trd, 4318505.443, 135
Trd, 4318506.243, 133
Trd, 4318508.193, 124
Trd, 4318509.093, 131
Trd, 4318509.143, 127
Trd, 4318510.493, 124
Trd, 4318511.843, 127
Trd, 4318511.943, 112
Trd, 4318512.043, 106
Trd, 4318512.493, 114
Trd, 4318514.043, 114
Trd, 4318514.093, 97
Trd, 4318515.093, 131
Trd, 4318515.643, 105
Trd, 4318516.293, 83
Trd, 4318517.143, 103
Trd, 4318518.093, 134
Trd, 4318518.643, 90
Trd, 4318519.143, 94
Trd, 4318520.143, 120
Trd, 4318520.993, 136
Trd, 4318521.493, 107
Trd, 4318522.343, 134
Trd, 4318522.593, 88
Trd, 4318523.143, 125
Trd, 4318523.493, 121
Trd, 4318523.543, 91
Trd, 4318525.593, 87
Trd, 4318526.743, 113
Trd, 4318527.293, 112
Trd, 4318527.843, 127
Trd, 4318527.893, 113
Trd, 4318528.793, 92
Trd, 4318529.043, 88
Trd, 4318529.293, 130
Trd, 4318529.493, 100
Trd, 4318531.593, 107
Trd, 4318531.743, 103
Trd, 4318531.793, 98
Trd, 4318532.243, 139
Trd, 4318533.193, 90
Trd, 4318533.643, 135
Trd, 4318533.893, 130
Trd, 4318534.043, 98
Trd, 4318535.043, 88
Trd, 4318535.543, 77
Trd, 4318536.593, 77
Trd, 4318537.543, 134
Trd, 4318537.943, 125
Trd, 4318538.193, 114
Trd, 4318538.943, 90
Trd, 4318540.193, 120
Trd, 4318540.693, 126
Trd, 4318540.993, 116
Trd, 4318542.043, 101
Trd, 4318543.043, 99
Trd, 4318544.743, 86
Trd, 4318545.543, 61
Trd, 4318545.693, 82
Trd, 4318546.393, 105
Trd, 4318546.993, 99
Trd, 4318547.993, 115
Trd, 4318548.993, 113
Trd, 4318549.193, 130
Trd, 4318550.343, 108
Trd, 4318552.293, 123
Trd, 4318552.393, 122
Trd, 4318552.493, 104
Trd, 4318552.843, 97
Trd, 4318552.993, 85
Trd, 4318553.843, 67
Trd, 4318554.643, 75
Trd, 4318555.043, 87
Trd, 4318555.643, 91
Trd, 4318556.643, 86
Trd, 4318557.043, 81
Trd, 4318558.993, 111
Trd, 4318560.593, 124
Trd, 4318561.343, 106
Trd, 4318561.593, 102
Trd, 4318561.743, 97
Trd, 4318562.193, 96
Trd, 4318562.243, 82
Trd, 4318562.943, 128
Trd, 4318564.343, 100
Trd, 4318565.143, 106
Trd, 4318566.493, 132
Trd, 4318567.143, 129
Trd, 4318567.293, 118
Trd, 4318568.093, 92
Trd, 4318568.943, 81
Trd, 4318569.143, 71
Trd, 4318569.493, 90
Trd, 4318571.093, 140
Trd, 4318571.193, 92
Trd, 4318572.643, 129
Trd, 4318573.043, 124
Trd, 4318573.143, 119
Trd, 4318574.143, 75
Trd, 4318574.493, 61
Trd, 4318575.393, 72
Trd, 4318575.993, 107
Trd, 4318576.243, 121
Trd, 4318577.343, 96
Trd, 4318577.993, 120
Trd, 4318579.143, 83
Trd, 4318581.793, 135
Trd, 4318582.293, 136
Trd, 4318582.893, 119
Trd, 4318583.443, 139
Trd, 4318584.193, 127
Trd, 4318584.543, 116
Trd, 4318585.393, 121
Trd, 4318586.343, 100
Trd, 4318587.243, 96
Trd, 4318588.843, 128
Trd, 4318588.943, 109
Trd, 4318589.243, 126
Trd, 4318590.393, 112
Trd, 4318590.643, 116
Trd, 4318590.843, 89
Trd, 4318591.043, 135
Trd, 4318591.743, 91
Trd, 4318592.243, 81
Trd, 4318592.743, 122
Trd, 4318593.043, 88
Trd, 4318593.093, 76
Trd, 4318593.493, 78
Trd, 4318594.593, 112
Trd, 4318596.043, 87
Trd, 4318597.893, 108
Trd, 4318598.093, 107
Trd, 4318598.293, 82
Trd, 4318598.943, 102
Trd, 4318598.993, 78
Trd, 4318599.043, 71
Trd, 4318600.493, 140
Trd, 4318600.943, 117
Trd, 4318601.993, 123
Trd, 4318602.293, 92
Trd, 4318603.893, 72
Trd, 4318605.143, 122
Trd, 4318605.443, 93
Trd, 4318605.993, 112
Trd, 4318606.343, 134
Trd, 4318607.943, 119
Trd, 4318608.443, 121
Trd, 4318608.543, 117
Trd, 4318609.743, 111
Trd, 4318610.543, 138
Trd, 4318611.093, 90
Trd, 4318613.543, 114
Trd, 4318614.593, 122
Trd, 4318614.693, 119
Trd, 4318614.943, 106
Trd, 4318615.043, 90
Trd, 4318615.543, 97
Trd, 4318616.243, 107
Trd, 4318616.993, 107
Trd, 4318618.293, 85
Trd, 4318618.593, 66
Trd, 4318618.843, 104
Trd, 4318619.043, 130
Trd, 4318619.093, 120
Trd, 4318620.393, 120
Trd, 4318622.393, 127
Trd, 4318622.693, 115
Trd, 4318623.143, 130
Trd, 4318624.343, 111
Trd, 4318625.843, 120
Trd, 4318626.443, 102
Trd, 4318627.743, 99
Trd, 4318628.393, 96
Trd, 4318628.693, 86
Trd, 4318629.093, 125
Trd, 4318629.493, 71
Trd, 4318630.393, 100
Trd, 4318630.893, 125
Trd, 4318632.343, 62
Trd, 4318632.493, 88
Trd, 4318633.793, 77
Trd, 4318634.393, 61
Trd, 4318636.943, 96
Trd, 4318637.193, 91
Trd, 4318638.493, 110
Trd, 4318638.593, 84
Trd, 4318639.093, 97
Trd, 4318639.443, 89
Trd, 4318639.643, 104
Trd, 4318640.393, 122
Trd, 4318641.243, 91
Trd, 4318643.193, 111
Trd, 4318643.693, 138
Trd, 4318644.393, 122
Trd, 4318644.793, 103
Trd, 4318645.393, 71
Trd, 4318646.943, 133
Trd, 4318647.243, 129
Trd, 4318647.493, 110
Trd, 4318648.043, 73
Trd, 4318648.843, 98
Trd, 4318649.493, 87
Trd, 4318649.543, 114
Trd, 4318650.593, 89
Trd, 4318650.943, 72
Trd, 4318652.243, 122
Trd, 4318654.193, 73
Trd, 4318654.693, 75
Trd, 4318655.543, 123
Trd, 4318657.143, 114
Trd, 4318658.143, 126
Trd, 4318658.243, 114
Trd, 4318658.293, 111
Trd, 4318659.343, 105
Trd, 4318659.643, 88
Trd, 4318659.693, 83
Trd, 4318659.793, 82
Trd, 4318661.243, 127
Trd, 4318661.543, 122
Trd, 4318662.343, 124
Trd, 4318663.093, 104
Trd, 4318663.343, 112
Trd, 4318664.543, 106
Trd, 4318665.043, 129
Trd, 4318666.393, 107
Trd, 4318666.843, 62
Trd, 4318667.593, 70
Trd, 4318668.893, 119
Trd, 4318669.693, 112
Trd, 4318670.393, 109
Trd, 4318670.643, 106
Trd, 4318670.893, 114
Trd, 4318671.593, 119
Trd, 4318671.843, 124
Trd, 4318672.193, 97
Trd, 4318673.043, 82
Trd, 4318673.893, 98
Trd, 4318674.643, 128
Trd, 4318675.993, 84
Trd, 4318676.293, 111
Trd, 4318678.343, 118
Trd, 4318678.793, 133
Trd, 4318679.743, 113
Trd, 4318680.793, 104
Trd, 4318680.943, 104
Trd, 4318681.943, 101
Trd, 4318682.993, 94
Trd, 4318683.793, 101
Trd, 4318684.593, 93
Trd, 4318684.893, 116
Trd, 4318685.393, 115
Trd, 4318685.943, 118
Trd, 4318686.443, 140
Trd, 4318686.693, 91
Trd, 4318687.493, 100
Trd, 4318688.593, 80
Trd, 4318688.943, 91
Trd, 4318690.393, 134
Trd, 4318691.293, 114
Trd, 4318692.343, 105
Trd, 4318693.343, 117
Trd, 4318693.593, 126
Trd, 4318694.443, 135
Trd, 4318694.843, 119
Trd, 4318695.193, 139
Trd, 4318695.543, 140
Trd, 4318697.343, 105
Trd, 4318698.443, 133
Trd, 4318698.543, 137
Trd, 4318699.893, 122
Trd, 4318700.243, 96
Trd, 4318700.743, 121
Trd, 4318701.443, 114
Trd, 4318701.743, 93
Trd, 4318702.643, 87
Trd, 4318702.843, 103
Trd, 4318703.893, 98
Trd, 4318704.393, 127
Trd, 4318705.543, 138
Trd, 4318706.943, 112
Trd, 4318706.993, 104
Trd, 4318707.543, 120
Trd, 4318707.793, 101
Trd, 4318708.843, 66
Trd, 4318709.893, 99
Trd, 4318712.193, 66
Trd, 4318713.843, 73
Trd, 4318714.043, 89
Trd, 4318714.093, 107
Trd, 4318714.443, 90
Trd, 4318714.493, 66
Trd, 4318714.593, 124
Trd, 4318715.043, 75
Trd, 4318715.493, 77
Trd, 4318716.693, 135
Trd, 4318718.693, 63
Trd, 4318718.893, 96
Trd, 4318720.493, 123
Trd, 4318721.043, 113
Trd, 4318721.193, 107
Trd, 4318721.293, 106
Trd, 4318723.443, 140
Trd, 4318723.493, 135
Trd, 4318724.343, 128
Trd, 4318724.593, 124
Trd, 4318725.043, 115
Trd, 4318725.793, 135
Trd, 4318725.893, 116
Trd, 4318726.293, 92
Trd, 4318727.243, 107
Trd, 4318727.593, 137
Trd, 4318728.693, 109
Trd, 4318729.293, 95
Trd, 4318729.943, 110
Trd, 4318730.793, 101
Trd, 4318730.893, 93
Trd, 4318731.743, 98
Trd, 4318732.593, 95
Trd, 4318734.293, 119
Trd, 4318734.443, 97
Trd, 4318735.693, 125
Trd, 4318735.743, 87
Trd, 4318735.893, 81
Trd, 4318736.793, 125
Trd, 4318736.943, 97
Trd, 4318738.293, 61
Trd, 4318738.443, 121
Trd, 4318740.143, 139
Trd, 4318740.443, 131
Trd, 4318741.993, 119
Trd, 4318742.593, 105
Trd, 4318743.643, 102
Trd, 4318744.143, 113
Trd, 4318745.143, 94
Trd, 4318746.143, 76
Trd, 4318746.293, 70
Trd, 4318746.543, 87
Trd, 4318746.943, 128
Trd, 4318747.443, 89
Trd, 4318748.143, 110
Trd, 4318749.493, 102
Trd, 4318749.743, 112
Trd, 4318750.643, 140
Trd, 4318751.293, 139
Trd, 4318751.443, 119
Trd, 4318752.693, 129
Trd, 4318752.793, 130
Trd, 4318754.243, 74
Trd, 4318754.893, 72
Trd, 4318755.243, 128
Trd, 4318756.443, 95
Trd, 4318756.543, 94
Trd, 4318756.893, 121
Trd, 4318757.843, 112
Trd, 4318759.993, 130
Trd, 4318761.193, 120
Trd, 4318761.243, 116
Trd, 4318762.193, 106
Trd, 4318762.343, 97
Trd, 4318763.393, 108
Trd, 4318763.793, 88
Trd, 4318764.943, 129
Trd, 4318765.593, 125
Trd, 4318766.143, 107
Trd, 4318766.793, 127
Trd, 4318767.293, 121
Trd, 4318768.443, 104
Trd, 4318768.543, 107
Trd, 4318768.643, 113
Trd, 4318769.693, 133
Trd, 4318770.793, 128
Trd, 4318770.893, 130
Trd, 4318771.043, 125
Trd, 4318771.843, 117
Trd, 4318772.343, 109
Trd, 4318773.793, 100
Trd, 4318774.043, 115
Trd, 4318775.143, 98
Trd, 4318775.193, 91
Trd, 4318775.943, 130
Trd, 4318777.043, 120
Trd, 4318777.643, 116
Trd, 4318779.493, 97
Trd, 4318779.543, 79
Trd, 4318779.793, 117
Trd, 4318779.843, 78
Trd, 4318781.643, 74
Trd, 4318781.743, 88
Trd, 4318782.693, 97
Trd, 4318783.543, 62
Trd, 4318783.643, 85
Trd, 4318784.393, 115
Trd, 4318784.593, 90
Trd, 4318785.893, 121
Trd, 4318785.993, 117
Trd, 4318787.143, 120
Trd, 4318787.543, 115
Trd, 4318787.693, 117
Trd, 4318788.193, 99
Trd, 4318789.243, 101
Trd, 4318789.443, 101
Trd, 4318790.043, 89
Trd, 4318790.943, 113
Trd, 4318791.393, 91
Trd, 4318792.643, 137
Trd, 4318792.743, 122
Trd, 4318793.143, 104
Trd, 4318795.143, 115
Trd, 4318795.293, 116
Trd, 4318795.843, 135
Trd, 4318796.043, 127
Trd, 4318797.193, 114
Trd, 4318798.093, 104
Trd, 4318798.643, 115
Trd, 4318798.893, 107
Trd, 4318800.293, 87
Trd, 4318800.393, 79
Trd, 4318800.493, 78
Trd, 4318800.743, 102
Trd, 4318801.243, 108
Trd, 4318801.793, 72
Trd, 4318802.793, 61
Trd, 4318804.693, 133
Trd, 4318805.043, 129
Trd, 4318805.093, 123
Trd, 4318807.043, 110
Trd, 4318807.893, 91
Trd, 4318807.943, 87
Trd, 4318809.143, 99
Trd, 4318809.393, 111
Trd, 4318810.293, 88
Trd, 4318810.643, 100
Trd, 4318811.543, 109
Trd, 4318811.843, 137
Trd, 4318811.993, 99
Trd, 4318812.393, 130
Trd, 4318813.693, 131
Trd, 4318814.643, 129
Trd, 4318816.043, 110
Trd, 4318816.393, 139
Trd, 4318817.093, 125
Trd, 4318817.393, 87
Trd, 4318819.693, 100
Trd, 4318820.643, 86
Trd, 4318821.043, 82
Trd, 4318822.193, 73
Trd, 4318822.843, 63
Trd, 4318822.993, 88
Trd, 4318823.643, 67
Trd, 4318823.943, 75
Trd, 4318824.643, 80
Trd, 4318825.093, 134
Trd, 4318825.493, 135
Trd, 4318825.993, 129
Trd, 4318827.093, 115
Trd, 4318827.193, 123
Trd, 4318827.643, 112
Trd, 4318829.643, 109
Trd, 4318829.693, 108
Trd, 4318829.793, 106
Trd, 4318830.443, 98
Trd, 4318831.593, 89
Trd, 4318832.143, 132
Trd, 4318832.443, 109
Trd, 4318832.493, 88
Trd, 4318833.243, 100
Trd, 4318833.343, 117
Trd, 4318833.943, 114
Trd, 4318835.343, 92
Trd, 4318836.943, 74
Trd, 4318837.243, 72
Trd, 4318837.343, 95
Trd, 4318837.743, 118
Trd, 4318838.743, 119
Trd, 4318838.893, 93
Trd, 4318839.193, 137
Trd, 4318839.643, 113
Trd, 4318840.293, 116
Trd, 4318841.593, 81
Trd, 4318842.293, 73
Trd, 4318842.443, 72
Trd, 4318843.793, 139
Trd, 4318843.943, 116
Trd, 4318845.393, 126
Trd, 4318845.893, 121
Trd, 4318846.943, 98
Trd, 4318847.093, 102
Trd, 4318848.743, 110
Trd, 4318850.393, 124
Trd, 4318850.443, 120
Trd, 4318850.543, 109
Trd, 4318851.443, 119
Trd, 4318852.393, 115
Trd, 4318852.943, 123
Trd, 4318853.693, 108
Trd, 4318854.143, 96
Trd, 4318854.293, 107
Trd, 4318855.393, 66
Trd, 4318855.543, 90
Trd, 4318856.493, 134
Trd, 4318858.593, 135
Trd, 4318858.843, 103
Trd, 4318858.893, 100
Trd, 4318859.393, 81
Trd, 4318860.193, 137
Trd, 4318860.493, 136
Trd, 4318861.093, 140
Trd, 4318861.593, 129
Trd, 4318862.643, 95
Trd, 4318863.093, 114
Trd, 4318864.543, 76
Trd, 4318865.193, 85
Trd, 4318865.343, 85
Trd, 4318865.393, 74
Trd, 4318866.593, 78
Trd, 4318867.543, 98
Trd, 4318868.793, 132
Trd, 4318870.293, 128
Trd, 4318870.843, 134
Trd, 4318871.343, 95
Trd, 4318872.543, 140
Trd, 4318872.743, 111
Trd, 4318872.793, 98
Trd, 4318872.843, 94
Trd, 4318873.543, 84
Trd, 4318874.043, 65
Trd, 4318875.793, 68
Trd, 4318876.893, 118
Trd, 4318877.293, 109
Trd, 4318877.843, 105
Trd, 4318878.343, 110
Trd, 4318879.243, 77
Trd, 4318879.693, 74
Trd, 4318880.193, 111
Trd, 4318881.643, 109
Trd, 4318881.743, 109
Trd, 4318881.893, 97
Trd, 4318883.343, 122
Trd, 4318883.643, 81
Trd, 4318884.943, 112
Trd, 4318885.693, 105
Trd, 4318886.143, 116
Trd, 4318886.593, 110
Trd, 4318888.393, 114
Trd, 4318888.693, 112
Trd, 4318888.943, 122
Trd, 4318890.093, 96
Trd, 4318890.293, 109
Trd, 4318890.843, 79
Trd, 4318891.043, 71
Trd, 4318891.543, 78
Trd, 4318892.143, 70
Trd, 4318893.743, 88
Trd, 4318893.843, 74
Trd, 4318894.793, 64
Trd, 4318895.893, 62
Trd, 4318896.243, 66
Trd, 4318897.043, 76
Trd, 4318898.393, 85
Trd, 4318899.493, 124
Trd, 4318899.793, 105
Trd, 4318901.193, 126
Trd, 4318901.243, 124
Trd, 4318901.343, 122
Trd, 4318901.993, 121
Trd, 4318902.393, 118
Trd, 4318903.043, 67
Trd, 4318904.493, 113
Trd, 4318904.943, 68
Trd, 4318906.093, 131
Trd, 4318906.743, 97
Trd, 4318907.393, 103
Trd, 4318907.843, 60
Trd, 4318909.543, 108
Trd, 4318912.043, 74
Trd, 4318912.293, 76
Trd, 4318913.343, 70
Trd, 4318915.743, 125
Trd, 4318915.793, 124
Trd, 4318916.693, 103
Trd, 4318916.743, 102
Trd, 4318917.043, 115
Trd, 4318917.093, 104
Trd, 4318917.143, 76
Trd, 4318917.893, 76
Trd, 4318917.943, 91
Trd, 4318918.543, 114
Trd, 4318920.743, 134
Trd, 4318920.893, 130
Trd, 4318921.793, 115
Trd, 4318922.193, 109
Trd, 4318922.943, 130
Trd, 4318924.343, 114
Trd, 4318925.793, 137
Trd, 4318925.943, 134
Trd, 4318927.243, 133
Trd, 4318927.993, 125
Trd, 4318928.093, 100
Trd, 4318928.343, 133
Trd, 4318928.543, 135
Trd, 4318928.893, 65
Trd, 4318931.243, 79
Trd, 4318931.493, 67
Trd, 4318933.193, 65
Trd, 4318933.693, 105
Trd, 4318935.043, 117
Trd, 4318935.543, 115
Trd, 4318935.743, 88
Trd, 4318936.193, 99
Trd, 4318937.543, 117
Trd, 4318939.093, 139
Trd, 4318940.593, 125
Trd, 4318940.943, 137
Trd, 4318941.993, 129
Trd, 4318942.943, 128
Trd, 4318943.493, 112
Trd, 4318944.393, 140
Trd, 4318945.493, 122
Trd, 4318945.693, 96
Trd, 4318946.043, 79
Trd, 4318947.393, 115
Trd, 4318947.743, 138
Trd, 4318948.443, 105
Trd, 4318948.843, 92
Trd, 4318948.943, 89
Trd, 4318948.993, 75
Trd, 4318949.843, 117
Trd, 4318950.343, 140
Trd, 4318950.893, 94
Trd, 4318951.793, 134
Trd, 4318952.193, 128
Trd, 4318953.643, 64
Trd, 4318954.093, 104
Trd, 4318955.093, 102
Trd, 4318955.643, 105
Trd, 4318956.293, 100
Trd, 4318956.543, 71
Trd, 4318957.893, 61
Trd, 4318958.193, 109
Trd, 4318959.093, 62
Trd, 4318960.243, 125
Trd, 4318960.643, 84
Trd, 4318960.743, 70
Trd, 4318962.643, 125
Trd, 4318963.443, 117
Trd, 4318963.893, 85
Trd, 4318964.593, 123
Trd, 4318965.843, 91
Trd, 4318965.943, 91
Trd, 4318966.643, 89
Trd, 4318967.693, 81
Trd, 4318968.693, 71
Trd, 4318968.843, 101
Trd, 4318969.443, 63
Trd, 4318970.243, 84
Trd, 4318971.893, 85
Trd, 4318971.943, 108
Trd, 4318972.843, 128
Trd, 4318973.993, 139
Trd, 4318974.193, 131
Trd, 4318974.943, 101
Trd, 4318977.593, 138
Trd, 4318978.243, 135
Trd, 4318978.743, 91
Trd, 4318979.343, 94
Trd, 4318979.643, 122
Trd, 4318980.993, 130
Trd, 4318981.643, 136
Trd, 4318981.943, 86
Trd, 4318983.493, 101
Trd, 4318983.543, 80
Trd, 4318984.093, 140
Trd, 4318984.293, 126
Trd, 4318986.193, 114
Trd, 4318986.743, 89
Trd, 4318987.593, 77
Trd, 4318988.743, 120
Trd, 4318990.043, 133
Trd, 4318990.643, 83
Trd, 4318990.993, 85
Trd, 4318992.043, 108
Trd, 4318993.543, 106
Trd, 4318994.443, 106
Trd, 4318995.093, 107
Trd, 4318995.243, 128
Trd, 4318995.543, 84
Trd, 4318996.443, 138
Trd, 4318997.293, 118
Trd, 4318997.843, 124
Trd, 4318997.893, 122
Trd, 4318998.143, 100
Trd, 4318999.293, 129
Trd, 4318999.793, 125
Trd, 4319001.193, 122
Trd, 4319001.893, 116
Trd, 4319003.593, 137
Trd, 4319004.243, 85
Trd, 4319004.393, 82
Trd, 4319005.593, 126
Trd, 4319006.343, 84
Trd, 4319008.143, 128
Trd, 4319008.243, 124
Trd, 4319008.793, 131
Trd, 4319008.893, 105
Trd, 4319009.443, 123
Trd, 4319009.543, 127
Trd, 4319010.693, 130
Trd, 4319011.443, 91
Trd, 4319011.893, 72
Trd, 4319012.693, 95
Trd, 4319012.993, 115
Trd, 4319013.893, 94
Trd, 4319014.543, 106
Trd, 4319014.843, 129
Trd, 4319014.943, 93
Trd, 4319017.593, 97
Trd, 4319017.893, 135
Trd, 4319018.343, 126
Trd, 4319018.793, 93
Trd, 4319018.993, 92
Trd, 4319021.293, 114
Trd, 4319021.793, 125
Trd, 4319021.893, 94
Trd, 4319022.143, 138
Trd, 4319023.243, 120
Trd, 4319023.643, 90
Trd, 4319024.943, 84
Trd, 4319024.993, 126
Trd, 4319025.343, 119
Trd, 4319025.643, 129
Trd, 4319027.193, 116
Trd, 4319027.643, 115
Trd, 4319028.043, 114
Trd, 4319029.243, 106
Trd, 4319029.443, 103
Trd, 4319029.643, 119
Trd, 4319030.543, 88
Trd, 4319031.443, 103
Trd, 4319032.643, 101
Trd, 4319034.593, 128
Trd, 4319034.943, 124
Trd, 4319035.193, 113
Trd, 4319035.543, 98
Trd, 4319036.643, 136
Trd, 4319036.943, 122
Trd, 4319036.993, 119
Trd, 4319037.343, 94
Trd, 4319038.643, 96
Trd, 4319039.093, 90
Trd, 4319039.793, 107
Trd, 4319041.043, 123
Trd, 4319042.143, 135
Trd, 4319042.493, 133
Trd, 4319042.543, 129
Trd, 4319042.743, 107
Trd, 4319043.793, 136
Trd, 4319045.343, 128
Trd, 4319045.393, 122
Trd, 4319046.443, 124
Trd, 4319046.493, 116
Trd, 4319046.543, 88
Trd, 4319046.743, 87
Trd, 4319048.543, 120
Trd, 4319048.743, 104
Trd, 4319050.393, 128
Trd, 4319050.493, 100
Trd, 4319051.143, 110
Trd, 4319051.993, 94
Trd, 4319052.293, 105
Trd, 4319052.693, 64
Trd, 4319054.543, 137
Trd, 4319055.143, 126
Trd, 4319056.643, 124
Trd, 4319057.093, 114
Trd, 4319057.693, 100
Trd, 4319057.843, 92
Trd, 4319058.643, 137
Trd, 4319059.043, 77
Trd, 4319059.893, 94
Trd, 4319061.593, 133
Trd, 4319061.793, 127
Trd, 4319062.043, 119
Trd, 4319062.843, 116
Trd, 4319063.143, 112
Trd, 4319063.693, 103
Trd, 4319064.393, 76
Trd, 4319064.843, 90
Trd, 4319065.593, 77
Trd, 4319065.893, 83
Trd, 4319066.893, 108
Trd, 4319067.743, 73
Trd, 4319068.243, 117
Trd, 4319068.543, 85
Trd, 4319070.093, 111
Trd, 4319071.143, 114
Trd, 4319071.893, 129
Trd, 4319072.093, 105
Trd, 4319072.543, 102
Trd, 4319072.843, 131
Trd, 4319073.443, 129
Trd, 4319073.543, 87
Trd, 4319074.743, 64
Trd, 4319076.243, 122
Trd, 4319077.243, 118
Trd, 4319077.643, 128
Trd, 4319078.043, 115
Trd, 4319078.993, 99
Trd, 4319079.893, 88
Trd, 4319080.043, 109
Trd, 4319081.443, 120
Trd, 4319081.943, 96
Trd, 4319082.493, 69
Trd, 4319082.993, 139
Trd, 4319083.493, 125
Trd, 4319084.343, 79
Trd, 4319084.443, 93
Trd, 4319085.143, 119
Trd, 4319087.093, 119
Trd, 4319087.643, 107
Trd, 4319089.593, 123
Trd, 4319089.943, 129
Trd, 4319089.993, 96
Trd, 4319090.493, 118
Trd, 4319091.643, 66
Trd, 4319092.493, 137
Trd, 4319092.743, 115
Trd, 4319092.893, 108
Trd, 4319094.993, 104
Trd, 4319095.293, 92
Trd, 4319096.343, 119
Trd, 4319097.293, 95
Trd, 4319097.493, 129
Trd, 4319097.743, 86
Trd, 4319098.343, 126
Trd, 4319099.243, 101
Trd, 4319101.093, 136
Trd, 4319101.193, 132
Trd, 4319102.893, 129
Trd, 4319104.293, 133
Trd, 4319104.743, 131
Trd, 4319105.693, 124
Trd, 4319106.093, 97
Trd, 4319106.243, 126
Trd, 4319106.693, 137
Trd, 4319106.893, 89
Trd, 4319107.443, 107
Trd, 4319107.693, 114
Trd, 4319109.493, 118
Trd, 4319110.043, 132
Trd, 4319111.093, 104
Trd, 4319111.793, 121
Trd, 4319112.393, 79
Trd, 4319113.743, 100
Trd, 4319114.093, 120
Trd, 4319115.193, 117
Trd, 4319115.443, 92
Trd, 4319116.393, 101
Trd, 4319116.443, 126
Trd, 4319116.793, 104
Trd, 4319117.243, 131
Trd, 4319119.543, 105
Trd, 4319120.093, 107
Trd, 4319121.093, 119
Trd, 4319121.993, 120
Trd, 4319122.543, 113
Trd, 4319122.943, 101
Trd, 4319123.743, 90
Trd, 4319123.843, 114
Trd, 4319124.793, 78
Trd, 4319124.843, 96
Trd, 4319125.393, 82
Trd, 4319125.943, 102
Trd, 4319126.293, 79
Trd, 4319127.043, 72
Trd, 4319127.093, 94
Trd, 4319128.693, 79
Trd, 4319129.393, 109
Trd, 4319129.993, 70
Trd, 4319130.793, 77
Trd, 4319131.543, 119
Trd, 4319132.043, 97
Trd, 4319133.043, 104
Trd, 4319134.643, 130
Trd, 4319135.543, 123
Trd, 4319135.643, 77
Trd, 4319136.943, 109
Trd, 4319137.093, 104
Trd, 4319137.993, 122
Trd, 4319138.443, 122
Trd, 4319138.693, 108
Trd, 4319139.393, 89
Trd, 4319140.293, 113
Trd, 4319140.493, 110
Trd, 4319140.543, 96
Trd, 4319140.893, 80
Trd, 4319142.393, 135
Trd, 4319143.293, 127
Trd, 4319144.093, 137
Trd, 4319144.143, 100
Trd, 4319144.643, 104
Trd, 4319145.493, 115
Trd, 4319147.193, 60
Trd, 4319147.793, 76
Trd, 4319148.893, 94
Trd, 4319149.343, 130
Trd, 4319149.693, 99
Trd, 4319150.393, 93
Trd, 4319150.643, 93
Trd, 4319150.693, 97
Trd, 4319151.693, 82
Trd, 4319152.793, 117
Trd, 4319153.143, 76
Trd, 4319154.543, 73
Trd, 4319154.593, 67
Trd, 4319155.243, 82
Trd, 4319155.493, 88
Trd, 4319157.893, 108
Trd, 4319158.543, 135
Trd, 4319158.893, 119
Trd, 4319159.693, 139
Trd, 4319159.943, 95
Trd, 4319162.193, 112
Trd, 4319162.493, 127
Trd, 4319162.893, 103
Trd, 4319163.093, 123
Trd, 4319163.693, 71
Trd, 4319163.893, 77
Trd, 4319163.993, 78
Trd, 4319164.643, 90
Trd, 4319166.543, 89
Trd, 4319167.143, 113
Trd, 4319167.593, 120
Trd, 4319167.793, 108
Trd, 4319168.343, 86
Trd, 4319169.043, 87
Trd, 4319169.443, 73
Trd, 4319170.343, 118
Trd, 4319170.793, 125
Trd, 4319171.493, 79
Trd, 4319173.543, 114
Trd, 4319173.843, 129
Trd, 4319174.043, 104
Trd, 4319174.293, 101
Trd, 4319174.793, 132
Trd, 4319175.243, 107
Trd, 4319176.143, 61
Trd, 4319177.193, 90
Trd, 4319178.543, 92
Trd, 4319178.843, 80
Trd, 4319179.243, 84
Trd, 4319179.993, 111
Trd, 4319180.193, 115
Trd, 4319180.293, 120
Trd, 4319180.443, 97
Trd, 4319181.593, 103
Trd, 4319181.743, 102
Trd, 4319182.243, 125
Trd, 4319182.643, 79
Trd, 4319184.093, 136
Trd, 4319184.693, 128
Trd, 4319185.843, 102
Trd, 4319186.093, 94
Trd, 4319186.793, 107
Trd, 4319187.843, 125
Trd, 4319188.743, 120
Trd, 4319189.493, 104
Trd, 4319189.693, 81
Trd, 4319190.193, 93
Trd, 4319193.143, 131
Trd, 4319193.743, 138
Trd, 4319193.793, 130
Trd, 4319194.143, 98
Trd, 4319195.493, 119
Trd, 4319195.943, 116
Trd, 4319196.643, 96
Trd, 4319196.943, 135
Trd, 4319198.043, 117
Trd, 4319198.943, 111
Trd, 4319199.143, 90
Trd, 4319199.593, 87
Trd, 4319200.393, 101
Trd, 4319201.393, 83
Trd, 4319201.743, 87
Trd, 4319201.793, 83
Trd, 4319202.093, 129
Trd, 4319204.243, 122
Trd, 4319204.293, 134
Trd, 4319204.593, 103
Trd, 4319206.093, 110
Trd, 4319206.343, 104
Trd, 4319206.543, 116
Trd, 4319206.993, 104
Trd, 4319208.193, 132
Trd, 4319208.393, 102
Trd, 4319208.743, 94
Trd, 4319208.993, 93
Trd, 4319209.743, 89
Trd, 4319211.193, 107
Trd, 4319214.393, 132
Trd, 4319214.443, 130
Trd, 4319214.543, 130
Trd, 4319214.843, 138
Trd, 4319215.193, 94
Trd, 4319216.543, 89
Trd, 4319217.493, 93
Trd, 4319218.993, 108
Trd, 4319219.643, 138
Trd, 4319219.793, 134
Trd, 4319221.243, 114
Trd, 4319221.593, 135
Trd, 4319222.443, 76
Trd, 4319224.243, 121
Trd, 4319224.693, 102
Trd, 4319224.843, 99
Trd, 4319224.993, 84
Trd, 4319225.543, 120
Trd, 4319226.443, 109
Trd, 4319227.293, 104
Trd, 4319227.693, 109
Trd, 4319227.743, 101
Trd, 4319228.193, 75
Trd, 4319229.343, 63
Trd, 4319229.493, 70
Trd, 4319229.543, 91
Trd, 4319230.343, 97
Trd, 4319231.393, 86
Trd, 4319233.043, 66
Trd, 4319233.193, 72
Trd, 4319234.793, 128
Trd, 4319234.943, 127
Trd, 4319235.343, 111
Trd, 4319235.543, 108
Trd, 4319236.893, 93
Trd, 4319236.943, 116
Trd, 4319238.393, 136
Trd, 4319238.443, 115
Trd, 4319238.893, 108
Trd, 4319239.293, 138
Trd, 4319239.393, 91
Trd, 4319240.743, 123
Trd, 4319241.143, 128
Trd, 4319241.893, 82
Trd, 4319243.143, 104
Trd, 4319244.143, 78
Trd, 4319245.143, 89
Trd, 4319245.543, 98
Trd, 4319245.843, 89
Trd, 4319246.443, 119
Trd, 4319247.343, 90
Trd, 4319247.543, 94
Trd, 4319249.043, 72
Trd, 4319249.843, 113
Trd, 4319250.343, 111
Trd, 4319250.493, 115
Trd, 4319250.843, 102
Trd, 4319251.143, 120
Trd, 4319251.843, 133
Trd, 4319252.093, 90
Trd, 4319252.693, 98
Trd, 4319253.193, 114
Trd, 4319253.443, 104
Trd, 4319254.193, 140
Trd, 4319254.843, 116
Trd, 4319256.043, 96
Trd, 4319256.543, 108
Trd, 4319257.343, 140
Trd, 4319258.293, 95
Trd, 4319258.943, 88
Trd, 4319259.543, 91
Trd, 4319260.443, 130
Trd, 4319261.893, 67
Trd, 4319262.043, 80
Trd, 4319262.393, 92
Trd, 4319262.843, 88
Trd, 4319263.743, 93
Trd, 4319264.243, 88
Trd, 4319264.443, 71
Trd, 4319265.493, 95
Trd, 4319266.493, 111
Trd, 4319266.593, 78
Trd, 4319267.093, 128
Trd, 4319267.843, 73
Trd, 4319268.093, 61
Trd, 4319269.393, 131
Trd, 4319270.093, 123
Trd, 4319270.843, 118
Trd, 4319271.343, 133
Trd, 4319271.593, 111
Trd, 4319271.693, 88
Trd, 4319272.193, 67
Trd, 4319273.093, 60
Trd, 4319273.993, 115
Trd, 4319274.493, 63
Trd, 4319275.793, 97
Trd, 4319276.693, 103
Trd, 4319276.993, 94
Trd, 4319277.193, 125
Trd, 4319278.093, 69
Trd, 4319278.643, 104
Trd, 4319279.593, 61
Trd, 4319281.393, 140
Trd, 4319281.993, 136
Trd, 4319282.143, 132
Trd, 4319282.443, 114
Trd, 4319283.293, 102
Trd, 4319283.543, 98
Trd, 4319284.143, 99
Trd, 4319285.693, 110
Trd, 4319286.293, 137
Trd, 4319286.693, 92
Trd, 4319287.143, 89
Trd, 4319288.693, 137
Trd, 4319289.493, 106
Trd, 4319289.543, 88
Trd, 4319290.293, 105
Trd, 4319290.643, 138
Trd, 4319291.343, 114
Trd, 4319292.143, 127
Trd, 4319292.943, 95
Trd, 4319293.493, 131
Trd, 4319294.143, 98
Trd, 4319294.543, 82
Trd, 4319296.143, 127
Trd, 4319297.143, 125
Trd, 4319298.393, 93
Trd, 4319298.693, 95
Trd, 4319300.843, 120
Trd, 4319301.543, 140
Trd, 4319302.343, 131
Trd, 4319302.443, 129
Trd, 4319302.643, 112
Trd, 4319303.293, 126
Trd, 4319303.443, 136
Trd, 4319303.893, 104
Trd, 4319304.193, 85
Trd, 4319305.393, 67
Trd, 4319306.193, 70
Trd, 4319307.193, 120
Trd, 4319307.293, 117
Trd, 4319307.793, 67
Trd, 4319308.193, 76
Trd, 4319310.543, 138
Trd, 4319310.643, 131
Trd, 4319311.343, 73
Trd, 4319311.743, 85
Trd, 4319311.993, 99
Trd, 4319312.043, 101
Trd, 4319312.543, 100
Trd, 4319313.043, 92
Trd, 4319313.393, 125
Trd, 4319313.793, 77
Trd, 4319315.843, 117
Trd, 4319316.093, 115
Trd, 4319317.393, 125
Trd, 4319318.243, 111
Trd, 4319319.593, 115
Trd, 4319319.793, 109
Trd, 4319320.093, 116
Trd, 4319321.093, 138
Trd, 4319321.843, 87
Trd, 4319322.143, 84
Trd, 4319322.343, 117
Trd, 4319323.043, 128
Trd, 4319323.443, 134
Trd, 4319325.793, 123
Trd, 4319325.843, 116
Trd, 4319326.243, 117
Trd, 4319326.443, 106
Trd, 4319327.293, 96
Trd, 4319327.743, 87
Trd, 4319329.693, 68
Trd, 4319330.843, 76
Trd, 4319331.193, 62
Trd, 4319331.643, 80
Trd, 4319332.343, 125
Trd, 4319332.643, 121
Trd, 4319332.693, 86
Trd, 4319333.243, 125
Trd, 4319333.443, 81
Trd, 4319334.943, 88
Trd, 4319335.493, 87
Trd, 4319336.193, 119
Trd, 4319336.793, 137
Trd, 4319338.243, 137
Trd, 4319338.593, 124
Trd, 4319338.843, 108
Trd, 4319339.243, 127
Trd, 4319340.693, 105
Trd, 4319340.893, 112
Trd, 4319342.343, 98
Trd, 4319342.643, 123
Trd, 4319342.893, 113
Trd, 4319342.993, 82
Trd, 4319344.293, 129
Trd, 4319345.393, 86
Trd, 4319346.693, 93
Trd, 4319346.893, 78
Trd, 4319346.993, 76
Trd, 4319347.443, 97
Trd, 4319347.893, 105
Trd, 4319348.393, 112
Trd, 4319349.393, 108
Trd, 4319350.893, 90
Trd, 4319350.943, 89
Trd, 4319352.343, 123
Trd, 4319352.893, 133
Trd, 4319353.243, 129
Trd, 4319353.793, 136
Trd, 4319354.643, 129
Trd, 4319355.293, 90
Trd, 4319356.743, 101
Trd, 4319357.143, 98
Trd, 4319357.793, 106
Trd, 4319357.993, 85
Trd, 4319359.243, 138
Trd, 4319359.493, 124
Trd, 4319359.793, 110
Trd, 4319360.443, 125
Trd, 4319362.143, 132
Trd, 4319362.393, 93
Trd, 4319363.243, 126
Trd, 4319363.893, 115
Trd, 4319364.143, 103
Trd, 4319364.643, 116
Trd, 4319365.143, 127
Trd, 4319365.493, 85
Trd, 4319365.793, 84
Trd, 4319365.993, 71
Trd, 4319368.243, 127
Trd, 4319368.443, 104
Trd, 4319368.593, 102
Trd, 4319369.043, 133
Trd, 4319370.493, 122
Trd, 4319371.643, 117
Trd, 4319373.043, 136
Trd, 4319373.543, 96
Trd, 4319375.993, 139
Trd, 4319376.043, 114
Trd, 4319377.493, 110
Trd, 4319377.993, 99
Trd, 4319378.043, 93
Trd, 4319378.443, 134
Trd, 4319379.793, 99
Trd, 4319379.843, 96
Trd, 4319379.893, 88
Trd, 4319380.943, 132
Trd, 4319381.143, 101
Trd, 4319382.843, 115
Trd, 4319382.943, 104
Trd, 4319385.193, 111
Trd, 4319385.243, 98
Trd, 4319386.493, 120
Trd, 4319387.593, 140
Trd, 4319387.643, 116
Trd, 4319388.443, 110
Trd, 4319388.943, 96
Trd, 4319389.193, 115
Trd, 4319389.543, 93
Trd, 4319390.743, 72
Trd, 4319390.843, 98
Trd, 4319391.993, 62
Trd, 4319394.143, 93
Trd, 4319394.443, 89
Trd, 4319395.043, 88
Trd, 4319395.093, 87
Trd, 4319395.243, 69
Trd, 4319396.093, 93
Trd, 4319396.343, 74
Trd, 4319397.493, 100
Trd, 4319397.793, 82
Trd, 4319399.443, 76
Trd, 4319399.693, 92
Trd, 4319400.843, 69
Trd, 4319400.893, 120
Trd, 4319401.093, 114
Trd, 4319401.443, 104
Trd, 4319401.593, 125
Trd, 4319402.193, 76
Trd, 4319402.893, 116
Trd, 4319403.643, 133
Trd, 4319404.643, 126
Trd, 4319405.593, 110
Trd, 4319406.193, 108
Trd, 4319406.743, 100
Trd, 4319408.343, 117
Trd, 4319408.393, 75
Trd, 4319408.843, 72
Trd, 4319410.393, 84
Trd, 4319411.043, 78
Trd, 4319411.293, 75
Trd, 4319411.693, 104
Trd, 4319411.993, 70
Trd, 4319413.493, 124
Trd, 4319414.043, 121
Trd, 4319414.843, 133
Trd, 4319415.743, 85
Trd, 4319417.493, 112
Trd, 4319418.993, 119
Trd, 4319419.243, 95
Trd, 4319419.293, 92
Trd, 4319419.493, 128
Trd, 4319420.243, 82
Trd, 4319420.643, 104
Trd, 4319421.793, 100
Trd, 4319422.793, 130
Trd, 4319423.293, 108
Trd, 4319424.243, 99
Trd, 4319424.493, 124
Trd, 4319425.743, 124
Trd, 4319425.793, 114
Trd, 4319426.443, 116
Trd, 4319426.893, 87
Trd, 4319427.193, 90
Trd, 4319427.993, 110
Trd, 4319428.393, 82
Trd, 4319429.393, 81
Trd, 4319429.493, 77
Trd, 4319429.943, 109
Trd, 4319430.493, 64
Trd, 4319432.793, 125
Trd, 4319432.843, 121
Trd, 4319433.443, 114
Trd, 4319434.643, 113
Trd, 4319434.893, 111
Trd, 4319435.093, 110
Trd, 4319436.293, 130
Trd, 4319436.343, 124
Trd, 4319437.543, 127
Trd, 4319440.443, 138
Trd, 4319440.593, 121
Trd, 4319441.393, 114
Trd, 4319441.843, 104
Trd, 4319444.143, 72
Trd, 4319444.493, 71
Trd, 4319445.543, 138
Trd, 4319445.793, 114
Trd, 4319445.943, 123
Trd, 4319446.493, 83
Trd, 4319448.493, 133
Trd, 4319448.943, 126
Trd, 4319449.193, 126
Trd, 4319449.993, 131
Trd, 4319450.343, 136
Trd, 4319451.193, 90
Trd, 4319451.543, 83
Trd, 4319452.843, 116
Trd, 4319453.143, 108
Trd, 4319453.293, 109
Trd, 4319453.643, 89
Trd, 4319454.043, 81
Trd, 4319454.443, 104
Trd, 4319455.243, 119
Trd, 4319456.693, 97
Trd, 4319457.393, 95
Trd, 4319457.643, 84
Trd, 4319458.993, 98
Trd, 4319459.443, 92
Trd, 4319459.943, 117
Trd, 4319461.093, 61
Trd, 4319462.043, 66
Trd, 4319462.093, 68
Trd, 4319463.193, 112
Trd, 4319463.743, 95
Trd, 4319463.793, 93
Trd, 4319464.293, 81
Trd, 4319464.943, 105
Trd, 4319465.643, 96
Trd, 4319465.793, 77
Trd, 4319466.843, 123
Trd, 4319467.993, 140
Trd, 4319469.693, 114
Trd, 4319469.843, 98
Trd, 4319470.543, 94
Trd, 4319471.093, 104
Trd, 4319472.093, 129
Trd, 4319472.343, 114
Trd, 4319472.443, 109
Trd, 4319472.793, 104
Trd, 4319473.043, 103
Trd, 4319473.193, 120
Trd, 4319473.443, 99
Trd, 4319473.793, 63
Trd, 4319475.443, 68
Trd, 4319476.043, 129
Trd, 4319477.293, 109
Trd, 4319477.793, 103
Trd, 4319478.193, 105
Trd, 4319478.743, 120
Trd, 4319479.093, 118
Trd, 4319480.293, 135
Trd, 4319480.843, 117
Trd, 4319480.943, 98
Trd, 4319481.743, 84
Trd, 4319481.893, 78
Trd, 4319483.743, 85
Trd, 4319484.843, 81
Trd, 4319484.893, 70
Trd, 4319485.243, 68
Trd, 4319486.093, 100
Trd, 4319487.043, 67
Trd, 4319487.243, 82
Trd, 4319487.693, 84
Trd, 4319488.293, 127
Trd, 4319488.993, 121
Trd, 4319489.693, 125
Trd, 4319490.993, 121
Trd, 4319491.843, 110
Trd, 4319492.443, 130
Trd, 4319494.943, 138
Trd, 4319495.243, 135
Trd, 4319495.543, 127
Trd, 4319495.743, 92
Trd, 4319496.643, 129
Trd, 4319496.993, 116
Trd, 4319497.043, 103
Trd, 4319498.643, 126
Trd, 4319498.693, 119
Trd, 4319500.243, 94
Trd, 4319500.643, 138
Trd, 4319502.393, 81
Trd, 4319502.993, 80
Trd, 4319503.093, 64
Trd, 4319503.593, 61
Trd, 4319503.743, 77
Trd, 4319504.693, 61
Trd, 4319505.843, 127
Trd, 4319505.943, 106
Trd, 4319506.843, 79
Trd, 4319507.443, 134
Trd, 4319508.693, 124
Trd, 4319508.843, 132
Trd, 4319509.493, 99
Trd, 4319509.693, 125
Trd, 4319510.593, 115
Trd, 4319510.893, 102
Trd, 4319511.343, 101
Trd, 4319511.643, 93
Trd, 4319512.243, 60
Trd, 4319512.893, 133
Trd, 4319514.743, 126
Trd, 4319515.293, 106
Trd, 4319515.543, 82
Trd, 4319516.393, 70
Trd, 4319516.643, 77
Trd, 4319517.293, 99
Trd, 4319518.093, 125
Trd, 4319518.543, 113
Trd, 4319519.643, 127
Trd, 4319520.093, 116
Trd, 4319520.443, 104
Trd, 4319520.893, 91
Trd, 4319523.243, 107
Trd, 4319523.443, 78
Trd, 4319524.193, 118
Trd, 4319524.293, 89
Trd, 4319524.793, 70
Trd, 4319525.843, 81
Trd, 4319526.143, 65
Trd, 4319527.393, 64
Trd, 4319527.743, 85
Trd, 4319529.043, 105
Trd, 4319529.493, 99
Trd, 4319529.743, 80
Trd, 4319529.943, 75
Trd, 4319530.393, 102
Trd, 4319531.243, 124
Trd, 4319531.493, 106
Trd, 4319531.993, 96
Trd, 4319532.593, 81
Trd, 4319534.193, 92
Trd, 4319535.393, 103
Trd, 4319535.693, 109
Trd, 4319536.143, 109
Trd, 4319537.943, 107
Trd, 4319538.293, 102
Trd, 4319539.743, 97
Trd, 4319540.993, 114
Trd, 4319541.893, 98
Trd, 4319541.943, 95
Trd, 4319542.143, 122
Trd, 4319542.543, 128
Trd, 4319543.293, 120
Trd, 4319543.893, 107
Trd, 4319545.243, 75
Trd, 4319545.393, 71
Trd, 4319546.543, 100
Trd, 4319547.493, 106
Trd, 4319548.393, 125
Trd, 4319548.743, 114
Trd, 4319548.843, 95
Trd, 4319550.893, 111
Trd, 4319551.443, 136
Trd, 4319551.693, 101
Trd, 4319552.793, 120
Trd, 4319552.993, 123
Trd, 4319553.243, 134
Trd, 4319554.193, 119
Trd, 4319554.693, 113
Trd, 4319554.793, 110
Trd, 4319556.943, 122
Trd, 4319557.193, 135
Trd, 4319557.443, 118
Trd, 4319558.743, 93
Trd, 4319558.843, 74
Trd, 4319559.343, 110
Trd, 4319559.893, 98
Trd, 4319560.643, 118
Trd, 4319561.043, 100
Trd, 4319561.893, 91
Trd, 4319562.443, 74
Trd, 4319563.393, 72
Trd, 4319564.443, 100
Trd, 4319564.793, 126
Trd, 4319565.243, 132
Trd, 4319565.493, 111
Trd, 4319566.093, 111
Trd, 4319566.693, 111
Trd, 4319568.393, 81
Trd, 4319569.393, 125
Trd, 4319570.043, 94
Trd, 4319570.643, 89
Trd, 4319570.743, 108
Trd, 4319571.243, 84
Trd, 4319571.893, 73
Trd, 4319572.793, 116
Trd, 4319575.543, 127
Trd, 4319575.993, 106
Trd, 4319576.593, 137
Trd, 4319577.793, 131
Trd, 4319578.043, 127
Trd, 4319578.643, 99
Trd, 4319579.193, 108
Trd, 4319579.993, 115
Trd, 4319580.193, 104
Trd, 4319580.843, 86
Trd, 4319581.043, 67
Trd, 4319582.043, 130
Trd, 4319582.193, 120
Trd, 4319582.343, 138
Trd, 4319583.643, 128
Trd, 4319584.243, 124
Trd, 4319584.793, 97
Trd, 4319584.993, 87
Trd, 4319585.393, 117
Trd, 4319585.843, 109
Trd, 4319587.393, 108
Trd, 4319587.793, 99
Trd, 4319588.243, 131
Trd, 4319588.843, 85
Trd, 4319589.843, 79
Trd, 4319590.293, 77
Trd, 4319590.743, 94
Trd, 4319591.043, 79
Trd, 4319592.543, 67
Trd, 4319592.693, 78
Trd, 4319593.393, 83
Trd, 4319593.543, 63
Trd, 4319595.993, 72
Trd, 4319596.393, 68
Trd, 4319596.993, 89
Trd, 4319598.143, 127
Trd, 4319599.543, 131
Trd, 4319599.893, 116
Trd, 4319601.293, 102
Trd, 4319601.443, 90
Trd, 4319602.243, 137
Trd, 4319602.343, 119
Trd, 4319602.743, 105
Trd, 4319603.643, 119
Trd, 4319604.493, 133
Trd, 4319604.993, 132
Trd, 4319605.543, 121
Trd, 4319605.843, 108
Trd, 4319606.093, 101
Trd, 4319606.493, 93
Trd, 4319609.143, 91
Trd, 4319609.593, 89
Trd, 4319610.193, 138
Trd, 4319610.393, 133
Trd, 4319611.893, 138
Trd, 4319611.993, 131
Trd, 4319612.743, 106
Trd, 4319613.093, 126
Trd, 4319613.993, 138
Trd, 4319615.043, 140
Trd, 4319616.293, 123
Trd, 4319616.393, 111
Trd, 4319616.743, 93
Trd, 4319617.993, 130
Trd, 4319619.093, 129
Trd, 4319620.093, 140
Trd, 4319621.493, 136
Trd, 4319621.643, 129
Trd, 4319621.993, 134
Trd, 4319622.393, 121
Trd, 4319622.693, 121
Trd, 4319623.743, 81
Trd, 4319624.593, 80
Trd, 4319625.543, 76
Trd, 4319627.593, 77
Trd, 4319627.993, 75
Trd, 4319628.543, 89
Trd, 4319628.643, 103
Trd, 4319628.693, 78
Trd, 4319629.143, 95
Trd, 4319631.343, 116
Trd, 4319631.693, 113
Trd, 4319633.843, 131
Trd, 4319634.143, 130
Trd, 4319634.743, 127
Trd, 4319634.943, 117
Trd, 4319635.143, 129
Trd, 4319635.443, 91
Trd, 4319636.393, 63
Trd, 4319636.793, 95
Trd, 4319637.543, 92
Trd, 4319638.743, 109
Trd, 4319639.293, 77
Trd, 4319639.443, 95
Trd, 4319640.243, 89
Trd, 4319640.793, 89
Trd, 4319641.693, 124
Trd, 4319641.743, 109
Trd, 4319643.193, 87
Trd, 4319643.593, 128
Trd, 4319643.943, 92
Trd, 4319644.593, 134
Trd, 4319645.243, 91
Trd, 4319646.043, 101
Trd, 4319647.443, 117
Trd, 4319648.093, 131
Trd, 4319648.593, 117
Trd, 4319649.093, 96
Trd, 4319649.593, 135
Trd, 4319650.643, 120
Trd, 4319650.793, 99
Trd, 4319651.143, 95
Trd, 4319652.593, 139
Trd, 4319652.643, 132
Trd, 4319653.743, 85
Trd, 4319654.243, 84
Trd, 4319654.643, 73
Trd, 4319656.293, 88
Trd, 4319657.493, 76
Trd, 4319658.293, 99
Trd, 4319659.343, 105
Trd, 4319659.443, 82
Trd, 4319660.743, 110
Trd, 4319661.493, 124
Trd, 4319662.143, 120
Trd, 4319662.293, 122
Trd, 4319663.193, 108
Trd, 4319663.393, 120
Trd, 4319663.943, 96
Trd, 4319665.543, 126
Trd, 4319666.243, 93
Trd, 4319666.793, 139
Trd, 4319667.293, 89
Trd, 4319667.743, 72
Trd, 4319668.693, 83
Trd, 4319669.193, 74
Trd, 4319670.543, 113
Trd, 4319670.843, 128
Trd, 4319671.543, 120
Trd, 4319671.893, 88
Trd, 4319673.493, 84
Trd, 4319673.893, 126
Trd, 4319674.893, 121
Trd, 4319675.193, 132
Trd, 4319675.743, 131
Trd, 4319676.243, 99
Trd, 4319676.993, 117
Trd, 4319677.793, 137
Trd, 4319678.543, 129
Trd, 4319679.393, 125
Trd, 4319680.043, 124
Trd, 4319680.293, 104
Trd, 4319680.543, 109
Trd, 4319681.743, 113
Trd, 4319682.143, 90
Trd, 4319683.043, 103
Trd, 4319685.143, 106
Trd, 4319685.793, 106
Trd, 4319685.893, 101
Trd, 4319685.943, 100
Trd, 4319686.793, 132
Trd, 4319687.343, 97
Trd, 4319687.743, 85
Trd, 4319688.393, 139
Trd, 4319689.743, 94
Trd, 4319689.943, 65
Trd, 4319691.143, 73
Trd, 4319691.843, 88
Trd, 4319691.993, 126
Trd, 4319693.543, 86
Trd, 4319693.893, 68
Trd, 4319694.193, 97
Trd, 4319694.643, 100
Trd, 4319696.093, 121
Trd, 4319696.593, 117
Trd, 4319697.343, 139
Trd, 4319697.693, 106
Trd, 4319698.043, 129
Trd, 4319699.543, 125
Trd, 4319699.693, 125
Trd, 4319700.243, 90
Trd, 4319700.893, 70
Trd, 4319701.943, 93
Trd, 4319702.293, 86
Trd, 4319704.093, 90
Trd, 4319704.493, 86
Trd, 4319704.693, 98
Trd, 4319705.343, 124
Trd, 4319705.793, 71
Trd, 4319706.143, 82
Trd, 4319706.543, 138
Trd, 4319707.343, 119
Trd, 4319708.993, 104
Trd, 4319709.343, 98
Trd, 4319710.143, 93
Trd, 4319710.493, 86
Trd, 4319711.493, 81
Trd, 4319712.143, 111
Trd, 4319712.593, 104
Trd, 4319712.793, 98
Trd, 4319713.993, 135
Trd, 4319714.193, 112
Trd, 4319714.393, 107
Trd, 4319715.143, 128
Trd, 4319716.043, 85
Trd, 4319717.043, 105
Trd, 4319717.843, 134
Trd, 4319718.143, 95
Trd, 4319718.743, 83
Trd, 4319719.293, 83
Trd, 4319720.393, 114
Trd, 4319721.143, 104
Trd, 4319721.893, 125
Trd, 4319722.843, 115
Trd, 4319723.343, 84
Trd, 4319723.743, 119
Trd, 4319724.043, 80
Trd, 4319724.493, 126
Trd, 4319725.043, 107
Trd, 4319725.493, 112
Trd, 4319726.393, 119
Trd, 4319728.243, 119
Trd, 4319729.343, 136
Trd, 4319730.693, 107
Trd, 4319730.743, 100
Trd, 4319731.743, 94
Trd, 4319732.793, 121
Trd, 4319733.443, 104
Trd, 4319733.943, 102
Trd, 4319735.543, 127
Trd, 4319736.093, 123
Trd, 4319736.443, 106
Trd, 4319736.643, 91
Trd, 4319736.943, 136
Trd, 4319737.593, 86
Trd, 4319737.743, 135
Trd, 4319737.993, 111
Trd, 4319739.143, 90
Trd, 4319739.893, 63
Trd, 4319740.843, 127
Trd, 4319741.893, 94
Trd, 4319742.593, 97
Trd, 4319743.643, 115
Trd, 4319743.993, 102
Trd, 4319744.393, 84
Trd, 4319745.843, 82
Trd, 4319745.993, 68
Trd, 4319746.043, 107
Trd, 4319746.893, 131
Trd, 4319748.193, 92
Trd, 4319749.193, 108
Trd, 4319749.343, 105
Trd, 4319750.943, 103
Trd, 4319751.443, 106
Trd, 4319751.943, 81
Trd, 4319752.943, 62
Trd, 4319753.343, 115
Trd, 4319755.343, 113
Trd, 4319756.443, 119
Trd, 4319756.493, 114
Trd, 4319756.643, 103
Trd, 4319756.893, 90
Trd, 4319757.993, 103
Trd, 4319758.193, 94
Trd, 4319758.643, 65
Trd, 4319759.943, 115
Trd, 4319761.293, 78
Trd, 4319761.443, 90
Trd, 4319763.043, 140
Trd, 4319763.343, 131
Trd, 4319764.043, 120
Trd, 4319764.743, 134
Trd, 4319764.843, 128
Trd, 4319765.993, 120
Trd, 4319766.693, 113
Trd, 4319767.243, 98
Trd, 4319769.593, 108
Trd, 4319769.843, 107
Trd, 4319770.043, 104
Trd, 4319770.443, 103
Trd, 4319771.593, 76
Trd, 4319771.643, 115
Trd, 4319771.793, 119
Trd, 4319773.493, 68
Trd, 4319774.143, 106
Trd, 4319774.443, 86
Trd, 4319774.943, 132
Trd, 4319775.243, 132
Trd, 4319776.293, 124
Trd, 4319776.543, 120
Trd, 4319777.043, 104
Trd, 4319777.393, 128
Trd, 4319778.693, 62
Trd, 4319779.393, 96
Trd, 4319781.043, 122
Trd, 4319781.493, 99
Trd, 4319781.993, 123
Trd, 4319782.343, 131
Trd, 4319782.643, 107
Trd, 4319783.143, 78
Trd, 4319783.693, 106
Trd, 4319785.243, 133
Trd, 4319785.493, 129
Trd, 4319786.343, 108
Trd, 4319786.693, 87
Trd, 4319787.543, 106
Trd, 4319788.843, 109
Trd, 4319789.293, 109
Trd, 4319790.143, 114
Trd, 4319790.593, 103
Trd, 4319791.143, 140
Trd, 4319792.393, 127
Trd, 4319792.943, 134
Trd, 4319793.693, 125
Trd, 4319794.093, 109
Trd, 4319794.643, 94
Trd, 4319794.793, 134
Trd, 4319795.843, 122
Trd, 4319797.793, 106
Trd, 4319797.893, 96
Trd, 4319798.793, 117
Trd, 4319798.943, 83
Trd, 4319798.993, 91
Trd, 4319799.593, 69
Trd, 4319800.043, 78
Trd, 4319800.643, 129
Trd, 4319801.093, 138
Trd, 4319801.643, 90
Trd, 4319802.543, 61
Trd, 4319803.393, 126
Trd, 4319806.343, 90
Trd, 4319806.393, 67
Trd, 4319807.043, 82
Trd, 4319807.543, 83
Trd, 4319808.793, 107
Trd, 4319809.443, 66
Trd, 4319810.343, 69
Trd, 4319810.893, 131
Trd, 4319811.243, 73
Trd, 4319811.993, 79
Trd, 4319812.543, 107
Trd, 4319812.643, 129
Trd, 4319814.043, 105
Trd, 4319814.393, 114
Trd, 4319814.993, 101
Trd, 4319816.193, 97
Trd, 4319816.793, 122
Trd, 4319817.043, 123
Trd, 4319817.293, 87
Trd, 4319818.343, 94
Trd, 4319820.393, 128
Trd, 4319821.743, 121
Trd, 4319822.143, 102
Trd, 4319822.293, 80
Trd, 4319822.443, 78
Trd, 4319824.043, 71
Trd, 4319824.893, 73
Trd, 4319825.743, 95
Trd, 4319826.193, 96
Trd, 4319826.243, 93
Trd, 4319826.843, 67
Trd, 4319827.093, 74
Trd, 4319827.343, 116
Trd, 4319829.193, 62
Trd, 4319829.893, 80
Trd, 4319830.993, 112
Trd, 4319831.593, 77
Trd, 4319832.343, 87
Trd, 4319832.443, 106
Trd, 4319833.593, 112
Trd, 4319833.893, 110
Trd, 4319834.443, 114
Trd, 4319834.693, 119
Trd, 4319835.193, 132
Trd, 4319837.043, 86
Trd, 4319837.343, 71
Trd, 4319838.793, 126
Trd, 4319840.093, 140
Trd, 4319840.343, 124
Trd, 4319840.843, 120
Trd, 4319841.393, 130
Trd, 4319842.343, 105
Trd, 4319844.393, 121
Trd, 4319845.643, 139
Trd, 4319846.593, 135
Trd, 4319846.793, 125
Trd, 4319847.093, 103
Trd, 4319847.643, 101
Trd, 4319848.993, 98
Trd, 4319850.243, 127
Trd, 4319851.543, 100
Trd, 4319852.743, 97
Trd, 4319853.243, 96
Trd, 4319853.343, 94
Trd, 4319853.743, 91
Trd, 4319853.793, 106
Trd, 4319853.893, 119
Trd, 4319854.443, 79
Trd, 4319855.393, 66
Trd, 4319855.443, 92
Trd, 4319856.293, 105
Trd, 4319856.743, 93
Trd, 4319858.343, 121
Trd, 4319858.393, 113
Trd, 4319858.943, 111
Trd, 4319859.393, 105
Trd, 4319861.043, 112
Trd, 4319862.243, 108
Trd, 4319862.943, 105
Trd, 4319863.793, 138
Trd, 4319864.843, 125
Trd, 4319865.793, 100
Trd, 4319866.593, 104
Trd, 4319866.843, 93
Trd, 4319867.193, 83
Trd, 4319867.843, 122
Trd, 4319869.343, 117
Trd, 4319871.343, 97
Trd, 4319871.443, 96
Trd, 4319872.593, 120
Trd, 4319872.693, 100
Trd, 4319874.743, 140
Trd, 4319874.893, 101
Trd, 4319875.593, 99
Trd, 4319876.393, 87
Trd, 4319877.993, 110
Trd, 4319878.143, 90
Trd, 4319879.143, 100
Trd, 4319879.393, 112
Trd, 4319881.393, 95
Trd, 4319882.043, 80
Trd, 4319882.143, 88
Trd, 4319882.893, 60
Trd, 4319883.543, 72
Trd, 4319884.393, 101
Trd, 4319885.193, 130
Trd, 4319886.393, 130
Trd, 4319886.493, 114
Trd, 4319886.543, 89
Trd, 4319887.143, 132
Trd, 4319887.993, 94
Trd, 4319888.393, 88
Trd, 4319889.293, 123
Trd, 4319890.993, 140
Trd, 4319891.043, 117
Trd, 4319891.493, 122
Trd, 4319892.343, 137
Trd, 4319893.093, 127
Trd, 4319893.793, 134
Trd, 4319894.143, 132
Trd, 4319894.543, 125
Trd, 4319894.843, 127
Trd, 4319896.293, 118
Trd, 4319896.343, 103
Trd, 4319896.893, 83
Trd, 4319897.593, 119
Trd, 4319898.793, 135
Trd, 4319899.193, 135
Trd, 4319899.643, 130
Trd, 4319899.793, 115
Trd, 4319900.643, 111
Trd, 4319901.893, 85
Trd, 4319902.543, 120
Trd, 4319902.793, 107
Trd, 4319902.893, 78
Trd, 4319903.293, 119
Trd, 4319907.243, 132
Trd, 4319908.093, 92
Trd, 4319908.593, 90
Trd, 4319908.893, 107
Trd, 4319909.143, 131
Trd, 4319909.793, 78
Trd, 4319910.543, 92
Trd, 4319911.593, 112
Trd, 4319911.843, 128
Trd, 4319912.193, 128
Trd, 4319912.243, 110
Trd, 4319912.743, 98
Trd, 4319913.743, 83
Trd, 4319914.843, 115
Trd, 4319915.993, 110
Trd, 4319916.993, 139
Trd, 4319917.243, 139
Trd, 4319918.543, 126
Trd, 4319918.593, 117
Trd, 4319919.743, 102
Trd, 4319919.843, 91
Trd, 4319920.343, 68
Trd, 4319921.443, 61
Trd, 4319923.343, 99
Trd, 4319923.643, 109
Trd, 4319924.543, 68
Trd, 4319924.843, 86
Trd, 4319925.343, 62
Trd, 4319925.943, 69
Trd, 4319927.743, 116
Trd, 4319927.843, 73
Trd, 4319928.543, 133
Trd, 4319928.593, 115
Trd, 4319929.743, 81
Trd, 4319930.293, 76
Trd, 4319931.093, 62
Trd, 4319931.593, 118
Trd, 4319931.893, 120
Trd, 4319932.443, 95
Trd, 4319932.543, 135
Trd, 4319934.193, 69
Trd, 4319934.393, 73
Trd, 4319935.293, 110
Trd, 4319936.343, 139
Trd, 4319936.543, 111
Trd, 4319936.693, 106
Trd, 4319937.393, 103
Trd, 4319938.093, 123
Trd, 4319938.243, 96
Trd, 4319938.843, 98
Trd, 4319938.893, 94
Trd, 4319940.393, 86
Trd, 4319941.143, 60
Trd, 4319942.543, 115
Trd, 4319943.443, 99
Trd, 4319943.743, 61
Trd, 4319944.543, 92
Trd, 4319944.993, 62
Trd, 4319946.743, 139
Trd, 4319947.493, 133
Trd, 4319947.693, 125
Trd, 4319948.943, 101
Trd, 4319949.593, 122
Trd, 4319950.243, 117
Trd, 4319950.493, 118
Trd, 4319950.993, 126
Trd, 4319951.243, 87
Trd, 4319953.693, 95
Trd, 4319953.993, 132
Trd, 4319954.493, 128
Trd, 4319954.943, 129
Trd, 4319955.593, 89
Trd, 4319957.443, 125
Trd, 4319957.543, 89
Trd, 4319957.593, 81
Trd, 4319958.243, 89
Trd, 4319959.543, 105
Trd, 4319960.143, 92
Trd, 4319960.293, 110
Trd, 4319960.743, 72
Trd, 4319961.093, 93
Trd, 4319961.143, 83
Trd, 4319962.293, 63
Trd, 4319963.143, 102
Trd, 4319963.343, 78
Trd, 4319965.593, 124
Trd, 4319966.593, 119
Trd, 4319966.793, 113
Trd, 4319967.043, 109
Trd, 4319967.443, 113
Trd, 4319969.393, 134
Trd, 4319969.443, 111
Trd, 4319969.793, 121
Trd, 4319969.993, 131
Trd, 4319971.893, 128
Trd, 4319972.243, 96
Trd, 4319972.343, 89
Trd, 4319973.193, 64
Trd, 4319974.443, 67
Trd, 4319975.693, 75
Trd, 4319975.843, 90
Trd, 4319976.943, 100
Trd, 4319977.743, 114
Trd, 4319977.943, 129
Trd, 4319978.693, 89
Trd, 4319979.693, 102
Trd, 4319980.893, 119
Trd, 4319981.543, 115
Trd, 4319981.793, 110
Trd, 4319981.893, 96
Trd, 4319983.693, 116
Trd, 4319984.293, 119
Trd, 4319984.543, 110
Trd, 4319984.693, 101
Trd, 4319985.193, 131
Trd, 4319985.543, 125
Trd, 4319985.643, 123
Trd, 4319988.393, 136
Trd, 4319989.043, 138
Trd, 4319989.493, 130
Trd, 4319990.043, 121
Trd, 4319990.243, 110
Trd, 4319991.943, 100
Trd, 4319992.293, 129
Trd, 4319992.593, 126
Trd, 4319992.893, 111
Trd, 4319993.543, 103
Trd, 4319994.043, 92
Trd, 4319994.143, 82
Trd, 4319995.193, 99
Trd, 4319996.143, 98
Trd, 4319997.043, 91
Trd, 4319997.593, 71
Trd, 4319998.643, 66
Trd, 4319998.893, 74
Trd, 4319999.543, 62
Trd, 4319999.843, 89
