Trd, 4318113.493, 63
Trd, 4318113.593, 62
Trd, 4318113.993, 61
Trd, 4318114.043, 62
Trd, 4318114.143, 64
Trd, 4318114.293, 120
Trd, 4318115.943, 64
Trd, 4318116.343, 65
Trd, 4318116.393, 69
Trd, 4318117.343, 60
Trd, 4318118.143, 62
Trd, 4318120.343, 60
Trd, 4318120.993, 61
Trd, 4318121.093, 66
Trd, 4318121.143, 64
Trd, 4318122.243, 61
Trd, 4318123.593, 60
Trd, 4318123.743, 60
Trd, 4318124.943, 63
Trd, 4318125.443, 72
Trd, 4318125.493, 72
Trd, 4318126.643, 69
Trd, 4318127.293, 65
Trd, 4318128.193, 63
Trd, 4318129.543, 71
Trd, 4318129.993, 71
Trd, 4318130.143, 72
Trd, 4318130.593, 73
Trd, 4318131.093, 70
Trd, 4318131.393, 106
Trd, 4318131.543, 71
Trd, 4318132.743, 64
Trd, 4318133.243, 72
Trd, 4318133.443, 66
Trd, 4318133.693, 63
Trd, 4318134.743, 60
Trd, 4318135.993, 60
Trd, 4318138.393, 61
Trd, 4318138.793, 63
Trd, 4318139.143, 68
Trd, 4318140.493, 66
Trd, 4318141.093, 75
Trd, 4318141.293, 68
Trd, 4318141.843, 67
Trd, 4318142.143, 119
Trd, 4318143.243, 88
Trd, 4318144.193, 93
Trd, 4318145.093, 85
Trd, 4318146.793, 91
Trd, 4318146.893, 86
Trd, 4318148.443, 85
Trd, 4318148.743, 81
Trd, 4318149.143, 122
Trd, 4318149.393, 79
Trd, 4318149.443, 76
Trd, 4318150.243, 86
Trd, 4318150.643, 71
Trd, 4318151.593, 76
Trd, 4318153.093, 61
Trd, 4318155.043, 61
Trd, 4318155.843, 64
Trd, 4318157.343, 60
Trd, 4318157.693, 60
Trd, 4318158.393, 72
Trd, 4318158.593, 63
Trd, 4318159.293, 62
Trd, 4318160.143, 125
Trd, 4318160.543, 119
Trd, 4318160.593, 118
Trd, 4318161.193, 65
Trd, 4318162.793, 64
Trd, 4318163.693, 72
Trd, 4318164.143, 86
Trd, 4318165.443, 62
Trd, 4318165.743, 64
Trd, 4318166.493, 61
Trd, 4318167.143, 63
Trd, 4318167.493, 64
Trd, 4318167.743, 94
Trd, 4318168.343, 75
Trd, 4318168.993, 68
Trd, 4318169.543, 66
Trd, 4318170.343, 126
Trd, 4318171.093, 140
Trd, 4318171.943, 109
Trd, 4318172.343, 107
Trd, 4318172.993, 106
Trd, 4318174.193, 103
Trd, 4318174.643, 104
Trd, 4318176.243, 104
Trd, 4318178.093, 140
Trd, 4318178.243, 131
Trd, 4318178.493, 126
Trd, 4318178.693, 109
Trd, 4318179.443, 108
Trd, 4318179.493, 104
Trd, 4318180.793, 95
Trd, 4318181.193, 92
Trd, 4318182.043, 140
Trd, 4318183.193, 135
Trd, 4318183.343, 120
Trd, 4318184.093, 91
Trd, 4318186.793, 128
Trd, 4318187.093, 127
Trd, 4318187.693, 121
Trd, 4318188.543, 109
Trd, 4318189.043, 108
Trd, 4318189.093, 102
Trd, 4318189.343, 96
Trd, 4318190.593, 137
Trd, 4318191.043, 72
Trd, 4318191.343, 71
Trd, 4318193.693, 64
Trd, 4318194.193, 64
Trd, 4318195.043, 67
Trd, 4318196.093, 64
Trd, 4318196.193, 75
Trd, 4318196.593, 67
Trd, 4318197.143, 94
Trd, 4318197.193, 93
Trd, 4318197.293, 96
Trd, 4318198.443, 133
Trd, 4318198.993, 96
Trd, 4318199.493, 93
Trd, 4318202.143, 139
Trd, 4318202.693, 132
Trd, 4318202.993, 138
Trd, 4318203.693, 124
Trd, 4318205.343, 127
Trd, 4318205.393, 126
Trd, 4318205.443, 124
Trd, 4318206.093, 111
Trd, 4318208.543, 128
Trd, 4318208.793, 122
Trd, 4318209.643, 115
Trd, 4318210.193, 130
Trd, 4318210.943, 119
Trd, 4318211.043, 118
Trd, 4318212.093, 117
Trd, 4318212.443, 112
Trd, 4318213.143, 138
Trd, 4318213.193, 122
Trd, 4318214.143, 104
Trd, 4318214.393, 104
Trd, 4318215.693, 92
Trd, 4318215.893, 91
Trd, 4318216.593, 138
Trd, 4318217.493, 92
Trd, 4318218.443, 87
Trd, 4318219.993, 128
Trd, 4318220.843, 116
Trd, 4318223.393, 135
Trd, 4318223.443, 115
Trd, 4318223.893, 112
Trd, 4318224.243, 108
Trd, 4318224.543, 107
Trd, 4318224.593, 106
Trd, 4318224.743, 113
Trd, 4318224.893, 136
Trd, 4318225.743, 128
Trd, 4318226.043, 115
Trd, 4318227.893, 114
Trd, 4318228.043, 95
Trd, 4318229.043, 93
Trd, 4318229.143, 85
Trd, 4318230.243, 67
Trd, 4318230.893, 102
Trd, 4318232.443, 64
Trd, 4318235.493, 60
Trd, 4318235.543, 60
Trd, 4318236.043, 60
Trd, 4318236.893, 60
Trd, 4318237.243, 60
Trd, 4318237.743, 63
Trd, 4318238.043, 62
Trd, 4318238.343, 60
Trd, 4318240.543, 60
Trd, 4318241.043, 60
Trd, 4318241.143, 60
Trd, 4318241.993, 61
Trd, 4318243.343, 63
Trd, 4318243.393, 61
Trd, 4318243.993, 65
Trd, 4318244.343, 62
Trd, 4318245.043, 64
Trd, 4318247.443, 60
Trd, 4318248.093, 60
Trd, 4318248.693, 62
Trd, 4318249.693, 63
Trd, 4318249.743, 61
Trd, 4318250.143, 64
Trd, 4318250.393, 65
Trd, 4318251.193, 65
Trd, 4318251.643, 66
Trd, 4318251.693, 67
Trd, 4318252.143, 76
Trd, 4318252.693, 73
Trd, 4318253.343, 67
Trd, 4318253.393, 65
Trd, 4318255.993, 62
Trd, 4318256.193, 63
Trd, 4318256.543, 66
Trd, 4318256.593, 61
Trd, 4318257.393, 64
Trd, 4318258.043, 65
Trd, 4318259.193, 67
Trd, 4318259.293, 65
Trd, 4318259.643, 69
Trd, 4318260.293, 85
Trd, 4318260.493, 137
Trd, 4318261.143, 97
Trd, 4318262.293, 106
Trd, 4318263.843, 134
Trd, 4318264.243, 112
Trd, 4318264.843, 112
Trd, 4318267.343, 137
Trd, 4318267.893, 136
Trd, 4318267.993, 128
Trd, 4318268.393, 121
Trd, 4318269.243, 138
Trd, 4318269.593, 124
Trd, 4318270.093, 112
Trd, 4318270.543, 109
Trd, 4318271.743, 97
Trd, 4318271.843, 96
Trd, 4318273.243, 104
Trd, 4318275.143, 95
Trd, 4318276.743, 128
Trd, 4318278.093, 121
Trd, 4318278.543, 121
Trd, 4318278.743, 119
Trd, 4318279.093, 115
Trd, 4318279.893, 136
Trd, 4318280.543, 108
Trd, 4318280.593, 106
Trd, 4318282.393, 60
Trd, 4318283.443, 60
Trd, 4318283.743, 64
Trd, 4318283.793, 63
Trd, 4318284.643, 60
Trd, 4318286.193, 67
Trd, 4318286.593, 64
Trd, 4318287.043, 65
Trd, 4318287.093, 68
Trd, 4318287.293, 140
Trd, 4318287.893, 61
Trd, 4318288.443, 60
Trd, 4318289.093, 60
Trd, 4318291.493, 60
Trd, 4318292.243, 61
Trd, 4318292.393, 62
Trd, 4318292.843, 66
Trd, 4318294.543, 140
Trd, 4318294.693, 140
Trd, 4318296.793, 140
Trd, 4318297.093, 140
Trd, 4318297.493, 131
Trd, 4318298.843, 116
Trd, 4318299.043, 113
Trd, 4318300.043, 127
Trd, 4318301.293, 104
Trd, 4318301.443, 101
Trd, 4318301.943, 95
Trd, 4318302.643, 88
Trd, 4318303.243, 139
Trd, 4318303.643, 126
Trd, 4318303.743, 125
Trd, 4318306.243, 85
Trd, 4318306.643, 85
Trd, 4318307.043, 93
Trd, 4318307.843, 92
Trd, 4318307.893, 137
Trd, 4318307.943, 85
Trd, 4318308.093, 81
Trd, 4318308.493, 78
Trd, 4318309.743, 107
Trd, 4318311.593, 102
Trd, 4318312.043, 97
Trd, 4318312.493, 97
Trd, 4318312.793, 96
Trd, 4318314.193, 140
Trd, 4318315.343, 140
Trd, 4318315.743, 140
Trd, 4318316.393, 125
Trd, 4318316.643, 140
Trd, 4318317.443, 125
Trd, 4318318.143, 113
Trd, 4318318.843, 94
Trd, 4318319.593, 88
Trd, 4318320.393, 79
Trd, 4318321.793, 61
Trd, 4318322.043, 63
Trd, 4318323.143, 62
Trd, 4318324.893, 60
Trd, 4318325.543, 61
Trd, 4318326.343, 62
Trd, 4318326.793, 64
Trd, 4318327.843, 60
Trd, 4318327.993, 61
Trd, 4318328.743, 60
Trd, 4318329.293, 68
Trd, 4318329.593, 62
Trd, 4318329.793, 61
Trd, 4318330.993, 140
Trd, 4318332.743, 94
Trd, 4318333.643, 116
Trd, 4318333.893, 80
Trd, 4318335.643, 94
Trd, 4318335.843, 88
Trd, 4318336.793, 90
Trd, 4318337.543, 90
Trd, 4318338.293, 108
Trd, 4318338.543, 107
Trd, 4318339.143, 107
Trd, 4318339.893, 96
Trd, 4318341.043, 105
Trd, 4318342.343, 140
Trd, 4318342.943, 140
Trd, 4318343.243, 132
Trd, 4318343.543, 132
Trd, 4318344.193, 124
Trd, 4318344.543, 120
Trd, 4318346.693, 130
Trd, 4318347.743, 131
Trd, 4318348.293, 130
Trd, 4318348.443, 122
Trd, 4318349.793, 140
Trd, 4318349.843, 139
Trd, 4318350.293, 125
Trd, 4318350.393, 124
Trd, 4318350.893, 121
Trd, 4318351.793, 99
Trd, 4318354.343, 98
Trd, 4318355.043, 139
Trd, 4318355.793, 140
Trd, 4318356.493, 139
Trd, 4318358.593, 127
Trd, 4318359.443, 106
Trd, 4318359.593, 103
Trd, 4318359.793, 119
Trd, 4318360.693, 102
Trd, 4318360.893, 100
Trd, 4318363.493, 86
Trd, 4318364.593, 140
Trd, 4318365.393, 140
Trd, 4318365.693, 132
Trd, 4318366.943, 134
Trd, 4318367.093, 133
Trd, 4318368.393, 140
Trd, 4318369.293, 140
Trd, 4318369.943, 133
Trd, 4318370.343, 132
Trd, 4318371.343, 123
Trd, 4318371.493, 111
Trd, 4318373.343, 102
Trd, 4318373.693, 102
Trd, 4318374.193, 128
Trd, 4318374.993, 137
Trd, 4318375.393, 99
Trd, 4318376.643, 83
Trd, 4318376.893, 80
Trd, 4318377.043, 136
Trd, 4318377.643, 82
Trd, 4318378.043, 79
Trd, 4318378.093, 75
Trd, 4318379.793, 73
Trd, 4318380.843, 67
Trd, 4318380.893, 61
Trd, 4318381.393, 62
Trd, 4318381.643, 69
Trd, 4318382.143, 72
Trd, 4318384.193, 81
Trd, 4318385.643, 87
Trd, 4318386.593, 88
Trd, 4318386.943, 140
Trd, 4318387.543, 90
Trd, 4318388.693, 107
Trd, 4318389.593, 83
Trd, 4318390.193, 86
Trd, 4318391.293, 100
Trd, 4318392.493, 88
Trd, 4318392.993, 82
Trd, 4318394.043, 133
Trd, 4318394.193, 105
Trd, 4318394.393, 95
Trd, 4318395.193, 140
Trd, 4318395.243, 140
Trd, 4318396.943, 140
Trd, 4318397.243, 132
Trd, 4318397.893, 120
Trd, 4318400.193, 137
Trd, 4318400.693, 136
Trd, 4318401.293, 129
Trd, 4318402.043, 140
Trd, 4318402.593, 140
Trd, 4318403.843, 140
Trd, 4318405.093, 140
Trd, 4318405.143, 131
Trd, 4318407.393, 135
Trd, 4318407.643, 128
Trd, 4318408.493, 129
Trd, 4318409.743, 140
Trd, 4318409.993, 129
Trd, 4318410.293, 128
Trd, 4318413.243, 140
Trd, 4318414.343, 140
Trd, 4318414.493, 131
Trd, 4318415.493, 139
Trd, 4318415.993, 137
Trd, 4318416.893, 137
Trd, 4318417.193, 131
Trd, 4318417.343, 128
Trd, 4318419.693, 131
Trd, 4318420.793, 115
Trd, 4318421.743, 120
Trd, 4318421.843, 116
Trd, 4318422.843, 116
Trd, 4318423.093, 112
Trd, 4318423.193, 134
Trd, 4318424.743, 120
Trd, 4318425.743, 113
Trd, 4318425.893, 110
Trd, 4318426.393, 104
Trd, 4318426.493, 108
Trd, 4318427.493, 104
Trd, 4318427.543, 102
Trd, 4318427.743, 100
Trd, 4318427.993, 107
Trd, 4318429.493, 95
Trd, 4318429.943, 89
Trd, 4318430.593, 98
Trd, 4318431.943, 102
Trd, 4318432.043, 85
Trd, 4318432.793, 74
Trd, 4318433.693, 140
Trd, 4318435.243, 84
Trd, 4318436.493, 103
Trd, 4318436.743, 103
Trd, 4318436.893, 102
Trd, 4318437.793, 90
Trd, 4318439.193, 113
Trd, 4318440.793, 112
Trd, 4318441.643, 139
Trd, 4318442.393, 130
Trd, 4318443.543, 140
Trd, 4318443.743, 139
Trd, 4318443.893, 131
Trd, 4318445.493, 139
Trd, 4318446.143, 140
Trd, 4318446.593, 140
Trd, 4318447.193, 140
Trd, 4318447.393, 132
Trd, 4318448.093, 121
Trd, 4318449.193, 136
Trd, 4318450.193, 111
Trd, 4318450.543, 111
Trd, 4318450.993, 108
Trd, 4318451.493, 103
Trd, 4318452.943, 129
Trd, 4318453.143, 84
Trd, 4318453.393, 129
Trd, 4318454.293, 93
Trd, 4318454.443, 91
Trd, 4318455.643, 101
Trd, 4318456.093, 85
Trd, 4318456.343, 84
Trd, 4318457.043, 75
Trd, 4318459.493, 69
Trd, 4318459.743, 72
Trd, 4318459.843, 74
Trd, 4318460.143, 69
Trd, 4318460.543, 69
Trd, 4318460.643, 68
Trd, 4318461.693, 72
Trd, 4318461.893, 71
Trd, 4318463.593, 66
Trd, 4318464.993, 119
Trd, 4318465.143, 106
Trd, 4318465.193, 102
Trd, 4318465.693, 140
Trd, 4318465.743, 99
Trd, 4318467.393, 116
Trd, 4318468.193, 89
Trd, 4318468.243, 89
Trd, 4318469.143, 68
Trd, 4318469.393, 104
Trd, 4318472.293, 60
Trd, 4318473.643, 61
Trd, 4318473.743, 62
Trd, 4318474.293, 63
Trd, 4318474.843, 64
Trd, 4318474.893, 68
Trd, 4318475.693, 63
Trd, 4318475.743, 62
Trd, 4318477.193, 62
Trd, 4318478.743, 61
Trd, 4318479.093, 66
Trd, 4318479.843, 64
Trd, 4318479.893, 65
Trd, 4318479.993, 62
Trd, 4318481.343, 140
Trd, 4318483.043, 138
Trd, 4318483.843, 140
Trd, 4318484.293, 139
Trd, 4318484.943, 131
Trd, 4318485.343, 127
Trd, 4318485.393, 126
Trd, 4318485.643, 112
Trd, 4318487.443, 112
Trd, 4318487.893, 107
Trd, 4318488.893, 114
Trd, 4318488.943, 107
Trd, 4318490.693, 113
Trd, 4318491.143, 110
Trd, 4318493.193, 140
Trd, 4318494.343, 140
Trd, 4318494.743, 138
Trd, 4318495.593, 138
Trd, 4318496.143, 140
Trd, 4318497.093, 140
Trd, 4318497.193, 131
Trd, 4318497.443, 128
Trd, 4318498.293, 123
Trd, 4318498.593, 122
Trd, 4318499.843, 106
Trd, 4318500.293, 81
Trd, 4318501.993, 140
Trd, 4318502.693, 140
Trd, 4318502.893, 140
Trd, 4318503.443, 140
Trd, 4318503.493, 125
Trd, 4318504.843, 132
Trd, 4318505.143, 114
Trd, 4318506.843, 113
Trd, 4318508.843, 117
Trd, 4318508.993, 116
Trd, 4318509.493, 119
Trd, 4318509.593, 114
Trd, 4318510.593, 140
Trd, 4318510.793, 131
Trd, 4318510.843, 113
Trd, 4318511.293, 116
Trd, 4318512.243, 115
Trd, 4318513.643, 140
Trd, 4318514.293, 139
Trd, 4318514.343, 131
Trd, 4318515.743, 116
Trd, 4318515.793, 113
Trd, 4318517.043, 140
Trd, 4318517.393, 101
Trd, 4318517.743, 109
Trd, 4318519.093, 83
Trd, 4318520.293, 81
Trd, 4318520.543, 77
Trd, 4318522.843, 72
Trd, 4318523.093, 72
Trd, 4318523.143, 69
Trd, 4318523.393, 87
Trd, 4318523.893, 99
Trd, 4318523.943, 84
Trd, 4318524.293, 80
Trd, 4318525.643, 76
Trd, 4318527.343, 138
Trd, 4318527.593, 116
Trd, 4318528.593, 136
Trd, 4318528.693, 127
Trd, 4318531.043, 126
Trd, 4318532.393, 127
Trd, 4318532.943, 128
Trd, 4318533.043, 127
Trd, 4318533.943, 126
Trd, 4318534.843, 140
Trd, 4318535.593, 112
Trd, 4318536.093, 92
Trd, 4318536.543, 88
Trd, 4318538.793, 112
Trd, 4318539.343, 107
Trd, 4318540.193, 124
Trd, 4318540.543, 113
Trd, 4318541.243, 108
Trd, 4318541.793, 107
Trd, 4318541.993, 104
Trd, 4318542.943, 106
Trd, 4318543.043, 107
Trd, 4318544.043, 140
Trd, 4318544.243, 109
Trd, 4318545.993, 121
Trd, 4318547.343, 121
Trd, 4318548.343, 140
Trd, 4318548.943, 130
Trd, 4318550.143, 125
Trd, 4318550.893, 140
Trd, 4318551.393, 118
Trd, 4318552.143, 96
Trd, 4318552.243, 82
Trd, 4318552.693, 72
Trd, 4318554.043, 127
Trd, 4318554.493, 99
Trd, 4318555.143, 95
Trd, 4318556.093, 93
Trd, 4318556.893, 95
Trd, 4318558.043, 112
Trd, 4318558.093, 97
Trd, 4318558.493, 115
Trd, 4318558.993, 92
Trd, 4318560.843, 116
Trd, 4318561.143, 98
Trd, 4318561.693, 101
Trd, 4318562.143, 100
Trd, 4318562.243, 126
Trd, 4318563.043, 102
Trd, 4318563.143, 101
Trd, 4318563.943, 100
Trd, 4318564.893, 118
Trd, 4318565.393, 106
Trd, 4318566.343, 120
Trd, 4318566.943, 102
Trd, 4318567.543, 88
Trd, 4318568.043, 69
Trd, 4318569.693, 61
Trd, 4318570.243, 61
Trd, 4318571.743, 60
Trd, 4318572.843, 60
Trd, 4318573.243, 60
Trd, 4318573.343, 65
Trd, 4318573.593, 62
Trd, 4318574.193, 61
Trd, 4318574.843, 61
Trd, 4318575.993, 71
Trd, 4318577.293, 95
Trd, 4318577.493, 98
Trd, 4318577.743, 101
Trd, 4318578.443, 97
Trd, 4318578.593, 96
Trd, 4318579.043, 93
Trd, 4318579.643, 140
Trd, 4318580.043, 93
Trd, 4318582.293, 104
Trd, 4318583.543, 140
Trd, 4318584.243, 140
Trd, 4318584.293, 124
Trd, 4318584.493, 123
Trd, 4318584.693, 101
Trd, 4318585.543, 102
Trd, 4318586.693, 97
Trd, 4318587.893, 94
Trd, 4318588.543, 95
Trd, 4318589.493, 97
Trd, 4318589.543, 94
Trd, 4318590.993, 87
Trd, 4318591.393, 87
Trd, 4318592.343, 133
Trd, 4318592.593, 135
Trd, 4318592.693, 127
Trd, 4318593.193, 73
Trd, 4318593.793, 124
Trd, 4318595.893, 95
Trd, 4318597.693, 60
Trd, 4318598.143, 61
Trd, 4318598.393, 63
Trd, 4318598.593, 63
Trd, 4318599.093, 62
Trd, 4318599.643, 64
Trd, 4318600.593, 66
Trd, 4318600.893, 65
Trd, 4318601.493, 63
Trd, 4318602.293, 63
Trd, 4318602.493, 64
Trd, 4318602.843, 66
Trd, 4318603.643, 110
Trd, 4318604.443, 139
Trd, 4318604.743, 124
Trd, 4318606.293, 110
Trd, 4318606.593, 108
Trd, 4318606.843, 108
Trd, 4318608.693, 102
Trd, 4318610.043, 130
Trd, 4318610.543, 129
Trd, 4318611.093, 124
Trd, 4318611.943, 124
Trd, 4318611.993, 114
Trd, 4318613.643, 138
Trd, 4318613.943, 130
Trd, 4318614.493, 124
Trd, 4318614.793, 117
Trd, 4318614.993, 116
Trd, 4318615.443, 109
Trd, 4318616.943, 139
Trd, 4318618.493, 135
Trd, 4318619.193, 134
Trd, 4318619.393, 132
Trd, 4318620.243, 135
Trd, 4318620.843, 130
Trd, 4318620.993, 129
Trd, 4318621.293, 123
Trd, 4318621.393, 122
Trd, 4318621.543, 132
Trd, 4318621.943, 114
Trd, 4318624.693, 86
Trd, 4318624.893, 85
Trd, 4318625.193, 132
Trd, 4318625.593, 80
Trd, 4318626.443, 80
Trd, 4318627.243, 79
Trd, 4318628.293, 77
Trd, 4318628.693, 76
Trd, 4318629.493, 99
Trd, 4318630.443, 114
Trd, 4318631.443, 100
Trd, 4318632.043, 138
Trd, 4318633.443, 107
Trd, 4318633.643, 100
Trd, 4318634.643, 85
Trd, 4318634.893, 84
Trd, 4318636.293, 87
Trd, 4318637.793, 138
Trd, 4318638.293, 136
Trd, 4318639.993, 140
Trd, 4318640.293, 140
Trd, 4318640.693, 115
Trd, 4318641.193, 113
Trd, 4318641.793, 113
Trd, 4318641.893, 112
Trd, 4318643.893, 108
Trd, 4318644.393, 105
Trd, 4318645.493, 104
Trd, 4318646.443, 138
Trd, 4318647.043, 137
Trd, 4318647.593, 128
Trd, 4318648.593, 138
Trd, 4318648.993, 136
Trd, 4318649.993, 112
Trd, 4318650.893, 103
Trd, 4318651.493, 140
Trd, 4318651.543, 97
Trd, 4318653.793, 135
Trd, 4318655.493, 135
Trd, 4318655.543, 134
Trd, 4318656.293, 139
Trd, 4318656.393, 133
Trd, 4318658.393, 135
Trd, 4318658.793, 129
Trd, 4318659.143, 128
Trd, 4318659.943, 122
Trd, 4318660.693, 121
Trd, 4318661.393, 122
Trd, 4318662.193, 116
Trd, 4318662.343, 110
Trd, 4318663.643, 109
Trd, 4318666.993, 140
Trd, 4318667.393, 125
Trd, 4318668.893, 120
Trd, 4318669.543, 121
Trd, 4318669.593, 120
Trd, 4318669.793, 140
Trd, 4318671.493, 119
Trd, 4318671.643, 114
Trd, 4318671.993, 109
Trd, 4318673.343, 140
Trd, 4318673.943, 110
Trd, 4318675.193, 97
Trd, 4318675.343, 97
Trd, 4318675.543, 92
Trd, 4318675.693, 116
Trd, 4318675.793, 86
Trd, 4318679.243, 60
Trd, 4318679.593, 60
Trd, 4318679.743, 62
Trd, 4318680.393, 61
Trd, 4318681.293, 65
Trd, 4318681.443, 66
Trd, 4318682.193, 135
Trd, 4318682.343, 134
Trd, 4318682.743, 90
Trd, 4318683.493, 134
Trd, 4318683.943, 128
Trd, 4318684.893, 129
Trd, 4318685.343, 117
Trd, 4318686.543, 82
Trd, 4318687.293, 62
Trd, 4318687.893, 63
Trd, 4318689.843, 73
Trd, 4318690.043, 73
Trd, 4318690.693, 67
Trd, 4318691.243, 75
Trd, 4318691.443, 71
Trd, 4318692.243, 78
Trd, 4318693.743, 79
Trd, 4318693.843, 102
Trd, 4318694.793, 102
Trd, 4318695.193, 95
Trd, 4318695.943, 119
Trd, 4318696.443, 118
Trd, 4318697.443, 104
Trd, 4318697.893, 93
Trd, 4318699.493, 139
Trd, 4318699.643, 138
Trd, 4318699.893, 120
Trd, 4318702.743, 140
Trd, 4318703.043, 113
Trd, 4318703.193, 107
Trd, 4318704.093, 105
Trd, 4318704.943, 104
Trd, 4318705.043, 102
Trd, 4318706.143, 136
Trd, 4318706.793, 101
Trd, 4318707.393, 101
Trd, 4318707.593, 98
Trd, 4318708.243, 91
Trd, 4318708.443, 73
Trd, 4318709.543, 63
Trd, 4318711.443, 63
Trd, 4318711.743, 64
Trd, 4318712.093, 64
Trd, 4318712.643, 73
Trd, 4318712.843, 65
Trd, 4318714.093, 64
Trd, 4318714.143, 65
Trd, 4318714.443, 66
Trd, 4318715.543, 75
Trd, 4318715.943, 72
Trd, 4318716.143, 70
Trd, 4318716.993, 62
Trd, 4318717.593, 69
Trd, 4318717.793, 81
Trd, 4318718.843, 65
Trd, 4318719.093, 63
Trd, 4318722.893, 60
Trd, 4318722.943, 60
Trd, 4318723.243, 62
Trd, 4318724.043, 63
Trd, 4318724.843, 69
Trd, 4318726.143, 63
Trd, 4318726.793, 68
Trd, 4318726.843, 66
Trd, 4318727.493, 69
Trd, 4318727.593, 67
Trd, 4318727.793, 66
Trd, 4318730.643, 60
Trd, 4318731.293, 60
Trd, 4318732.993, 60
Trd, 4318733.193, 60
Trd, 4318733.693, 61
Trd, 4318733.743, 62
Trd, 4318734.043, 63
Trd, 4318734.493, 62
Trd, 4318734.643, 63
Trd, 4318735.393, 65
Trd, 4318736.493, 138
Trd, 4318736.793, 122
Trd, 4318736.843, 64
Trd, 4318738.893, 60
Trd, 4318739.093, 60
Trd, 4318740.593, 61
Trd, 4318742.043, 60
Trd, 4318742.093, 63
Trd, 4318742.943, 60
Trd, 4318744.093, 63
Trd, 4318744.393, 69
Trd, 4318745.193, 64
Trd, 4318747.443, 60
Trd, 4318749.043, 60
Trd, 4318749.943, 60
Trd, 4318750.793, 60
Trd, 4318751.193, 60
Trd, 4318751.493, 61
Trd, 4318752.693, 68
Trd, 4318752.743, 62
Trd, 4318752.943, 61
Trd, 4318753.093, 81
Trd, 4318754.093, 66
Trd, 4318758.543, 60
Trd, 4318759.143, 60
Trd, 4318759.793, 60
Trd, 4318760.693, 60
Trd, 4318760.743, 64
Trd, 4318761.743, 64
Trd, 4318762.143, 64
Trd, 4318763.093, 63
Trd, 4318763.743, 64
Trd, 4318764.093, 61
Trd, 4318764.593, 70
Trd, 4318764.843, 72
Trd, 4318765.993, 60
Trd, 4318766.443, 62
Trd, 4318767.093, 60
Trd, 4318768.143, 61
Trd, 4318768.843, 72
Trd, 4318769.193, 73
Trd, 4318771.143, 92
Trd, 4318771.393, 86
Trd, 4318772.393, 99
Trd, 4318773.243, 95
Trd, 4318773.393, 94
Trd, 4318774.743, 140
Trd, 4318774.993, 140
Trd, 4318775.043, 140
Trd, 4318775.493, 139
Trd, 4318777.593, 60
Trd, 4318778.943, 60
Trd, 4318779.193, 63
Trd, 4318779.443, 71
Trd, 4318780.843, 64
Trd, 4318781.143, 69
Trd, 4318781.643, 137
Trd, 4318782.893, 93
Trd, 4318785.143, 85
Trd, 4318785.443, 87
Trd, 4318785.743, 87
Trd, 4318786.393, 105
Trd, 4318786.943, 87
Trd, 4318787.493, 82
Trd, 4318787.693, 81
Trd, 4318787.743, 71
Trd, 4318788.443, 135
Trd, 4318789.443, 66
Trd, 4318789.593, 65
Trd, 4318790.243, 126
Trd, 4318791.843, 133
Trd, 4318792.643, 134
Trd, 4318793.793, 140
Trd, 4318793.843, 139
Trd, 4318794.293, 124
Trd, 4318794.343, 123
Trd, 4318795.593, 66
Trd, 4318797.243, 140
Trd, 4318799.743, 140
Trd, 4318800.343, 140
Trd, 4318800.393, 131
Trd, 4318800.643, 131
Trd, 4318800.693, 125
Trd, 4318801.243, 140
Trd, 4318801.293, 140
Trd, 4318802.193, 130
Trd, 4318803.493, 128
Trd, 4318803.543, 109
Trd, 4318804.443, 106
Trd, 4318804.943, 101
Trd, 4318805.243, 96
Trd, 4318805.343, 94
Trd, 4318805.593, 138
Trd, 4318806.193, 62
Trd, 4318807.293, 126
Trd, 4318807.343, 108
Trd, 4318808.243, 63
Trd, 4318809.843, 67
Trd, 4318810.143, 60
Trd, 4318810.743, 73
Trd, 4318812.943, 69
Trd, 4318813.243, 67
Trd, 4318813.493, 66
Trd, 4318813.743, 71
Trd, 4318815.293, 89
Trd, 4318815.643, 76
Trd, 4318815.893, 75
Trd, 4318817.193, 91
Trd, 4318818.143, 73
Trd, 4318819.043, 83
Trd, 4318819.243, 82
Trd, 4318819.343, 79
Trd, 4318819.993, 63
Trd, 4318820.143, 65
Trd, 4318820.593, 78
Trd, 4318820.743, 88
Trd, 4318821.593, 95
Trd, 4318824.093, 140
Trd, 4318824.693, 140
Trd, 4318825.193, 140
Trd, 4318825.543, 132
Trd, 4318827.543, 134
Trd, 4318827.593, 134
Trd, 4318829.143, 128
Trd, 4318829.193, 122
Trd, 4318829.743, 122
Trd, 4318829.793, 110
Trd, 4318830.543, 106
Trd, 4318831.393, 140
Trd, 4318832.793, 138
Trd, 4318832.943, 114
Trd, 4318833.543, 103
Trd, 4318833.793, 111
Trd, 4318835.443, 91
Trd, 4318835.943, 132
Trd, 4318836.093, 97
Trd, 4318836.343, 90
Trd, 4318837.393, 86
Trd, 4318837.543, 91
Trd, 4318839.493, 133
Trd, 4318839.543, 93
Trd, 4318840.793, 95
Trd, 4318841.893, 111
Trd, 4318842.843, 122
Trd, 4318843.143, 140
Trd, 4318844.443, 136
Trd, 4318844.493, 135
Trd, 4318846.593, 139
Trd, 4318846.943, 131
Trd, 4318847.343, 122
Trd, 4318847.843, 121
Trd, 4318848.043, 120
Trd, 4318848.743, 121
Trd, 4318849.743, 139
Trd, 4318850.243, 119
Trd, 4318852.393, 112
Trd, 4318852.443, 106
Trd, 4318853.043, 116
Trd, 4318853.093, 111
Trd, 4318853.543, 94
Trd, 4318856.843, 140
Trd, 4318857.193, 140
Trd, 4318857.293, 140
Trd, 4318857.643, 126
Trd, 4318858.043, 124
Trd, 4318859.393, 75
Trd, 4318859.543, 91
Trd, 4318860.243, 76
Trd, 4318861.043, 65
Trd, 4318862.343, 60
Trd, 4318863.593, 60
Trd, 4318864.093, 64
Trd, 4318864.443, 63
Trd, 4318864.643, 62
Trd, 4318864.843, 72
Trd, 4318867.093, 122
Trd, 4318867.543, 108
Trd, 4318868.243, 93
Trd, 4318868.543, 86
Trd, 4318869.093, 86
Trd, 4318870.143, 114
Trd, 4318870.843, 87
Trd, 4318872.043, 88
Trd, 4318872.643, 140
Trd, 4318874.193, 126
Trd, 4318875.143, 121
Trd, 4318875.293, 119
Trd, 4318875.393, 118
Trd, 4318875.993, 111
Trd, 4318878.843, 140
Trd, 4318879.243, 140
Trd, 4318879.293, 137
Trd, 4318880.393, 131
Trd, 4318880.693, 125
Trd, 4318880.793, 124
Trd, 4318881.893, 111
Trd, 4318882.093, 108
Trd, 4318883.543, 138
Trd, 4318884.043, 140
Trd, 4318884.593, 140
Trd, 4318885.043, 123
Trd, 4318886.693, 140
Trd, 4318887.143, 140
Trd, 4318887.693, 140
Trd, 4318888.193, 132
Trd, 4318888.943, 124
Trd, 4318888.993, 120
Trd, 4318889.843, 108
Trd, 4318890.493, 135
Trd, 4318890.743, 99
Trd, 4318890.793, 98
Trd, 4318891.393, 91
Trd, 4318893.443, 134
Trd, 4318893.793, 120
Trd, 4318895.143, 65
Trd, 4318896.593, 68
Trd, 4318897.043, 73
Trd, 4318898.193, 74
Trd, 4318898.543, 75
Trd, 4318899.193, 75
Trd, 4318899.443, 85
Trd, 4318901.143, 69
Trd, 4318903.143, 140
Trd, 4318903.393, 140
Trd, 4318903.593, 139
Trd, 4318903.643, 131
Trd, 4318904.143, 121
Trd, 4318904.243, 120
Trd, 4318904.893, 118
Trd, 4318905.093, 110
Trd, 4318905.893, 136
Trd, 4318907.443, 111
Trd, 4318908.643, 82
Trd, 4318908.793, 83
Trd, 4318909.793, 78
Trd, 4318909.843, 77
Trd, 4318910.143, 76
Trd, 4318910.293, 75
Trd, 4318911.093, 79
Trd, 4318912.843, 61
Trd, 4318913.493, 61
Trd, 4318913.693, 61
Trd, 4318913.993, 64
Trd, 4318914.193, 63
Trd, 4318914.843, 60
Trd, 4318915.893, 73
Trd, 4318916.243, 69
Trd, 4318917.293, 69
Trd, 4318918.543, 140
Trd, 4318919.093, 140
Trd, 4318919.193, 139
Trd, 4318920.043, 140
Trd, 4318921.943, 140
Trd, 4318922.893, 140
Trd, 4318923.343, 140
Trd, 4318923.643, 121
Trd, 4318923.793, 128
Trd, 4318924.093, 119
Trd, 4318924.693, 114
Trd, 4318925.043, 114
Trd, 4318925.243, 110
Trd, 4318926.693, 60
Trd, 4318928.543, 60
Trd, 4318929.093, 63
Trd, 4318929.743, 60
Trd, 4318930.593, 62
Trd, 4318930.743, 63
Trd, 4318930.993, 61
Trd, 4318931.243, 65
Trd, 4318931.843, 66
Trd, 4318932.443, 63
Trd, 4318932.493, 66
Trd, 4318933.543, 65
Trd, 4318933.843, 65
Trd, 4318934.193, 64
Trd, 4318936.543, 61
Trd, 4318939.093, 60
Trd, 4318939.343, 60
Trd, 4318939.793, 62
Trd, 4318940.193, 61
Trd, 4318940.243, 66
Trd, 4318940.643, 67
Trd, 4318941.193, 63
Trd, 4318941.843, 63
Trd, 4318942.743, 60
Trd, 4318943.443, 61
Trd, 4318944.443, 62
Trd, 4318944.893, 60
Trd, 4318945.443, 64
Trd, 4318947.093, 62
Trd, 4318947.343, 79
Trd, 4318947.743, 90
Trd, 4318947.793, 81
Trd, 4318948.593, 77
Trd, 4318948.793, 83
Trd, 4318949.543, 79
Trd, 4318950.693, 61
Trd, 4318951.443, 69
Trd, 4318951.693, 90
Trd, 4318953.143, 140
Trd, 4318953.893, 114
Trd, 4318954.443, 113
Trd, 4318956.043, 112
Trd, 4318956.893, 108
Trd, 4318957.493, 102
Trd, 4318959.143, 140
Trd, 4318959.543, 140
Trd, 4318959.643, 139
Trd, 4318959.943, 124
Trd, 4318960.243, 115
Trd, 4318960.893, 104
Trd, 4318961.493, 60
Trd, 4318962.593, 60
Trd, 4318964.643, 60
Trd, 4318965.143, 60
Trd, 4318965.743, 62
Trd, 4318966.193, 60
Trd, 4318967.093, 63
Trd, 4318967.543, 102
Trd, 4318967.893, 63
Trd, 4318968.843, 109
Trd, 4318969.243, 109
Trd, 4318969.343, 108
Trd, 4318969.643, 105
Trd, 4318970.343, 104
Trd, 4318971.843, 139
Trd, 4318972.093, 140
Trd, 4318973.543, 120
Trd, 4318973.643, 118
Trd, 4318974.693, 110
Trd, 4318974.793, 101
Trd, 4318975.143, 99
Trd, 4318976.043, 86
Trd, 4318976.743, 66
Trd, 4318977.593, 67
Trd, 4318977.743, 66
Trd, 4318978.893, 68
Trd, 4318979.493, 83
Trd, 4318980.743, 139
Trd, 4318982.043, 126
Trd, 4318982.893, 123
Trd, 4318983.193, 122
Trd, 4318983.293, 117
Trd, 4318983.493, 133
Trd, 4318985.943, 122
Trd, 4318986.693, 114
Trd, 4318987.593, 130
Trd, 4318987.643, 104
Trd, 4318989.243, 106
Trd, 4318989.593, 104
Trd, 4318989.643, 121
Trd, 4318989.693, 98
Trd, 4318989.993, 94
Trd, 4318990.843, 139
Trd, 4318991.493, 132
Trd, 4318991.943, 127
Trd, 4318994.193, 140
Trd, 4318995.293, 140
Trd, 4318995.843, 140
Trd, 4318996.543, 131
Trd, 4318996.893, 117
Trd, 4318996.993, 116
Trd, 4318998.893, 130
Trd, 4318999.093, 128
Trd, 4319000.093, 136
Trd, 4319000.543, 124
Trd, 4319001.943, 110
Trd, 4319002.643, 107
Trd, 4319003.193, 104
Trd, 4319003.943, 103
Trd, 4319004.193, 101
Trd, 4319006.043, 140
Trd, 4319006.093, 131
Trd, 4319007.243, 128
Trd, 4319007.893, 139
Trd, 4319008.093, 113
Trd, 4319008.693, 103
Trd, 4319010.443, 113
Trd, 4319011.193, 113
Trd, 4319011.543, 120
Trd, 4319011.643, 110
Trd, 4319012.493, 102
Trd, 4319012.643, 92
Trd, 4319015.693, 60
Trd, 4319016.243, 62
Trd, 4319016.493, 60
Trd, 4319016.693, 69
Trd, 4319017.493, 66
Trd, 4319017.893, 67
Trd, 4319018.593, 67
Trd, 4319019.793, 64
Trd, 4319021.043, 64
Trd, 4319021.093, 63
Trd, 4319021.193, 65
Trd, 4319021.243, 70
Trd, 4319022.993, 127
Trd, 4319024.043, 81
Trd, 4319024.843, 140
Trd, 4319024.943, 116
Trd, 4319025.443, 109
Trd, 4319025.543, 100
Trd, 4319027.393, 140
Trd, 4319027.893, 140
Trd, 4319028.493, 132
Trd, 4319030.093, 99
Trd, 4319030.293, 94
Trd, 4319031.043, 86
Trd, 4319032.443, 73
Trd, 4319033.593, 128
Trd, 4319035.393, 78
Trd, 4319035.693, 78
Trd, 4319035.793, 76
Trd, 4319036.843, 91
Trd, 4319036.943, 84
Trd, 4319036.993, 124
Trd, 4319038.643, 80
Trd, 4319039.443, 82
Trd, 4319040.043, 89
Trd, 4319040.343, 140
Trd, 4319041.543, 89
Trd, 4319042.143, 86
Trd, 4319042.493, 90
Trd, 4319044.293, 138
Trd, 4319044.393, 130
Trd, 4319044.443, 90
Trd, 4319046.443, 115
Trd, 4319046.943, 102
Trd, 4319047.893, 119
Trd, 4319048.343, 82
Trd, 4319048.693, 83
Trd, 4319048.893, 80
Trd, 4319050.643, 86
Trd, 4319051.593, 83
Trd, 4319052.193, 87
Trd, 4319052.493, 123
Trd, 4319053.243, 102
Trd, 4319053.643, 122
Trd, 4319054.143, 90
Trd, 4319054.243, 89
Trd, 4319055.693, 91
Trd, 4319056.793, 89
Trd, 4319057.143, 87
Trd, 4319057.343, 82
Trd, 4319059.043, 88
Trd, 4319059.243, 95
Trd, 4319060.193, 92
Trd, 4319060.443, 90
Trd, 4319061.793, 110
Trd, 4319063.443, 140
Trd, 4319063.793, 140
Trd, 4319064.243, 139
Trd, 4319065.193, 126
Trd, 4319065.793, 139
Trd, 4319066.193, 131
Trd, 4319066.493, 120
Trd, 4319066.593, 78
Trd, 4319068.343, 65
Trd, 4319070.993, 86
Trd, 4319071.443, 84
Trd, 4319071.493, 81
Trd, 4319071.843, 79
Trd, 4319072.693, 81
Trd, 4319073.543, 140
Trd, 4319074.443, 140
Trd, 4319074.943, 106
Trd, 4319075.793, 100
Trd, 4319076.043, 89
Trd, 4319078.193, 140
Trd, 4319079.543, 140
Trd, 4319079.643, 140
Trd, 4319079.943, 140
Trd, 4319080.793, 131
Trd, 4319080.943, 125
Trd, 4319080.993, 124
Trd, 4319081.893, 139
Trd, 4319082.343, 120
Trd, 4319082.743, 103
Trd, 4319084.493, 60
Trd, 4319084.593, 62
Trd, 4319085.593, 63
Trd, 4319086.043, 60
Trd, 4319086.593, 63
Trd, 4319087.393, 67
Trd, 4319088.443, 69
Trd, 4319088.793, 62
Trd, 4319090.093, 62
Trd, 4319090.143, 61
Trd, 4319090.943, 62
Trd, 4319091.143, 61
Trd, 4319091.743, 67
Trd, 4319092.793, 60
Trd, 4319093.243, 77
Trd, 4319094.543, 68
Trd, 4319094.993, 61
Trd, 4319096.443, 76
Trd, 4319097.143, 68
Trd, 4319097.593, 71
Trd, 4319097.843, 72
Trd, 4319098.343, 68
Trd, 4319098.893, 69
Trd, 4319099.143, 74
Trd, 4319099.643, 140
Trd, 4319099.793, 140
Trd, 4319102.293, 138
Trd, 4319102.343, 130
Trd, 4319102.943, 89
Trd, 4319105.643, 128
Trd, 4319105.843, 127
Trd, 4319106.643, 139
Trd, 4319106.843, 118
Trd, 4319107.043, 116
Trd, 4319107.343, 114
Trd, 4319108.043, 123
Trd, 4319108.793, 108
Trd, 4319109.543, 86
Trd, 4319110.643, 78
Trd, 4319112.693, 60
Trd, 4319114.243, 61
Trd, 4319114.443, 64
Trd, 4319114.593, 63
Trd, 4319116.543, 120
Trd, 4319116.793, 118
Trd, 4319117.443, 119
Trd, 4319117.593, 118
Trd, 4319118.143, 137
Trd, 4319118.943, 62
Trd, 4319119.443, 77
Trd, 4319121.293, 73
Trd, 4319121.393, 70
Trd, 4319121.543, 74
Trd, 4319121.843, 71
Trd, 4319122.243, 67
Trd, 4319122.443, 69
Trd, 4319122.893, 64
Trd, 4319124.493, 140
Trd, 4319125.243, 133
Trd, 4319127.643, 140
Trd, 4319127.743, 140
Trd, 4319127.793, 139
Trd, 4319128.493, 134
Trd, 4319129.093, 126
Trd, 4319130.343, 118
Trd, 4319130.893, 109
Trd, 4319131.043, 107
Trd, 4319132.443, 140
Trd, 4319132.493, 136
Trd, 4319133.593, 135
Trd, 4319133.893, 135
Trd, 4319135.043, 140
Trd, 4319135.743, 121
Trd, 4319137.743, 77
Trd, 4319138.943, 81
Trd, 4319139.143, 81
Trd, 4319139.443, 79
Trd, 4319140.143, 140
Trd, 4319140.493, 85
Trd, 4319140.743, 82
Trd, 4319141.043, 77
Trd, 4319141.393, 68
Trd, 4319142.943, 125
Trd, 4319143.093, 124
Trd, 4319144.693, 99
Trd, 4319144.943, 95
Trd, 4319145.693, 81
Trd, 4319146.893, 78
Trd, 4319146.993, 108
Trd, 4319147.143, 126
Trd, 4319147.643, 78
Trd, 4319149.343, 104
Trd, 4319149.693, 103
Trd, 4319150.843, 123
Trd, 4319151.743, 123
Trd, 4319152.443, 122
Trd, 4319153.743, 101
Trd, 4319153.893, 100
Trd, 4319154.743, 90
Trd, 4319155.793, 138
Trd, 4319157.793, 112
Trd, 4319157.993, 108
Trd, 4319158.843, 112
Trd, 4319159.693, 111
Trd, 4319160.293, 138
Trd, 4319161.443, 111
Trd, 4319161.993, 111
Trd, 4319162.043, 106
Trd, 4319162.743, 139
Trd, 4319164.043, 140
Trd, 4319164.243, 140
Trd, 4319165.043, 120
Trd, 4319165.143, 114
Trd, 4319166.693, 81
Trd, 4319167.643, 117
Trd, 4319168.643, 139
Trd, 4319168.693, 132
Trd, 4319169.343, 121
Trd, 4319170.493, 116
Trd, 4319171.393, 114
Trd, 4319171.943, 136
Trd, 4319173.043, 113
Trd, 4319173.243, 112
Trd, 4319173.443, 110
Trd, 4319173.493, 102
Trd, 4319174.993, 99
Trd, 4319176.743, 139
Trd, 4319178.043, 140
Trd, 4319178.193, 140
Trd, 4319178.243, 139
Trd, 4319178.943, 88
Trd, 4319179.143, 92
Trd, 4319180.493, 137
Trd, 4319181.043, 74
Trd, 4319182.393, 84
Trd, 4319182.693, 84
Trd, 4319184.193, 118
Trd, 4319184.793, 117
Trd, 4319185.193, 112
Trd, 4319185.293, 111
Trd, 4319186.043, 113
Trd, 4319186.293, 103
Trd, 4319187.593, 138
Trd, 4319188.343, 136
Trd, 4319188.543, 130
Trd, 4319189.543, 124
Trd, 4319190.143, 106
Trd, 4319190.693, 104
Trd, 4319190.893, 100
Trd, 4319192.543, 79
Trd, 4319193.293, 115
Trd, 4319193.443, 76
Trd, 4319195.093, 140
Trd, 4319195.793, 140
Trd, 4319196.493, 139
Trd, 4319196.893, 126
Trd, 4319196.943, 124
Trd, 4319197.343, 111
Trd, 4319198.343, 114
Trd, 4319199.293, 106
Trd, 4319200.543, 124
Trd, 4319200.693, 123
Trd, 4319201.693, 122
Trd, 4319202.193, 129
Trd, 4319204.093, 139
Trd, 4319204.893, 127
Trd, 4319205.043, 136
Trd, 4319205.693, 131
Trd, 4319206.493, 116
Trd, 4319206.793, 134
Trd, 4319207.143, 116
Trd, 4319207.493, 104
Trd, 4319207.843, 103
Trd, 4319210.293, 96
Trd, 4319210.593, 96
Trd, 4319211.043, 84
Trd, 4319211.393, 67
Trd, 4319213.243, 60
Trd, 4319213.693, 60
Trd, 4319214.443, 61
Trd, 4319214.943, 60
Trd, 4319215.943, 60
Trd, 4319215.993, 60
Trd, 4319216.543, 74
Trd, 4319217.293, 61
Trd, 4319218.543, 62
Trd, 4319221.843, 70
Trd, 4319221.993, 69
Trd, 4319222.293, 71
Trd, 4319222.543, 87
Trd, 4319222.893, 68
Trd, 4319224.293, 68
Trd, 4319224.743, 71
Trd, 4319225.343, 83
Trd, 4319225.993, 98
Trd, 4319226.143, 92
Trd, 4319226.843, 97
Trd, 4319227.243, 93
Trd, 4319227.643, 92
Trd, 4319229.093, 82
Trd, 4319229.343, 87
Trd, 4319229.643, 78
Trd, 4319230.793, 75
Trd, 4319231.893, 76
Trd, 4319232.443, 80
Trd, 4319232.543, 72
Trd, 4319232.893, 71
Trd, 4319234.043, 60
Trd, 4319234.543, 60
Trd, 4319234.843, 80
Trd, 4319237.093, 61
Trd, 4319237.893, 61
Trd, 4319238.343, 61
Trd, 4319238.543, 61
Trd, 4319239.693, 60
Trd, 4319240.743, 60
Trd, 4319242.693, 70
Trd, 4319242.943, 67
Trd, 4319243.243, 62
Trd, 4319246.193, 60
Trd, 4319246.593, 60
Trd, 4319248.043, 63
Trd, 4319248.193, 60
Trd, 4319248.543, 66
Trd, 4319249.693, 96
Trd, 4319249.743, 97
Trd, 4319250.793, 62
Trd, 4319252.343, 64
Trd, 4319252.793, 60
Trd, 4319254.943, 60
Trd, 4319255.043, 60
Trd, 4319255.393, 61
Trd, 4319255.643, 61
Trd, 4319258.493, 60
Trd, 4319258.793, 60
Trd, 4319258.943, 60
Trd, 4319259.843, 67
Trd, 4319260.343, 62
Trd, 4319260.793, 61
Trd, 4319261.093, 64
Trd, 4319263.193, 108
Trd, 4319263.943, 133
Trd, 4319264.043, 103
Trd, 4319264.193, 99
Trd, 4319264.743, 86
Trd, 4319265.293, 113
Trd, 4319265.693, 70
Trd, 4319266.693, 68
Trd, 4319267.693, 85
Trd, 4319268.393, 92
Trd, 4319269.393, 75
Trd, 4319270.643, 76
Trd, 4319271.143, 79
Trd, 4319271.293, 77
Trd, 4319272.243, 87
Trd, 4319272.593, 72
Trd, 4319273.393, 125
Trd, 4319273.743, 113
Trd, 4319274.393, 107
Trd, 4319274.543, 106
Trd, 4319275.193, 106
Trd, 4319275.593, 124
Trd, 4319276.343, 104
Trd, 4319277.243, 100
Trd, 4319277.943, 95
Trd, 4319279.543, 96
Trd, 4319279.793, 112
Trd, 4319280.693, 92
Trd, 4319280.743, 87
Trd, 4319282.043, 86
Trd, 4319282.993, 140
Trd, 4319283.993, 140
Trd, 4319284.943, 133
Trd, 4319286.593, 137
Trd, 4319286.643, 129
Trd, 4319287.043, 124
Trd, 4319287.393, 139
Trd, 4319288.293, 124
Trd, 4319290.143, 135
Trd, 4319290.193, 120
Trd, 4319291.093, 139
Trd, 4319291.493, 125
Trd, 4319291.693, 125
Trd, 4319291.993, 120
Trd, 4319293.243, 140
Trd, 4319294.743, 140
Trd, 4319295.493, 140
Trd, 4319296.093, 140
Trd, 4319296.843, 140
Trd, 4319297.293, 120
Trd, 4319297.693, 117
Trd, 4319298.193, 77
Trd, 4319299.043, 124
Trd, 4319300.743, 126
Trd, 4319301.443, 119
Trd, 4319302.043, 118
Trd, 4319303.093, 140
Trd, 4319303.643, 114
Trd, 4319304.043, 118
Trd, 4319304.293, 126
Trd, 4319305.393, 139
Trd, 4319307.593, 116
Trd, 4319308.143, 115
Trd, 4319309.243, 115
Trd, 4319310.543, 84
Trd, 4319311.043, 127
Trd, 4319311.243, 84
Trd, 4319313.043, 111
Trd, 4319313.943, 111
Trd, 4319314.793, 129
Trd, 4319315.643, 140
Trd, 4319316.593, 108
Trd, 4319317.293, 96
Trd, 4319317.343, 94
Trd, 4319317.443, 90
Trd, 4319319.093, 128
Trd, 4319319.643, 99
Trd, 4319319.843, 84
Trd, 4319320.493, 120
Trd, 4319320.893, 120
Trd, 4319321.043, 126
Trd, 4319322.693, 72
Trd, 4319325.793, 60
Trd, 4319327.393, 60
Trd, 4319327.543, 60
Trd, 4319327.643, 60
Trd, 4319329.093, 61
Trd, 4319329.193, 61
Trd, 4319329.943, 63
Trd, 4319330.293, 65
Trd, 4319330.843, 61
Trd, 4319331.043, 62
Trd, 4319332.393, 99
Trd, 4319332.493, 96
Trd, 4319332.743, 104
Trd, 4319334.393, 85
Trd, 4319335.043, 60
Trd, 4319335.393, 60
Trd, 4319336.143, 60
Trd, 4319336.643, 61
Trd, 4319337.993, 62
Trd, 4319340.043, 65
Trd, 4319340.543, 61
Trd, 4319340.593, 60
Trd, 4319341.493, 61
Trd, 4319342.143, 63
Trd, 4319343.393, 60
Trd, 4319343.643, 62
Trd, 4319344.743, 68
Trd, 4319345.143, 60
Trd, 4319346.443, 60
Trd, 4319347.343, 60
Trd, 4319347.693, 66
Trd, 4319348.093, 64
Trd, 4319349.493, 65
Trd, 4319349.643, 69
Trd, 4319350.393, 96
Trd, 4319351.793, 71
Trd, 4319351.993, 70
Trd, 4319352.593, 68
Trd, 4319353.143, 72
Trd, 4319353.293, 77
Trd, 4319353.393, 70
Trd, 4319354.243, 69
Trd, 4319355.393, 71
Trd, 4319355.643, 75
Trd, 4319356.443, 119
Trd, 4319357.693, 87
Trd, 4319358.443, 97
Trd, 4319359.443, 79
Trd, 4319359.993, 86
Trd, 4319360.393, 139
Trd, 4319360.943, 139
Trd, 4319361.443, 139
Trd, 4319362.543, 140
Trd, 4319362.643, 139
Trd, 4319362.743, 131
Trd, 4319363.243, 130
Trd, 4319363.293, 124
Trd, 4319365.093, 100
Trd, 4319365.343, 98
Trd, 4319365.943, 97
Trd, 4319365.993, 94
Trd, 4319366.993, 68
Trd, 4319368.493, 60
Trd, 4319369.543, 60
Trd, 4319370.093, 61
Trd, 4319370.993, 64
Trd, 4319371.043, 65
Trd, 4319372.093, 61
Trd, 4319372.693, 66
Trd, 4319373.393, 82
Trd, 4319374.193, 63
Trd, 4319375.793, 62
Trd, 4319376.293, 69
Trd, 4319376.443, 76
Trd, 4319377.143, 71
Trd, 4319377.443, 66
Trd, 4319377.643, 61
Trd, 4319379.293, 60
Trd, 4319379.993, 71
Trd, 4319380.043, 68
Trd, 4319380.293, 76
Trd, 4319380.993, 65
Trd, 4319382.443, 67
Trd, 4319383.893, 62
Trd, 4319384.043, 64
Trd, 4319384.693, 73
Trd, 4319385.493, 66
Trd, 4319387.393, 78
Trd, 4319387.543, 84
Trd, 4319387.743, 74
Trd, 4319388.443, 75
Trd, 4319389.093, 76
Trd, 4319390.493, 76
Trd, 4319391.243, 74
Trd, 4319392.093, 81
Trd, 4319392.193, 83
Trd, 4319392.593, 77
Trd, 4319392.793, 75
Trd, 4319393.093, 137
Trd, 4319394.043, 74
Trd, 4319394.193, 80
Trd, 4319395.693, 78
Trd, 4319396.193, 94
Trd, 4319396.343, 81
Trd, 4319396.493, 96
Trd, 4319396.693, 79
Trd, 4319397.693, 95
Trd, 4319398.293, 91
Trd, 4319399.393, 96
Trd, 4319399.443, 104
Trd, 4319399.993, 112
Trd, 4319403.593, 62
Trd, 4319403.643, 63
Trd, 4319403.693, 61
Trd, 4319403.793, 63
Trd, 4319404.143, 93
Trd, 4319404.893, 62
Trd, 4319406.093, 83
Trd, 4319407.243, 139
Trd, 4319407.743, 116
Trd, 4319407.793, 110
Trd, 4319407.843, 83
Trd, 4319408.593, 98
Trd, 4319409.293, 96
Trd, 4319410.843, 98
Trd, 4319411.543, 97
Trd, 4319413.193, 100
Trd, 4319413.293, 131
Trd, 4319413.993, 107
Trd, 4319414.093, 103
Trd, 4319414.193, 101
Trd, 4319414.793, 89
Trd, 4319414.893, 82
Trd, 4319415.643, 127
Trd, 4319416.143, 99
Trd, 4319417.193, 109
Trd, 4319417.543, 98
Trd, 4319417.843, 126
Trd, 4319419.593, 64
Trd, 4319420.793, 65
Trd, 4319420.993, 66
Trd, 4319421.243, 62
Trd, 4319421.893, 82
Trd, 4319422.943, 90
Trd, 4319423.443, 127
Trd, 4319424.093, 114
Trd, 4319424.343, 107
Trd, 4319424.943, 84
Trd, 4319426.093, 137
Trd, 4319427.543, 103
Trd, 4319427.943, 71
Trd, 4319428.793, 87
Trd, 4319429.393, 87
Trd, 4319430.393, 86
Trd, 4319430.543, 140
Trd, 4319432.293, 92
Trd, 4319433.043, 78
Trd, 4319433.093, 77
Trd, 4319433.443, 73
Trd, 4319433.693, 88
Trd, 4319435.393, 75
Trd, 4319435.643, 76
Trd, 4319437.093, 72
Trd, 4319437.693, 110
Trd, 4319438.493, 87
Trd, 4319439.443, 132
Trd, 4319440.893, 128
Trd, 4319441.093, 140
Trd, 4319441.243, 124
Trd, 4319441.843, 114
Trd, 4319442.243, 101
Trd, 4319443.443, 109
Trd, 4319443.493, 104
Trd, 4319443.593, 96
Trd, 4319445.043, 120
Trd, 4319447.193, 109
Trd, 4319447.943, 136
Trd, 4319448.793, 112
Trd, 4319449.043, 119
Trd, 4319449.793, 109
Trd, 4319449.943, 108
Trd, 4319450.543, 107
Trd, 4319451.243, 139
Trd, 4319451.293, 102
Trd, 4319453.093, 132
Trd, 4319453.743, 113
Trd, 4319454.293, 99
Trd, 4319454.993, 137
Trd, 4319455.543, 122
Trd, 4319456.643, 124
Trd, 4319457.093, 116
Trd, 4319458.643, 140
Trd, 4319459.543, 117
Trd, 4319459.893, 117
Trd, 4319460.593, 138
Trd, 4319461.393, 140
Trd, 4319462.493, 127
Trd, 4319463.093, 115
Trd, 4319463.143, 114
Trd, 4319463.343, 104
Trd, 4319464.293, 98
Trd, 4319465.193, 96
Trd, 4319466.193, 100
Trd, 4319466.893, 71
Trd, 4319467.493, 69
Trd, 4319467.893, 67
Trd, 4319468.143, 67
Trd, 4319468.993, 71
Trd, 4319469.443, 74
Trd, 4319471.093, 136
Trd, 4319471.543, 93
Trd, 4319471.793, 135
Trd, 4319472.093, 82
Trd, 4319472.843, 64
Trd, 4319474.593, 73
Trd, 4319475.893, 67
Trd, 4319476.793, 68
Trd, 4319477.643, 76
Trd, 4319477.843, 67
Trd, 4319478.193, 72
Trd, 4319478.793, 73
Trd, 4319479.443, 140
Trd, 4319480.293, 140
Trd, 4319481.643, 140
Trd, 4319481.793, 140
Trd, 4319483.143, 140
Trd, 4319483.193, 135
Trd, 4319483.993, 124
Trd, 4319484.593, 106
Trd, 4319484.693, 94
Trd, 4319485.343, 84
Trd, 4319486.793, 60
Trd, 4319488.593, 60
Trd, 4319488.993, 60
Trd, 4319490.543, 61
Trd, 4319490.593, 65
Trd, 4319490.893, 65
Trd, 4319491.093, 65
Trd, 4319491.643, 61
Trd, 4319492.093, 75
Trd, 4319493.243, 63
Trd, 4319493.293, 75
Trd, 4319494.093, 69
Trd, 4319494.193, 76
Trd, 4319495.593, 64
Trd, 4319495.843, 64
Trd, 4319496.343, 64
Trd, 4319496.543, 65
Trd, 4319499.093, 76
Trd, 4319499.143, 74
Trd, 4319501.543, 87
Trd, 4319501.643, 96
Trd, 4319502.043, 84
Trd, 4319502.193, 83
Trd, 4319502.793, 67
Trd, 4319503.143, 95
Trd, 4319504.443, 60
Trd, 4319505.593, 60
Trd, 4319506.543, 62
Trd, 4319506.593, 61
Trd, 4319507.493, 60
Trd, 4319507.743, 61
Trd, 4319509.093, 91
Trd, 4319509.193, 96
Trd, 4319509.393, 81
Trd, 4319509.693, 78
Trd, 4319510.543, 107
Trd, 4319511.743, 75
Trd, 4319512.193, 85
Trd, 4319512.443, 72
Trd, 4319514.243, 79
Trd, 4319514.693, 81
Trd, 4319517.093, 112
Trd, 4319518.293, 140
Trd, 4319518.693, 140
Trd, 4319519.243, 140
Trd, 4319519.943, 140
Trd, 4319520.893, 129
Trd, 4319521.393, 115
Trd, 4319521.593, 99
Trd, 4319522.293, 86
Trd, 4319523.143, 121
Trd, 4319524.443, 119
Trd, 4319526.443, 120
Trd, 4319526.493, 108
Trd, 4319527.243, 139
Trd, 4319527.743, 131
Trd, 4319528.543, 122
Trd, 4319528.643, 120
Trd, 4319529.243, 118
Trd, 4319531.043, 140
Trd, 4319531.493, 140
Trd, 4319531.643, 140
Trd, 4319532.543, 132
Trd, 4319534.143, 139
Trd, 4319534.193, 125
Trd, 4319535.393, 127
Trd, 4319535.593, 126
Trd, 4319536.693, 119
Trd, 4319536.743, 112
Trd, 4319537.693, 135
Trd, 4319537.943, 108
Trd, 4319538.793, 112
Trd, 4319538.843, 112
Trd, 4319539.643, 114
Trd, 4319540.243, 112
Trd, 4319542.043, 106
Trd, 4319543.093, 139
Trd, 4319544.043, 125
Trd, 4319544.193, 125
Trd, 4319545.893, 139
Trd, 4319546.043, 140
Trd, 4319546.543, 135
Trd, 4319547.243, 136
Trd, 4319548.643, 135
Trd, 4319549.293, 140
Trd, 4319549.493, 111
Trd, 4319550.743, 97
Trd, 4319551.393, 135
Trd, 4319552.743, 113
Trd, 4319553.143, 113
Trd, 4319553.493, 97
Trd, 4319554.793, 98
Trd, 4319555.493, 137
Trd, 4319556.443, 96
Trd, 4319556.593, 94
Trd, 4319556.793, 136
Trd, 4319557.593, 91
Trd, 4319558.793, 125
Trd, 4319559.693, 80
Trd, 4319560.243, 139
Trd, 4319560.993, 125
Trd, 4319562.443, 135
Trd, 4319562.493, 127
Trd, 4319562.593, 125
Trd, 4319563.793, 104
Trd, 4319564.343, 96
Trd, 4319564.393, 95
Trd, 4319566.543, 130
Trd, 4319567.193, 88
Trd, 4319567.393, 132
Trd, 4319567.793, 115
Trd, 4319568.243, 114
Trd, 4319569.443, 90
Trd, 4319569.793, 88
Trd, 4319570.643, 87
Trd, 4319570.893, 83
Trd, 4319571.893, 139
Trd, 4319573.143, 83
Trd, 4319573.443, 82
Trd, 4319573.593, 82
Trd, 4319573.743, 84
Trd, 4319574.093, 88
Trd, 4319574.843, 88
Trd, 4319575.043, 82
Trd, 4319575.193, 80
Trd, 4319575.243, 72
Trd, 4319575.543, 132
Trd, 4319577.143, 63
Trd, 4319578.293, 76
Trd, 4319580.443, 115
Trd, 4319580.643, 105
Trd, 4319581.193, 107
Trd, 4319582.043, 79
Trd, 4319582.543, 62
Trd, 4319583.643, 140
Trd, 4319583.693, 137
Trd, 4319583.793, 127
Trd, 4319583.893, 120
Trd, 4319585.393, 63
Trd, 4319586.743, 60
Trd, 4319587.443, 63
Trd, 4319588.343, 62
Trd, 4319588.793, 63
Trd, 4319589.793, 64
Trd, 4319590.043, 64
Trd, 4319590.443, 68
Trd, 4319590.893, 67
Trd, 4319593.293, 60
Trd, 4319593.343, 60
Trd, 4319594.593, 62
Trd, 4319594.643, 60
Trd, 4319594.843, 69
Trd, 4319595.393, 63
Trd, 4319595.893, 70
Trd, 4319598.243, 60
Trd, 4319598.343, 62
Trd, 4319599.693, 60
Trd, 4319600.443, 64
Trd, 4319600.693, 63
Trd, 4319601.243, 126
Trd, 4319602.793, 87
Trd, 4319603.143, 88
Trd, 4319603.643, 108
Trd, 4319604.293, 89
Trd, 4319604.893, 72
Trd, 4319605.293, 103
Trd, 4319606.193, 71
Trd, 4319607.493, 140
Trd, 4319608.993, 116
Trd, 4319609.643, 103
Trd, 4319609.993, 139
Trd, 4319610.893, 138
Trd, 4319611.193, 123
Trd, 4319611.243, 117
Trd, 4319612.493, 95
Trd, 4319613.343, 62
Trd, 4319614.743, 61
Trd, 4319615.393, 61
Trd, 4319615.543, 62
Trd, 4319615.643, 63
Trd, 4319616.693, 67
Trd, 4319617.093, 68
Trd, 4319617.393, 65
Trd, 4319617.943, 62
Trd, 4319618.243, 70
Trd, 4319618.993, 64
Trd, 4319620.593, 118
Trd, 4319621.243, 135
Trd, 4319621.293, 83
Trd, 4319623.893, 77
Trd, 4319624.443, 77
Trd, 4319625.393, 82
Trd, 4319626.093, 82
Trd, 4319626.193, 81
Trd, 4319626.493, 77
Trd, 4319626.643, 82
Trd, 4319626.693, 74
Trd, 4319627.793, 86
Trd, 4319627.993, 90
Trd, 4319628.343, 77
Trd, 4319629.593, 125
Trd, 4319631.243, 111
Trd, 4319632.343, 109
Trd, 4319634.193, 140
Trd, 4319634.443, 140
Trd, 4319635.143, 131
Trd, 4319636.393, 139
Trd, 4319636.543, 132
Trd, 4319637.093, 130
Trd, 4319637.693, 124
Trd, 4319637.943, 117
Trd, 4319638.843, 92
Trd, 4319639.043, 90
Trd, 4319639.493, 83
Trd, 4319639.943, 129
Trd, 4319641.043, 140
Trd, 4319641.743, 139
Trd, 4319642.143, 133
Trd, 4319643.093, 125
Trd, 4319644.093, 108
Trd, 4319644.993, 140
Trd, 4319647.293, 109
Trd, 4319647.793, 134
Trd, 4319647.893, 108
Trd, 4319648.093, 107
Trd, 4319648.293, 105
Trd, 4319648.443, 95
Trd, 4319649.393, 77
Trd, 4319650.543, 61
Trd, 4319651.943, 60
Trd, 4319652.643, 60
Trd, 4319652.793, 71
Trd, 4319653.943, 60
Trd, 4319655.493, 62
Trd, 4319655.943, 61
Trd, 4319656.043, 63
Trd, 4319656.743, 63
Trd, 4319656.793, 83
Trd, 4319657.293, 68
Trd, 4319658.243, 81
Trd, 4319658.943, 80
Trd, 4319659.193, 76
Trd, 4319659.443, 73
Trd, 4319660.193, 87
Trd, 4319660.743, 140
Trd, 4319663.843, 60
Trd, 4319663.993, 60
Trd, 4319664.643, 62
Trd, 4319664.843, 65
Trd, 4319665.843, 92
Trd, 4319666.193, 87
Trd, 4319666.393, 84
Trd, 4319666.443, 77
Trd, 4319666.543, 105
Trd, 4319667.943, 105
Trd, 4319668.043, 82
Trd, 4319668.643, 130
Trd, 4319669.043, 104
Trd, 4319671.243, 60
Trd, 4319672.443, 60
Trd, 4319673.243, 61
Trd, 4319674.043, 61
Trd, 4319674.743, 69
Trd, 4319675.143, 65
Trd, 4319675.443, 72
Trd, 4319675.943, 79
Trd, 4319676.093, 73
Trd, 4319676.193, 64
Trd, 4319678.593, 60
Trd, 4319678.643, 60
Trd, 4319679.443, 67
Trd, 4319680.893, 60
Trd, 4319681.793, 60
Trd, 4319682.243, 67
Trd, 4319682.443, 68
Trd, 4319682.693, 66
Trd, 4319682.843, 61
Trd, 4319684.743, 60
Trd, 4319685.493, 62
Trd, 4319685.843, 61
Trd, 4319686.443, 61
Trd, 4319687.643, 63
Trd, 4319688.943, 64
Trd, 4319689.343, 60
Trd, 4319689.793, 71
Trd, 4319689.893, 69
Trd, 4319691.043, 82
Trd, 4319691.243, 67
Trd, 4319692.243, 132
Trd, 4319693.343, 86
Trd, 4319693.493, 66
Trd, 4319693.993, 118
Trd, 4319694.443, 67
Trd, 4319696.043, 82
Trd, 4319696.193, 71
Trd, 4319697.843, 75
Trd, 4319698.443, 134
Trd, 4319699.443, 123
Trd, 4319699.793, 117
Trd, 4319699.843, 139
Trd, 4319699.893, 111
Trd, 4319701.493, 60
Trd, 4319701.543, 61
Trd, 4319702.993, 71
Trd, 4319703.943, 65
Trd, 4319704.043, 64
Trd, 4319704.643, 61
Trd, 4319705.343, 60
Trd, 4319706.343, 60
Trd, 4319706.793, 60
Trd, 4319708.293, 60
Trd, 4319709.043, 60
Trd, 4319709.793, 61
Trd, 4319710.743, 64
Trd, 4319711.293, 60
Trd, 4319711.843, 60
Trd, 4319712.043, 89
Trd, 4319713.393, 79
Trd, 4319713.443, 77
Trd, 4319713.893, 60
Trd, 4319714.093, 60
Trd, 4319715.443, 64
Trd, 4319716.743, 66
Trd, 4319716.943, 67
Trd, 4319717.293, 62
Trd, 4319718.043, 74
Trd, 4319718.343, 72
Trd, 4319719.793, 79
Trd, 4319719.843, 139
Trd, 4319721.743, 86
Trd, 4319722.543, 101
Trd, 4319722.743, 67
Trd, 4319723.193, 66
Trd, 4319723.893, 79
Trd, 4319726.543, 60
Trd, 4319727.093, 60
Trd, 4319727.393, 67
Trd, 4319727.643, 60
Trd, 4319728.493, 70
Trd, 4319729.593, 77
Trd, 4319730.243, 78
Trd, 4319730.343, 75
Trd, 4319731.793, 60
Trd, 4319733.993, 60
Trd, 4319734.243, 61
Trd, 4319735.893, 63
Trd, 4319736.943, 60
Trd, 4319737.343, 60
Trd, 4319737.643, 60
Trd, 4319737.743, 62
Trd, 4319737.993, 70
Trd, 4319738.993, 71
Trd, 4319739.343, 69
Trd, 4319741.093, 60
Trd, 4319742.243, 61
Trd, 4319742.643, 63
Trd, 4319742.943, 61
Trd, 4319743.493, 63
Trd, 4319744.493, 66
Trd, 4319744.993, 65
Trd, 4319745.143, 78
Trd, 4319745.643, 62
Trd, 4319745.693, 82
Trd, 4319746.243, 66
Trd, 4319747.193, 83
Trd, 4319748.093, 83
Trd, 4319748.243, 120
Trd, 4319748.993, 82
Trd, 4319750.793, 66
Trd, 4319751.443, 80
Trd, 4319752.093, 78
Trd, 4319752.193, 77
Trd, 4319752.943, 76
Trd, 4319753.093, 89
Trd, 4319753.543, 103
Trd, 4319753.643, 80
Trd, 4319753.943, 81
Trd, 4319755.193, 88
Trd, 4319755.543, 83
Trd, 4319757.443, 62
Trd, 4319757.743, 63
Trd, 4319758.143, 60
Trd, 4319758.293, 61
Trd, 4319759.443, 84
Trd, 4319759.643, 62
Trd, 4319760.893, 61
Trd, 4319762.393, 140
Trd, 4319762.943, 140
Trd, 4319763.243, 140
Trd, 4319763.993, 125
Trd, 4319764.343, 111
Trd, 4319765.143, 102
Trd, 4319765.543, 130
Trd, 4319766.843, 99
Trd, 4319767.443, 97
Trd, 4319768.343, 87
Trd, 4319768.743, 120
Trd, 4319770.993, 123
Trd, 4319771.543, 85
Trd, 4319772.243, 86
Trd, 4319772.443, 83
Trd, 4319772.993, 82
Trd, 4319774.893, 110
Trd, 4319775.093, 111
Trd, 4319775.343, 93
Trd, 4319775.443, 85
Trd, 4319776.793, 75
Trd, 4319778.193, 75
Trd, 4319778.793, 139
Trd, 4319778.893, 131
Trd, 4319780.243, 137
Trd, 4319780.293, 136
Trd, 4319780.443, 128
Trd, 4319781.193, 121
Trd, 4319782.443, 140
Trd, 4319782.993, 124
Trd, 4319784.843, 139
Trd, 4319785.143, 140
Trd, 4319786.143, 140
Trd, 4319787.293, 132
Trd, 4319787.343, 131
Trd, 4319788.193, 120
Trd, 4319789.793, 139
Trd, 4319789.893, 131
Trd, 4319790.043, 121
Trd, 4319791.143, 129
Trd, 4319791.493, 128
Trd, 4319792.043, 120
Trd, 4319793.143, 92
Trd, 4319793.593, 135
Trd, 4319793.793, 89
Trd, 4319794.443, 61
Trd, 4319796.793, 72
Trd, 4319796.843, 67
Trd, 4319797.143, 75
Trd, 4319797.243, 91
Trd, 4319797.843, 71
Trd, 4319797.943, 137
Trd, 4319798.793, 81
Trd, 4319800.693, 79
Trd, 4319801.143, 94
Trd, 4319801.693, 95
Trd, 4319802.993, 105
Trd, 4319803.243, 104
Trd, 4319803.293, 102
Trd, 4319803.443, 100
Trd, 4319804.443, 87
Trd, 4319804.693, 83
Trd, 4319805.593, 123
Trd, 4319805.843, 80
Trd, 4319805.993, 125
Trd, 4319807.293, 117
Trd, 4319808.793, 86
Trd, 4319808.893, 83
Trd, 4319810.243, 97
Trd, 4319810.643, 138
Trd, 4319811.143, 139
Trd, 4319812.043, 127
Trd, 4319813.143, 120
Trd, 4319813.243, 119
Trd, 4319813.293, 115
Trd, 4319814.643, 98
Trd, 4319815.843, 107
Trd, 4319816.693, 92
Trd, 4319817.893, 94
Trd, 4319818.093, 87
Trd, 4319818.193, 86
Trd, 4319818.793, 84
Trd, 4319818.943, 99
Trd, 4319819.893, 82
Trd, 4319820.393, 81
Trd, 4319821.943, 60
Trd, 4319822.193, 60
Trd, 4319822.393, 60
Trd, 4319822.893, 73
Trd, 4319823.093, 70
Trd, 4319823.693, 63
Trd, 4319824.693, 139
Trd, 4319825.643, 117
Trd, 4319825.943, 108
Trd, 4319826.443, 99
Trd, 4319827.643, 100
Trd, 4319828.593, 97
Trd, 4319829.143, 96
Trd, 4319830.793, 98
Trd, 4319830.893, 135
Trd, 4319831.593, 99
Trd, 4319832.543, 118
Trd, 4319832.693, 113
Trd, 4319832.793, 106
Trd, 4319833.893, 110
Trd, 4319835.343, 117
Trd, 4319835.443, 113
Trd, 4319835.943, 109
Trd, 4319836.243, 108
Trd, 4319837.093, 78
Trd, 4319837.293, 117
Trd, 4319837.493, 132
Trd, 4319838.743, 70
Trd, 4319841.093, 78
Trd, 4319841.343, 75
Trd, 4319841.543, 68
Trd, 4319842.793, 65
Trd, 4319843.193, 64
Trd, 4319846.043, 60
Trd, 4319846.143, 60
Trd, 4319847.393, 60
Trd, 4319847.493, 61
Trd, 4319847.943, 60
Trd, 4319848.343, 61
Trd, 4319849.043, 64
Trd, 4319849.093, 66
Trd, 4319849.243, 74
Trd, 4319849.793, 114
Trd, 4319850.143, 113
Trd, 4319850.293, 106
Trd, 4319850.543, 61
Trd, 4319853.443, 65
Trd, 4319853.943, 66
Trd, 4319854.093, 67
Trd, 4319854.443, 64
Trd, 4319854.943, 64
Trd, 4319855.293, 87
Trd, 4319857.343, 60
Trd, 4319857.743, 63
Trd, 4319858.543, 66
Trd, 4319859.193, 66
Trd, 4319861.543, 140
Trd, 4319861.643, 140
Trd, 4319861.893, 140
Trd, 4319862.093, 131
Trd, 4319862.693, 134
Trd, 4319863.093, 124
Trd, 4319863.393, 101
Trd, 4319864.193, 101
Trd, 4319864.743, 69
Trd, 4319867.643, 60
Trd, 4319868.243, 65
Trd, 4319868.593, 67
Trd, 4319868.693, 68
Trd, 4319869.443, 70
Trd, 4319869.593, 64
Trd, 4319869.893, 64
Trd, 4319870.893, 63
Trd, 4319871.343, 69
Trd, 4319872.093, 63
Trd, 4319873.293, 73
Trd, 4319875.493, 77
Trd, 4319875.993, 80
Trd, 4319876.493, 97
Trd, 4319877.893, 140
Trd, 4319878.693, 111
Trd, 4319878.943, 103
Trd, 4319879.543, 100
Trd, 4319881.043, 129
Trd, 4319881.093, 122
Trd, 4319881.243, 116
Trd, 4319881.943, 115
Trd, 4319882.793, 92
Trd, 4319885.343, 60
Trd, 4319885.643, 60
Trd, 4319885.993, 60
Trd, 4319886.693, 60
Trd, 4319887.243, 74
Trd, 4319888.943, 65
Trd, 4319889.393, 66
Trd, 4319889.593, 64
Trd, 4319890.143, 65
Trd, 4319890.693, 67
Trd, 4319891.893, 79
Trd, 4319892.143, 80
Trd, 4319892.643, 69
Trd, 4319893.043, 67
Trd, 4319894.293, 135
Trd, 4319895.543, 96
Trd, 4319896.093, 139
Trd, 4319896.593, 75
Trd, 4319897.643, 83
Trd, 4319898.893, 90
Trd, 4319899.893, 90
Trd, 4319899.943, 89
Trd, 4319901.193, 64
Trd, 4319901.843, 64
Trd, 4319902.593, 64
Trd, 4319902.993, 66
Trd, 4319903.193, 64
Trd, 4319903.543, 66
Trd, 4319904.043, 63
Trd, 4319904.143, 64
Trd, 4319904.843, 68
Trd, 4319904.893, 64
Trd, 4319906.743, 60
Trd, 4319907.193, 77
Trd, 4319908.043, 61
Trd, 4319908.993, 62
Trd, 4319909.693, 61
Trd, 4319909.793, 62
Trd, 4319911.043, 68
Trd, 4319911.943, 69
Trd, 4319912.493, 72
Trd, 4319912.943, 68
Trd, 4319913.043, 67
Trd, 4319913.593, 60
Trd, 4319916.343, 60
Trd, 4319916.443, 60
Trd, 4319917.593, 60
Trd, 4319918.193, 65
Trd, 4319918.293, 61
Trd, 4319918.393, 64
Trd, 4319919.543, 60
Trd, 4319920.593, 77
Trd, 4319920.993, 79
Trd, 4319921.143, 60
Trd, 4319921.743, 64
Trd, 4319922.193, 67
Trd, 4319924.893, 65
Trd, 4319925.393, 65
Trd, 4319925.643, 66
Trd, 4319925.793, 61
Trd, 4319926.893, 63
Trd, 4319927.043, 64
Trd, 4319927.543, 63
Trd, 4319927.793, 61
Trd, 4319927.893, 60
Trd, 4319929.743, 60
Trd, 4319931.693, 60
Trd, 4319932.543, 60
Trd, 4319933.893, 65
Trd, 4319934.493, 61
Trd, 4319934.643, 64
Trd, 4319935.543, 64
Trd, 4319935.643, 65
Trd, 4319936.743, 131
Trd, 4319936.943, 130
Trd, 4319938.293, 139
Trd, 4319938.543, 103
Trd, 4319940.343, 91
Trd, 4319940.743, 106
Trd, 4319940.793, 91
Trd, 4319941.343, 94
Trd, 4319942.093, 93
Trd, 4319943.493, 95
Trd, 4319944.393, 94
Trd, 4319944.993, 139
Trd, 4319945.543, 139
Trd, 4319946.443, 133
Trd, 4319947.043, 120
Trd, 4319948.043, 112
Trd, 4319948.843, 138
Trd, 4319950.443, 140
Trd, 4319950.543, 139
Trd, 4319950.793, 131
Trd, 4319950.943, 125
Trd, 4319951.793, 116
Trd, 4319953.693, 135
Trd, 4319954.543, 139
Trd, 4319954.643, 124
Trd, 4319955.793, 121
Trd, 4319956.093, 131
Trd, 4319957.343, 140
Trd, 4319958.493, 140
Trd, 4319958.793, 131
Trd, 4319959.493, 140
Trd, 4319962.143, 129
Trd, 4319962.943, 130
Trd, 4319963.043, 131
Trd, 4319963.443, 130
Trd, 4319963.993, 121
Trd, 4319964.993, 130
Trd, 4319965.193, 108
Trd, 4319965.443, 100
Trd, 4319965.593, 95
Trd, 4319967.343, 135
Trd, 4319967.943, 132
Trd, 4319968.193, 131
Trd, 4319970.243, 136
Trd, 4319970.593, 129
Trd, 4319970.793, 128
Trd, 4319970.943, 124
Trd, 4319971.843, 118
Trd, 4319972.743, 119
Trd, 4319972.993, 100
Trd, 4319973.543, 108
Trd, 4319974.293, 79
Trd, 4319974.443, 132
Trd, 4319976.693, 78
Trd, 4319976.943, 78
Trd, 4319977.293, 127
Trd, 4319977.793, 87
Trd, 4319978.543, 89
Trd, 4319979.493, 134
Trd, 4319979.693, 113
Trd, 4319980.243, 81
Trd, 4319981.593, 109
Trd, 4319981.993, 108
Trd, 4319982.143, 107
Trd, 4319982.643, 95
Trd, 4319983.493, 108
Trd, 4319984.093, 83
Trd, 4319984.493, 105
Trd, 4319985.293, 103
Trd, 4319985.843, 121
Trd, 4319987.093, 78
Trd, 4319987.293, 79
Trd, 4319987.543, 75
Trd, 4319987.593, 73
Trd, 4319989.443, 64
Trd, 4319991.793, 60
Trd, 4319991.893, 64
Trd, 4319992.143, 71
Trd, 4319992.743, 90
Trd, 4319993.043, 76
Trd, 4319995.393, 60
Trd, 4319995.693, 61
Trd, 4319996.043, 60
Trd, 4319996.843, 61
Trd, 4319997.793, 69
Trd, 4319998.143, 63
Trd, 4319999.043, 64
Trd, 4319999.693, 68
