Trd, 4318177.743, 89
Trd, 4318177.793, 83
Trd, 4318178.443, 85
Trd, 4318179.043, 91
Trd, 4318179.493, 107
Trd, 4318180.243, 74
Trd, 4318180.593, 84
Trd, 4318181.593, 61
Trd, 4318181.993, 61
Trd, 4318182.693, 138
Trd, 4318182.893, 118
Trd, 4318184.293, 93
Trd, 4318185.243, 96
Trd, 4318185.443, 113
Trd, 4318185.593, 93
Trd, 4318186.393, 87
Trd, 4318187.143, 86
Trd, 4318187.493, 114
Trd, 4318187.743, 85
Trd, 4318188.393, 140
Trd, 4318189.093, 122
Trd, 4318189.743, 66
Trd, 4318190.843, 121
Trd, 4318191.293, 105
Trd, 4318191.843, 131
Trd, 4318192.893, 118
Trd, 4318194.143, 102
Trd, 4318194.293, 111
Trd, 4318194.693, 91
Trd, 4318195.043, 104
Trd, 4318195.493, 89
Trd, 4318197.443, 61
Trd, 4318198.393, 68
Trd, 4318198.643, 67
Trd, 4318198.993, 139
Trd, 4318199.193, 138
Trd, 4318199.643, 123
Trd, 4318200.843, 108
Trd, 4318200.993, 111
Trd, 4318201.693, 124
Trd, 4318202.943, 61
Trd, 4318203.793, 60
Trd, 4318204.193, 70
Trd, 4318205.193, 102
Trd, 4318205.343, 101
Trd, 4318206.293, 71
Trd, 4318206.543, 89
Trd, 4318207.343, 115
Trd, 4318207.543, 103
Trd, 4318208.493, 109
Trd, 4318208.693, 105
Trd, 4318208.943, 122
Trd, 4318209.743, 93
Trd, 4318210.393, 76
Trd, 4318210.993, 98
Trd, 4318211.093, 107
Trd, 4318211.493, 76
Trd, 4318211.593, 71
Trd, 4318212.193, 69
Trd, 4318212.393, 72
Trd, 4318213.193, 88
Trd, 4318214.593, 92
Trd, 4318215.093, 83
Trd, 4318215.493, 77
Trd, 4318215.693, 110
Trd, 4318216.393, 60
Trd, 4318216.743, 62
Trd, 4318218.043, 139
Trd, 4318219.543, 74
Trd, 4318219.693, 89
Trd, 4318220.543, 102
Trd, 4318220.943, 85
Trd, 4318221.443, 81
Trd, 4318221.893, 67
Trd, 4318221.943, 107
Trd, 4318222.893, 137
Trd, 4318223.343, 69
Trd, 4318224.493, 135
Trd, 4318224.543, 118
Trd, 4318224.593, 112
Trd, 4318226.693, 138
Trd, 4318226.793, 133
Trd, 4318229.143, 105
Trd, 4318229.193, 104
Trd, 4318229.493, 100
Trd, 4318229.593, 96
Trd, 4318230.493, 79
Trd, 4318230.993, 76
Trd, 4318232.593, 112
Trd, 4318232.993, 80
Trd, 4318233.443, 60
Trd, 4318233.943, 69
Trd, 4318234.443, 103
Trd, 4318235.543, 66
Trd, 4318236.343, 108
Trd, 4318236.643, 120
Trd, 4318236.943, 73
Trd, 4318236.993, 64
Trd, 4318237.193, 137
Trd, 4318239.543, 61
Trd, 4318239.793, 63
Trd, 4318240.193, 74
Trd, 4318240.393, 68
Trd, 4318240.993, 125
Trd, 4318241.093, 87
Trd, 4318241.643, 79
Trd, 4318242.593, 78
Trd, 4318243.843, 71
Trd, 4318244.893, 60
Trd, 4318244.993, 62
Trd, 4318246.043, 68
Trd, 4318246.893, 60
Trd, 4318247.543, 66
Trd, 4318247.793, 82
Trd, 4318249.293, 74
Trd, 4318249.893, 88
Trd, 4318249.943, 82
Trd, 4318250.193, 81
Trd, 4318251.143, 106
Trd, 4318251.193, 95
Trd, 4318251.643, 140
Trd, 4318253.493, 139
Trd, 4318253.593, 135
Trd, 4318253.693, 124
Trd, 4318253.943, 97
Trd, 4318254.193, 63
Trd, 4318256.293, 67
Trd, 4318256.793, 61
Trd, 4318257.643, 60
Trd, 4318258.093, 108
Trd, 4318258.543, 73
Trd, 4318259.443, 74
Trd, 4318259.893, 64
Trd, 4318260.193, 60
Trd, 4318260.493, 71
Trd, 4318261.543, 67
Trd, 4318264.193, 61
Trd, 4318264.543, 77
Trd, 4318264.893, 81
Trd, 4318266.193, 74
Trd, 4318266.543, 66
Trd, 4318266.643, 62
Trd, 4318267.743, 95
Trd, 4318268.293, 86
Trd, 4318268.593, 75
Trd, 4318269.243, 101
Trd, 4318269.493, 100
Trd, 4318269.843, 95
Trd, 4318270.543, 139
Trd, 4318271.043, 76
Trd, 4318271.293, 75
Trd, 4318273.243, 112
Trd, 4318274.243, 66
Trd, 4318274.543, 79
Trd, 4318274.843, 96
Trd, 4318274.993, 105
Trd, 4318275.043, 93
Trd, 4318276.293, 72
Trd, 4318276.893, 72
Trd, 4318277.493, 139
Trd, 4318278.443, 76
Trd, 4318279.243, 87
Trd, 4318279.743, 70
Trd, 4318280.343, 118
Trd, 4318281.043, 135
Trd, 4318281.393, 105
Trd, 4318283.293, 61
Trd, 4318283.393, 72
Trd, 4318285.043, 60
Trd, 4318285.243, 61
Trd, 4318285.943, 61
Trd, 4318286.043, 62
Trd, 4318287.443, 67
Trd, 4318287.643, 68
Trd, 4318288.443, 60
Trd, 4318289.393, 63
Trd, 4318290.343, 61
Trd, 4318291.393, 61
Trd, 4318292.493, 62
Trd, 4318292.693, 62
Trd, 4318293.843, 60
Trd, 4318294.943, 60
Trd, 4318295.343, 63
Trd, 4318295.943, 67
Trd, 4318296.243, 65
Trd, 4318296.743, 65
Trd, 4318297.043, 64
Trd, 4318297.243, 83
Trd, 4318297.843, 110
Trd, 4318298.393, 139
Trd, 4318299.093, 96
Trd, 4318299.243, 96
Trd, 4318300.093, 76
Trd, 4318300.443, 121
Trd, 4318300.643, 73
Trd, 4318301.743, 71
Trd, 4318301.993, 110
Trd, 4318302.493, 71
Trd, 4318303.293, 60
Trd, 4318303.893, 60
Trd, 4318304.243, 63
Trd, 4318305.243, 105
Trd, 4318305.393, 97
Trd, 4318305.893, 94
Trd, 4318306.643, 99
Trd, 4318306.843, 92
Trd, 4318307.643, 96
Trd, 4318308.443, 94
Trd, 4318309.093, 136
Trd, 4318309.393, 121
Trd, 4318309.893, 108
Trd, 4318310.943, 68
Trd, 4318312.043, 61
Trd, 4318314.043, 64
Trd, 4318314.143, 66
Trd, 4318314.343, 79
Trd, 4318315.143, 140
Trd, 4318315.593, 118
Trd, 4318315.743, 109
Trd, 4318316.343, 97
Trd, 4318316.393, 93
Trd, 4318318.393, 71
Trd, 4318318.993, 61
Trd, 4318319.043, 63
Trd, 4318319.293, 131
Trd, 4318319.643, 60
Trd, 4318320.993, 62
Trd, 4318321.593, 62
Trd, 4318322.893, 61
Trd, 4318323.593, 84
Trd, 4318324.093, 104
Trd, 4318324.593, 128
Trd, 4318324.993, 124
Trd, 4318325.243, 115
Trd, 4318326.243, 106
Trd, 4318326.543, 99
Trd, 4318327.193, 139
Trd, 4318327.293, 86
Trd, 4318328.343, 96
Trd, 4318328.643, 140
Trd, 4318328.693, 104
Trd, 4318329.843, 68
Trd, 4318330.443, 114
Trd, 4318331.243, 134
Trd, 4318332.243, 130
Trd, 4318332.393, 113
Trd, 4318332.943, 116
Trd, 4318333.793, 121
Trd, 4318334.693, 116
Trd, 4318334.893, 112
Trd, 4318335.093, 104
Trd, 4318335.443, 111
Trd, 4318335.593, 79
Trd, 4318336.493, 90
Trd, 4318337.343, 83
Trd, 4318338.043, 140
Trd, 4318338.943, 140
Trd, 4318339.243, 77
Trd, 4318340.043, 132
Trd, 4318340.593, 61
Trd, 4318341.743, 62
Trd, 4318342.143, 102
Trd, 4318342.643, 95
Trd, 4318342.943, 93
Trd, 4318343.093, 87
Trd, 4318343.343, 83
Trd, 4318344.593, 66
Trd, 4318345.543, 66
Trd, 4318345.993, 62
Trd, 4318346.643, 62
Trd, 4318348.393, 130
Trd, 4318348.843, 119
Trd, 4318348.993, 109
Trd, 4318349.293, 73
Trd, 4318350.593, 62
Trd, 4318351.443, 61
Trd, 4318351.693, 127
Trd, 4318352.543, 60
Trd, 4318353.793, 61
Trd, 4318354.543, 62
Trd, 4318354.993, 63
Trd, 4318356.593, 65
Trd, 4318356.693, 61
Trd, 4318357.043, 135
Trd, 4318357.893, 73
Trd, 4318358.043, 71
Trd, 4318359.093, 119
Trd, 4318359.743, 72
Trd, 4318360.443, 80
Trd, 4318360.693, 87
Trd, 4318360.843, 77
Trd, 4318361.643, 134
Trd, 4318362.993, 68
Trd, 4318363.193, 67
Trd, 4318364.593, 114
Trd, 4318365.293, 62
Trd, 4318365.693, 79
Trd, 4318366.143, 61
Trd, 4318368.043, 62
Trd, 4318368.393, 61
Trd, 4318368.943, 70
Trd, 4318368.993, 103
Trd, 4318369.243, 60
Trd, 4318369.693, 139
Trd, 4318371.043, 115
Trd, 4318371.243, 83
Trd, 4318371.493, 60
Trd, 4318373.193, 77
Trd, 4318373.443, 86
Trd, 4318373.543, 60
Trd, 4318373.743, 114
Trd, 4318374.493, 61
Trd, 4318375.643, 62
Trd, 4318376.643, 62
Trd, 4318377.093, 72
Trd, 4318377.243, 61
Trd, 4318377.693, 60
Trd, 4318378.193, 64
Trd, 4318380.243, 70
Trd, 4318381.193, 61
Trd, 4318381.493, 62
Trd, 4318382.093, 62
Trd, 4318382.343, 68
Trd, 4318383.043, 69
Trd, 4318383.193, 66
Trd, 4318384.243, 67
Trd, 4318385.693, 61
Trd, 4318386.243, 61
Trd, 4318386.593, 62
Trd, 4318386.943, 92
Trd, 4318387.043, 111
Trd, 4318388.043, 68
Trd, 4318388.643, 76
Trd, 4318389.343, 76
Trd, 4318390.393, 104
Trd, 4318390.643, 60
Trd, 4318391.243, 63
Trd, 4318393.493, 60
Trd, 4318394.243, 61
Trd, 4318394.693, 63
Trd, 4318394.893, 62
Trd, 4318395.843, 137
Trd, 4318395.943, 117
Trd, 4318396.343, 101
Trd, 4318396.943, 63
Trd, 4318398.093, 62
Trd, 4318398.793, 64
Trd, 4318400.343, 62
Trd, 4318400.393, 64
Trd, 4318401.943, 61
Trd, 4318403.093, 67
Trd, 4318403.493, 60
Trd, 4318403.943, 62
Trd, 4318404.093, 63
Trd, 4318404.143, 88
Trd, 4318406.443, 60
Trd, 4318407.693, 60
Trd, 4318407.993, 60
Trd, 4318408.893, 60
Trd, 4318409.593, 60
Trd, 4318410.043, 79
Trd, 4318410.593, 81
Trd, 4318411.293, 76
Trd, 4318411.843, 75
Trd, 4318412.993, 73
Trd, 4318413.443, 79
Trd, 4318413.693, 106
Trd, 4318413.743, 70
Trd, 4318415.443, 139
Trd, 4318415.543, 128
Trd, 4318415.643, 110
Trd, 4318416.493, 107
Trd, 4318416.593, 96
Trd, 4318418.393, 119
Trd, 4318419.243, 60
Trd, 4318419.593, 62
Trd, 4318420.093, 69
Trd, 4318420.343, 71
Trd, 4318420.793, 98
Trd, 4318421.543, 97
Trd, 4318422.043, 130
Trd, 4318423.193, 115
Trd, 4318423.793, 110
Trd, 4318423.893, 74
Trd, 4318425.093, 63
Trd, 4318425.193, 62
Trd, 4318426.393, 65
Trd, 4318426.443, 69
Trd, 4318426.793, 61
Trd, 4318428.293, 68
Trd, 4318428.543, 139
Trd, 4318429.493, 129
Trd, 4318429.593, 127
Trd, 4318430.193, 97
Trd, 4318431.693, 60
Trd, 4318432.393, 63
Trd, 4318433.493, 71
Trd, 4318433.693, 65
Trd, 4318434.043, 77
Trd, 4318434.593, 60
Trd, 4318435.093, 96
Trd, 4318435.343, 80
Trd, 4318436.893, 82
Trd, 4318437.843, 140
Trd, 4318437.993, 136
Trd, 4318438.293, 114
Trd, 4318438.793, 69
Trd, 4318439.693, 92
Trd, 4318439.843, 66
Trd, 4318440.843, 66
Trd, 4318442.043, 60
Trd, 4318442.343, 79
Trd, 4318442.743, 73
Trd, 4318443.493, 89
Trd, 4318444.393, 84
Trd, 4318445.593, 68
Trd, 4318446.293, 69
Trd, 4318446.443, 70
Trd, 4318446.743, 82
Trd, 4318447.343, 69
Trd, 4318447.443, 122
Trd, 4318447.543, 68
Trd, 4318448.743, 69
Trd, 4318450.343, 68
Trd, 4318451.193, 62
Trd, 4318452.343, 112
Trd, 4318452.393, 91
Trd, 4318453.143, 78
Trd, 4318453.643, 79
Trd, 4318454.593, 111
Trd, 4318455.293, 78
Trd, 4318455.493, 85
Trd, 4318456.143, 113
Trd, 4318456.393, 79
Trd, 4318457.343, 139
Trd, 4318457.443, 77
Trd, 4318457.643, 129
Trd, 4318458.193, 65
Trd, 4318459.393, 69
Trd, 4318459.943, 95
Trd, 4318460.393, 79
Trd, 4318460.893, 77
Trd, 4318460.993, 76
Trd, 4318461.293, 71
Trd, 4318463.143, 140
Trd, 4318464.143, 91
Trd, 4318464.293, 91
Trd, 4318465.043, 128
Trd, 4318465.093, 123
Trd, 4318465.543, 122
Trd, 4318465.793, 121
Trd, 4318466.993, 109
Trd, 4318467.243, 104
Trd, 4318467.293, 94
Trd, 4318467.543, 73
Trd, 4318468.243, 134
Trd, 4318469.593, 62
Trd, 4318469.643, 62
Trd, 4318470.893, 140
Trd, 4318471.993, 122
Trd, 4318472.393, 139
Trd, 4318472.543, 120
Trd, 4318472.743, 111
Trd, 4318473.993, 71
Trd, 4318474.043, 69
Trd, 4318474.293, 83
Trd, 4318474.993, 83
Trd, 4318476.393, 125
Trd, 4318476.893, 100
Trd, 4318477.343, 140
Trd, 4318477.943, 100
Trd, 4318478.743, 60
Trd, 4318478.993, 62
Trd, 4318480.443, 60
Trd, 4318480.943, 62
Trd, 4318481.293, 99
Trd, 4318481.343, 76
Trd, 4318481.843, 111
Trd, 4318483.193, 65
Trd, 4318484.193, 60
Trd, 4318484.793, 61
Trd, 4318485.143, 62
Trd, 4318486.043, 68
Trd, 4318487.343, 70
Trd, 4318487.393, 60
Trd, 4318487.693, 87
Trd, 4318487.843, 64
Trd, 4318488.093, 61
Trd, 4318489.093, 90
Trd, 4318489.243, 117
Trd, 4318489.543, 79
Trd, 4318490.343, 61
Trd, 4318491.043, 130
Trd, 4318491.343, 118
Trd, 4318491.543, 78
Trd, 4318492.993, 61
Trd, 4318493.793, 72
Trd, 4318494.493, 71
Trd, 4318494.943, 104
Trd, 4318495.193, 63
Trd, 4318496.193, 77
Trd, 4318496.693, 68
Trd, 4318497.043, 101
Trd, 4318498.443, 63
Trd, 4318499.093, 62
Trd, 4318499.543, 61
Trd, 4318501.093, 88
Trd, 4318501.193, 72
Trd, 4318501.393, 117
Trd, 4318502.693, 75
Trd, 4318502.893, 61
Trd, 4318503.643, 62
Trd, 4318504.293, 60
Trd, 4318505.143, 64
Trd, 4318506.093, 86
Trd, 4318508.593, 61
Trd, 4318508.843, 60
Trd, 4318509.193, 80
Trd, 4318509.443, 108
Trd, 4318509.593, 65
Trd, 4318510.193, 68
Trd, 4318511.293, 107
Trd, 4318512.343, 70
Trd, 4318512.793, 63
Trd, 4318513.393, 62
Trd, 4318513.743, 139
Trd, 4318514.543, 85
Trd, 4318516.593, 61
Trd, 4318516.743, 62
Trd, 4318519.043, 60
Trd, 4318519.293, 60
Trd, 4318519.993, 60
Trd, 4318520.193, 63
Trd, 4318520.743, 78
Trd, 4318521.243, 82
Trd, 4318521.693, 66
Trd, 4318521.993, 89
Trd, 4318522.443, 80
Trd, 4318523.743, 72
Trd, 4318524.743, 80
Trd, 4318524.993, 95
Trd, 4318525.343, 60
Trd, 4318526.143, 61
Trd, 4318526.493, 61
Trd, 4318527.243, 72
Trd, 4318528.093, 63
Trd, 4318529.643, 62
Trd, 4318530.043, 60
Trd, 4318530.393, 62
Trd, 4318530.993, 67
Trd, 4318531.443, 64
Trd, 4318531.893, 77
Trd, 4318532.543, 66
Trd, 4318534.293, 61
Trd, 4318535.143, 61
Trd, 4318535.543, 68
Trd, 4318536.143, 62
Trd, 4318536.643, 68
Trd, 4318536.993, 60
Trd, 4318537.643, 68
Trd, 4318539.143, 61
Trd, 4318540.543, 63
Trd, 4318541.193, 94
Trd, 4318541.693, 62
Trd, 4318541.993, 65
Trd, 4318542.043, 60
Trd, 4318542.693, 61
Trd, 4318543.693, 114
Trd, 4318544.343, 78
Trd, 4318544.743, 63
Trd, 4318545.043, 62
Trd, 4318545.293, 71
Trd, 4318545.493, 61
Trd, 4318545.643, 61
Trd, 4318546.843, 107
Trd, 4318547.393, 76
Trd, 4318547.893, 66
Trd, 4318548.893, 65
Trd, 4318549.693, 140
Trd, 4318550.593, 140
Trd, 4318552.343, 122
Trd, 4318552.393, 113
Trd, 4318552.743, 139
Trd, 4318553.343, 99
Trd, 4318553.593, 89
Trd, 4318554.093, 87
Trd, 4318555.493, 90
Trd, 4318555.593, 91
Trd, 4318555.743, 76
Trd, 4318556.043, 84
Trd, 4318556.293, 119
Trd, 4318556.993, 80
Trd, 4318557.793, 124
Trd, 4318558.043, 110
Trd, 4318558.343, 136
Trd, 4318559.643, 121
Trd, 4318559.893, 108
Trd, 4318560.093, 104
Trd, 4318560.693, 100
Trd, 4318561.293, 79
Trd, 4318562.343, 140
Trd, 4318562.693, 65
Trd, 4318563.843, 90
Trd, 4318563.943, 139
Trd, 4318564.393, 140
Trd, 4318565.493, 87
Trd, 4318565.543, 74
Trd, 4318566.543, 114
Trd, 4318566.643, 98
Trd, 4318569.843, 66
Trd, 4318570.243, 73
Trd, 4318570.643, 106
Trd, 4318570.793, 96
Trd, 4318571.293, 109
Trd, 4318571.443, 135
Trd, 4318571.493, 81
Trd, 4318572.043, 62
Trd, 4318572.693, 64
Trd, 4318573.293, 63
Trd, 4318574.893, 63
Trd, 4318576.343, 61
Trd, 4318576.493, 98
Trd, 4318577.043, 61
Trd, 4318577.593, 62
Trd, 4318578.243, 140
Trd, 4318578.743, 60
Trd, 4318579.043, 62
Trd, 4318579.243, 69
Trd, 4318580.043, 62
Trd, 4318580.793, 67
Trd, 4318581.693, 138
Trd, 4318582.093, 95
Trd, 4318582.443, 60
Trd, 4318583.693, 61
Trd, 4318583.743, 63
Trd, 4318584.093, 74
Trd, 4318585.043, 69
Trd, 4318585.543, 132
Trd, 4318586.843, 61
Trd, 4318586.893, 60
Trd, 4318587.543, 62
Trd, 4318588.293, 62
Trd, 4318589.243, 61
Trd, 4318589.493, 61
Trd, 4318590.893, 61
Trd, 4318591.043, 61
Trd, 4318591.893, 62
Trd, 4318592.943, 92
Trd, 4318593.393, 71
Trd, 4318593.793, 81
Trd, 4318594.993, 140
Trd, 4318595.543, 140
Trd, 4318595.693, 112
Trd, 4318597.093, 131
Trd, 4318597.643, 118
Trd, 4318598.493, 114
Trd, 4318598.593, 104
Trd, 4318598.643, 102
Trd, 4318598.893, 96
Trd, 4318599.793, 69
Trd, 4318601.093, 94
Trd, 4318602.093, 140
Trd, 4318602.293, 126
Trd, 4318602.443, 120
Trd, 4318602.693, 116
Trd, 4318604.493, 108
Trd, 4318605.843, 106
Trd, 4318605.993, 112
Trd, 4318606.093, 104
Trd, 4318606.293, 94
Trd, 4318607.243, 120
Trd, 4318607.443, 104
Trd, 4318608.143, 109
Trd, 4318608.293, 104
Trd, 4318608.893, 88
Trd, 4318609.243, 139
Trd, 4318610.543, 108
Trd, 4318611.193, 62
Trd, 4318612.393, 62
Trd, 4318613.693, 69
Trd, 4318613.743, 70
Trd, 4318614.043, 61
Trd, 4318614.743, 63
Trd, 4318614.943, 82
Trd, 4318615.193, 108
Trd, 4318616.193, 84
Trd, 4318616.743, 83
Trd, 4318617.443, 82
Trd, 4318618.793, 102
Trd, 4318619.093, 132
Trd, 4318619.743, 87
Trd, 4318620.993, 61
Trd, 4318621.343, 63
Trd, 4318622.193, 62
Trd, 4318622.543, 87
Trd, 4318623.743, 61
Trd, 4318623.793, 67
Trd, 4318624.043, 114
Trd, 4318624.143, 60
Trd, 4318624.643, 131
Trd, 4318626.193, 63
Trd, 4318626.893, 63
Trd, 4318626.993, 64
Trd, 4318627.943, 108
Trd, 4318629.143, 65
Trd, 4318629.593, 66
Trd, 4318629.693, 68
Trd, 4318631.943, 60
Trd, 4318632.543, 64
Trd, 4318632.643, 66
Trd, 4318633.043, 70
Trd, 4318633.493, 71
Trd, 4318633.893, 124
Trd, 4318634.643, 68
Trd, 4318636.593, 62
Trd, 4318636.693, 63
Trd, 4318636.743, 63
Trd, 4318637.843, 102
Trd, 4318637.893, 75
Trd, 4318638.693, 115
Trd, 4318639.193, 61
Trd, 4318639.293, 62
Trd, 4318641.293, 67
Trd, 4318641.393, 66
Trd, 4318642.693, 69
Trd, 4318642.843, 86
Trd, 4318643.093, 62
Trd, 4318643.293, 90
Trd, 4318644.393, 88
Trd, 4318644.943, 88
Trd, 4318645.043, 87
Trd, 4318645.993, 139
Trd, 4318646.543, 117
Trd, 4318647.393, 116
Trd, 4318647.893, 121
Trd, 4318648.093, 109
Trd, 4318649.543, 105
Trd, 4318649.643, 104
Trd, 4318650.243, 88
Trd, 4318650.743, 114
Trd, 4318650.843, 98
Trd, 4318651.843, 113
Trd, 4318653.243, 66
Trd, 4318653.943, 69
Trd, 4318653.993, 65
Trd, 4318654.293, 86
Trd, 4318654.643, 108
Trd, 4318655.893, 85
Trd, 4318657.043, 123
Trd, 4318657.343, 139
Trd, 4318657.393, 114
Trd, 4318657.543, 66
Trd, 4318657.743, 63
Trd, 4318659.693, 63
Trd, 4318660.293, 61
Trd, 4318661.243, 67
Trd, 4318662.093, 71
Trd, 4318662.743, 83
Trd, 4318663.143, 72
Trd, 4318663.343, 69
Trd, 4318663.843, 107
Trd, 4318665.493, 64
Trd, 4318666.243, 60
Trd, 4318666.293, 73
Trd, 4318667.943, 60
Trd, 4318668.093, 61
Trd, 4318669.493, 62
Trd, 4318670.243, 62
Trd, 4318670.343, 76
Trd, 4318670.393, 60
Trd, 4318670.793, 70
Trd, 4318671.293, 99
Trd, 4318671.743, 105
Trd, 4318672.543, 81
Trd, 4318673.443, 140
Trd, 4318673.943, 125
Trd, 4318674.193, 85
Trd, 4318675.693, 60
Trd, 4318676.093, 61
Trd, 4318677.243, 62
Trd, 4318677.293, 62
Trd, 4318678.193, 60
Trd, 4318678.893, 67
Trd, 4318679.743, 68
Trd, 4318680.443, 66
Trd, 4318681.593, 61
Trd, 4318682.343, 61
Trd, 4318683.793, 64
Trd, 4318683.993, 66
Trd, 4318684.243, 63
Trd, 4318684.693, 61
Trd, 4318686.193, 60
Trd, 4318686.443, 61
Trd, 4318686.743, 62
Trd, 4318687.543, 61
Trd, 4318688.593, 66
Trd, 4318689.793, 61
Trd, 4318690.143, 66
Trd, 4318690.343, 72
Trd, 4318691.143, 60
Trd, 4318692.043, 60
Trd, 4318693.043, 64
Trd, 4318693.943, 65
Trd, 4318694.243, 114
Trd, 4318694.493, 65
Trd, 4318694.693, 61
Trd, 4318695.393, 63
Trd, 4318695.893, 84
Trd, 4318696.393, 91
Trd, 4318696.793, 121
Trd, 4318697.593, 138
Trd, 4318698.843, 118
Trd, 4318699.143, 131
Trd, 4318699.243, 117
Trd, 4318699.893, 102
Trd, 4318700.793, 91
Trd, 4318700.943, 90
Trd, 4318701.143, 93
Trd, 4318702.543, 60
Trd, 4318703.043, 107
Trd, 4318703.193, 83
Trd, 4318703.893, 105
Trd, 4318705.393, 126
Trd, 4318705.693, 108
Trd, 4318706.193, 111
Trd, 4318707.043, 93
Trd, 4318707.093, 72
Trd, 4318707.543, 73
Trd, 4318708.243, 113
Trd, 4318709.193, 74
Trd, 4318709.393, 72
Trd, 4318709.543, 93
Trd, 4318709.893, 119
Trd, 4318711.943, 66
Trd, 4318713.443, 83
Trd, 4318714.193, 62
Trd, 4318714.893, 61
Trd, 4318715.043, 68
Trd, 4318715.443, 70
Trd, 4318715.693, 62
Trd, 4318716.143, 117
Trd, 4318716.893, 62
Trd, 4318718.143, 62
Trd, 4318720.343, 61
Trd, 4318720.393, 61
Trd, 4318721.393, 60
Trd, 4318721.643, 61
Trd, 4318722.543, 67
Trd, 4318723.193, 68
Trd, 4318723.393, 70
Trd, 4318723.743, 74
Trd, 4318724.193, 65
Trd, 4318725.643, 94
Trd, 4318726.143, 93
Trd, 4318726.193, 127
Trd, 4318726.293, 86
Trd, 4318727.443, 64
Trd, 4318727.943, 81
Trd, 4318728.743, 63
Trd, 4318728.843, 66
Trd, 4318728.993, 92
Trd, 4318730.843, 104
Trd, 4318730.993, 83
Trd, 4318731.243, 60
Trd, 4318731.843, 61
Trd, 4318734.393, 83
Trd, 4318734.593, 77
Trd, 4318734.993, 67
Trd, 4318735.093, 98
Trd, 4318735.693, 64
Trd, 4318736.243, 62
Trd, 4318736.493, 61
Trd, 4318738.043, 63
Trd, 4318738.143, 79
Trd, 4318738.993, 107
Trd, 4318739.843, 101
Trd, 4318740.193, 116
Trd, 4318740.393, 103
Trd, 4318740.543, 99
Trd, 4318740.743, 94
Trd, 4318742.043, 61
Trd, 4318743.693, 61
Trd, 4318743.743, 95
Trd, 4318746.293, 69
Trd, 4318746.343, 74
Trd, 4318746.543, 102
Trd, 4318746.993, 71
Trd, 4318747.393, 140
Trd, 4318748.043, 139
Trd, 4318749.243, 66
Trd, 4318749.443, 107
Trd, 4318749.943, 87
Trd, 4318750.193, 85
Trd, 4318750.743, 84
Trd, 4318751.293, 103
Trd, 4318751.493, 83
Trd, 4318752.193, 140
Trd, 4318752.293, 112
Trd, 4318752.743, 63
Trd, 4318753.393, 62
Trd, 4318754.393, 67
Trd, 4318754.543, 133
Trd, 4318755.443, 115
Trd, 4318757.143, 69
Trd, 4318758.643, 102
Trd, 4318758.943, 96
Trd, 4318758.993, 104
Trd, 4318759.193, 92
Trd, 4318759.643, 63
Trd, 4318761.993, 130
Trd, 4318762.093, 129
Trd, 4318762.193, 107
Trd, 4318762.293, 110
Trd, 4318763.343, 91
Trd, 4318764.493, 88
Trd, 4318764.793, 63
Trd, 4318765.743, 61
Trd, 4318766.693, 62
Trd, 4318767.243, 63
Trd, 4318767.793, 64
Trd, 4318768.843, 60
Trd, 4318769.443, 61
Trd, 4318769.993, 63
Trd, 4318770.043, 66
Trd, 4318770.293, 64
Trd, 4318771.343, 66
Trd, 4318771.593, 63
Trd, 4318772.793, 67
Trd, 4318773.093, 84
Trd, 4318773.743, 91
Trd, 4318774.093, 112
Trd, 4318774.843, 77
Trd, 4318775.143, 90
Trd, 4318775.543, 76
Trd, 4318776.193, 117
Trd, 4318776.543, 91
Trd, 4318776.843, 91
Trd, 4318777.143, 81
Trd, 4318777.693, 79
Trd, 4318777.893, 74
Trd, 4318778.743, 72
Trd, 4318779.043, 61
Trd, 4318780.693, 79
Trd, 4318781.693, 115
Trd, 4318781.893, 100
Trd, 4318782.093, 70
Trd, 4318783.293, 84
Trd, 4318783.943, 63
Trd, 4318784.693, 62
Trd, 4318785.293, 71
Trd, 4318786.093, 75
Trd, 4318786.243, 71
Trd, 4318786.743, 72
Trd, 4318787.043, 74
Trd, 4318787.093, 111
Trd, 4318788.493, 67
Trd, 4318788.543, 89
Trd, 4318789.843, 76
Trd, 4318789.993, 71
Trd, 4318790.393, 63
Trd, 4318791.843, 60
Trd, 4318792.193, 88
Trd, 4318793.743, 61
Trd, 4318794.493, 65
Trd, 4318794.793, 63
Trd, 4318795.243, 65
Trd, 4318795.493, 67
Trd, 4318795.843, 83
Trd, 4318795.993, 66
Trd, 4318799.693, 63
Trd, 4318799.793, 69
Trd, 4318800.593, 64
Trd, 4318801.093, 65
Trd, 4318801.493, 61
Trd, 4318802.443, 67
Trd, 4318803.093, 65
Trd, 4318803.193, 83
Trd, 4318803.693, 95
Trd, 4318804.093, 63
Trd, 4318804.743, 134
Trd, 4318805.293, 75
Trd, 4318806.293, 64
Trd, 4318808.393, 62
Trd, 4318808.443, 63
Trd, 4318808.843, 73
Trd, 4318809.143, 72
Trd, 4318811.093, 60
Trd, 4318811.293, 61
Trd, 4318811.643, 63
Trd, 4318812.043, 65
Trd, 4318812.443, 96
Trd, 4318813.343, 60
Trd, 4318813.493, 63
Trd, 4318814.193, 60
Trd, 4318815.493, 60
Trd, 4318815.893, 61
Trd, 4318816.243, 88
Trd, 4318816.393, 102
Trd, 4318816.643, 136
Trd, 4318816.743, 84
Trd, 4318817.843, 76
Trd, 4318818.743, 136
Trd, 4318819.193, 79
Trd, 4318819.843, 114
Trd, 4318820.743, 134
Trd, 4318821.393, 98
Trd, 4318821.493, 74
Trd, 4318822.043, 62
Trd, 4318822.493, 72
Trd, 4318822.693, 75
Trd, 4318824.893, 62
Trd, 4318826.293, 60
Trd, 4318826.493, 62
Trd, 4318826.693, 65
Trd, 4318826.943, 62
Trd, 4318827.493, 68
Trd, 4318827.993, 70
Trd, 4318828.143, 72
Trd, 4318828.243, 66
Trd, 4318829.093, 63
Trd, 4318831.093, 60
Trd, 4318831.143, 63
Trd, 4318831.293, 93
Trd, 4318832.243, 61
Trd, 4318832.593, 63
Trd, 4318833.643, 64
Trd, 4318833.893, 64
Trd, 4318834.443, 81
Trd, 4318835.943, 64
Trd, 4318836.743, 64
Trd, 4318837.743, 73
Trd, 4318838.293, 82
Trd, 4318839.293, 119
Trd, 4318839.343, 118
Trd, 4318839.593, 135
Trd, 4318840.243, 90
Trd, 4318840.543, 88
Trd, 4318840.943, 107
Trd, 4318842.843, 118
Trd, 4318843.193, 140
Trd, 4318843.393, 85
Trd, 4318843.643, 118
Trd, 4318844.393, 112
Trd, 4318845.043, 85
Trd, 4318845.093, 79
Trd, 4318846.043, 87
Trd, 4318846.293, 104
Trd, 4318846.643, 116
Trd, 4318847.093, 74
Trd, 4318847.393, 71
Trd, 4318847.993, 75
Trd, 4318850.543, 63
Trd, 4318851.043, 61
Trd, 4318851.743, 66
Trd, 4318851.993, 85
Trd, 4318852.493, 68
Trd, 4318852.693, 67
Trd, 4318853.043, 96
Trd, 4318854.843, 71
Trd, 4318855.893, 65
Trd, 4318855.943, 72
Trd, 4318857.043, 103
Trd, 4318857.443, 102
Trd, 4318857.893, 82
Trd, 4318858.693, 118
Trd, 4318858.893, 73
Trd, 4318859.343, 139
Trd, 4318860.593, 92
Trd, 4318860.993, 94
Trd, 4318861.593, 86
Trd, 4318861.893, 93
Trd, 4318863.193, 63
Trd, 4318863.943, 68
Trd, 4318864.293, 137
Trd, 4318865.593, 79
Trd, 4318865.893, 72
Trd, 4318865.943, 70
Trd, 4318867.193, 66
Trd, 4318867.293, 73
Trd, 4318867.793, 114
Trd, 4318868.293, 63
Trd, 4318868.843, 86
Trd, 4318869.143, 72
Trd, 4318870.293, 61
Trd, 4318871.293, 67
Trd, 4318872.343, 61
Trd, 4318872.643, 65
Trd, 4318873.143, 73
Trd, 4318873.793, 100
Trd, 4318874.593, 75
Trd, 4318875.293, 60
Trd, 4318876.243, 60
Trd, 4318876.493, 63
Trd, 4318877.343, 72
Trd, 4318877.443, 85
Trd, 4318878.043, 66
Trd, 4318879.193, 109
Trd, 4318880.093, 91
Trd, 4318880.593, 99
Trd, 4318880.643, 95
Trd, 4318881.793, 116
Trd, 4318881.843, 115
Trd, 4318882.143, 108
Trd, 4318882.243, 93
Trd, 4318883.043, 140
Trd, 4318884.193, 137
Trd, 4318884.643, 103
Trd, 4318885.093, 95
Trd, 4318885.793, 140
Trd, 4318886.943, 71
Trd, 4318887.193, 96
Trd, 4318888.393, 65
Trd, 4318889.043, 66
Trd, 4318890.143, 62
Trd, 4318890.343, 62
Trd, 4318891.693, 73
Trd, 4318892.043, 62
Trd, 4318892.443, 77
Trd, 4318893.993, 61
Trd, 4318894.893, 90
Trd, 4318894.943, 88
Trd, 4318895.393, 108
Trd, 4318895.943, 63
Trd, 4318896.343, 81
Trd, 4318897.243, 62
Trd, 4318897.843, 63
Trd, 4318899.643, 139
Trd, 4318900.093, 124
Trd, 4318900.193, 109
Trd, 4318900.493, 107
Trd, 4318901.243, 109
Trd, 4318901.693, 99
Trd, 4318903.493, 119
Trd, 4318903.793, 100
Trd, 4318904.193, 97
Trd, 4318904.543, 117
Trd, 4318904.643, 87
Trd, 4318904.843, 100
Trd, 4318905.193, 82
Trd, 4318905.643, 81
Trd, 4318906.743, 106
Trd, 4318907.043, 96
Trd, 4318908.493, 80
Trd, 4318908.793, 71
Trd, 4318909.043, 69
Trd, 4318909.243, 106
Trd, 4318912.543, 60
Trd, 4318912.843, 60
Trd, 4318913.243, 65
Trd, 4318913.643, 69
Trd, 4318914.793, 61
Trd, 4318915.343, 77
Trd, 4318915.493, 94
Trd, 4318915.893, 109
Trd, 4318915.943, 69
Trd, 4318917.443, 61
Trd, 4318917.843, 62
Trd, 4318918.343, 64
Trd, 4318919.943, 60
Trd, 4318920.993, 65
Trd, 4318921.493, 61
Trd, 4318921.793, 95
Trd, 4318922.943, 67
Trd, 4318923.743, 102
Trd, 4318924.193, 63
Trd, 4318925.343, 63
Trd, 4318926.043, 71
Trd, 4318926.093, 92
Trd, 4318926.893, 103
Trd, 4318927.243, 84
Trd, 4318927.293, 105
Trd, 4318928.943, 62
Trd, 4318928.993, 67
Trd, 4318930.143, 82
Trd, 4318931.043, 100
Trd, 4318931.993, 64
Trd, 4318932.493, 65
Trd, 4318933.693, 61
Trd, 4318933.843, 75
Trd, 4318934.093, 60
Trd, 4318934.743, 68
Trd, 4318935.293, 140
Trd, 4318935.843, 80
Trd, 4318935.993, 127
Trd, 4318936.193, 78
Trd, 4318937.193, 81
Trd, 4318938.293, 96
Trd, 4318938.343, 71
Trd, 4318939.093, 60
Trd, 4318939.143, 97
Trd, 4318939.793, 139
Trd, 4318940.793, 62
Trd, 4318941.043, 91
Trd, 4318941.443, 118
Trd, 4318942.743, 130
Trd, 4318943.193, 101
Trd, 4318943.343, 83
Trd, 4318943.493, 67
Trd, 4318943.893, 87
Trd, 4318945.893, 62
Trd, 4318946.243, 68
Trd, 4318946.493, 72
Trd, 4318946.543, 67
Trd, 4318948.693, 64
Trd, 4318949.443, 99
Trd, 4318949.743, 113
Trd, 4318949.993, 97
Trd, 4318950.393, 92
Trd, 4318950.943, 65
Trd, 4318951.293, 82
Trd, 4318951.693, 97
Trd, 4318953.343, 115
Trd, 4318954.243, 71
Trd, 4318954.643, 81
Trd, 4318954.843, 77
Trd, 4318955.043, 71
Trd, 4318955.143, 69
Trd, 4318955.943, 110
Trd, 4318956.643, 101
Trd, 4318957.293, 139
Trd, 4318958.043, 118
Trd, 4318958.193, 111
Trd, 4318958.243, 103
Trd, 4318958.743, 137
Trd, 4318958.893, 101
Trd, 4318960.793, 128
Trd, 4318960.993, 80
Trd, 4318961.143, 74
Trd, 4318962.843, 86
Trd, 4318963.043, 84
Trd, 4318963.143, 83
Trd, 4318964.793, 140
Trd, 4318965.093, 91
Trd, 4318966.293, 124
Trd, 4318967.893, 110
Trd, 4318968.043, 108
Trd, 4318969.643, 106
Trd, 4318970.143, 124
Trd, 4318970.443, 139
Trd, 4318970.593, 125
Trd, 4318970.843, 134
Trd, 4318971.343, 129
Trd, 4318972.343, 95
Trd, 4318972.593, 118
Trd, 4318973.093, 62
Trd, 4318973.643, 87
Trd, 4318973.743, 86
Trd, 4318974.593, 60
Trd, 4318974.943, 66
Trd, 4318975.243, 63
Trd, 4318977.443, 90
Trd, 4318977.493, 89
Trd, 4318977.643, 85
Trd, 4318977.793, 83
Trd, 4318978.243, 96
Trd, 4318979.993, 135
Trd, 4318980.043, 103
Trd, 4318981.543, 136
Trd, 4318982.093, 138
Trd, 4318982.343, 140
Trd, 4318982.993, 120
Trd, 4318983.393, 103
Trd, 4318983.943, 99
Trd, 4318986.093, 104
Trd, 4318986.393, 98
Trd, 4318986.793, 136
Trd, 4318986.893, 87
Trd, 4318987.043, 140
Trd, 4318987.143, 85
Trd, 4318987.793, 84
Trd, 4318989.093, 61
Trd, 4318989.743, 65
Trd, 4318991.293, 75
Trd, 4318992.193, 60
Trd, 4318993.093, 60
Trd, 4318993.843, 70
Trd, 4318994.593, 84
Trd, 4318994.993, 72
Trd, 4318995.593, 113
Trd, 4318995.943, 68
Trd, 4318996.493, 118
Trd, 4318997.643, 132
Trd, 4318997.943, 121
Trd, 4318997.993, 97
Trd, 4318998.343, 73
Trd, 4318998.993, 98
Trd, 4318999.793, 139
Trd, 4318999.993, 138
Trd, 4319000.343, 117
Trd, 4319001.443, 71
Trd, 4319001.693, 131
Trd, 4319002.193, 71
Trd, 4319002.743, 62
Trd, 4319003.993, 121
Trd, 4319004.693, 81
Trd, 4319006.093, 60
Trd, 4319006.543, 60
Trd, 4319007.543, 66
Trd, 4319008.493, 66
Trd, 4319009.043, 62
Trd, 4319009.293, 65
Trd, 4319010.043, 125
Trd, 4319010.393, 93
Trd, 4319010.743, 100
Trd, 4319011.193, 109
Trd, 4319011.693, 99
Trd, 4319012.343, 114
Trd, 4319013.143, 140
Trd, 4319014.343, 60
Trd, 4319014.843, 63
Trd, 4319015.193, 82
Trd, 4319016.743, 62
Trd, 4319016.793, 62
Trd, 4319017.243, 65
Trd, 4319017.843, 70
Trd, 4319019.593, 62
Trd, 4319020.393, 60
Trd, 4319020.443, 62
Trd, 4319021.143, 60
Trd, 4319021.943, 63
Trd, 4319022.343, 60
Trd, 4319022.493, 73
Trd, 4319022.943, 69
Trd, 4319023.643, 66
Trd, 4319024.843, 71
Trd, 4319025.093, 60
Trd, 4319025.443, 85
Trd, 4319026.343, 66
Trd, 4319026.593, 92
Trd, 4319026.643, 87
Trd, 4319027.343, 61
Trd, 4319028.193, 61
Trd, 4319028.793, 72
Trd, 4319028.843, 74
Trd, 4319029.793, 60
Trd, 4319030.893, 80
Trd, 4319031.593, 82
Trd, 4319031.843, 73
Trd, 4319032.743, 86
Trd, 4319033.043, 80
Trd, 4319033.293, 73
Trd, 4319033.393, 81
Trd, 4319033.843, 80
Trd, 4319034.243, 69
Trd, 4319034.943, 112
Trd, 4319035.043, 101
Trd, 4319035.493, 100
Trd, 4319036.443, 101
Trd, 4319036.593, 84
Trd, 4319037.193, 103
Trd, 4319037.843, 66
Trd, 4319039.543, 62
Trd, 4319039.843, 61
Trd, 4319039.943, 73
Trd, 4319040.943, 60
Trd, 4319041.543, 63
Trd, 4319041.643, 91
Trd, 4319043.043, 62
Trd, 4319044.743, 60
Trd, 4319044.893, 74
Trd, 4319045.643, 102
Trd, 4319045.793, 83
Trd, 4319046.343, 122
Trd, 4319046.943, 97
Trd, 4319047.043, 104
Trd, 4319047.493, 69
Trd, 4319049.143, 65
Trd, 4319050.143, 62
Trd, 4319050.343, 90
Trd, 4319050.593, 73
Trd, 4319050.743, 72
Trd, 4319051.293, 67
Trd, 4319052.743, 60
Trd, 4319053.043, 63
Trd, 4319053.593, 98
Trd, 4319054.293, 84
Trd, 4319054.643, 119
Trd, 4319054.793, 83
Trd, 4319055.893, 82
Trd, 4319056.393, 87
Trd, 4319056.793, 96
Trd, 4319057.793, 76
Trd, 4319057.893, 66
Trd, 4319058.693, 81
Trd, 4319059.193, 137
Trd, 4319059.693, 124
Trd, 4319061.193, 62
Trd, 4319061.243, 68
Trd, 4319061.843, 63
Trd, 4319063.443, 64
Trd, 4319063.693, 69
Trd, 4319064.393, 75
Trd, 4319065.443, 79
Trd, 4319066.093, 80
Trd, 4319066.193, 62
Trd, 4319067.093, 80
Trd, 4319067.143, 75
Trd, 4319067.743, 67
Trd, 4319068.743, 84
Trd, 4319069.193, 119
Trd, 4319070.193, 140
Trd, 4319070.493, 123
Trd, 4319071.143, 118
Trd, 4319072.243, 119
Trd, 4319072.443, 105
Trd, 4319072.743, 109
Trd, 4319072.793, 108
Trd, 4319074.043, 97
Trd, 4319074.893, 110
Trd, 4319075.493, 139
Trd, 4319075.643, 81
Trd, 4319076.393, 81
Trd, 4319076.443, 74
Trd, 4319077.443, 75
Trd, 4319077.693, 138
Trd, 4319078.493, 105
Trd, 4319078.643, 89
Trd, 4319079.693, 65
Trd, 4319080.293, 88
Trd, 4319080.693, 87
Trd, 4319081.143, 128
Trd, 4319081.593, 85
Trd, 4319082.043, 139
Trd, 4319082.593, 104
Trd, 4319083.693, 126
Trd, 4319083.943, 90
Trd, 4319086.093, 139
Trd, 4319086.243, 128
Trd, 4319086.943, 82
Trd, 4319087.443, 75
Trd, 4319088.543, 130
Trd, 4319088.793, 110
Trd, 4319089.493, 135
Trd, 4319090.443, 61
Trd, 4319090.793, 78
Trd, 4319090.943, 64
Trd, 4319091.243, 84
Trd, 4319092.543, 100
Trd, 4319092.793, 75
Trd, 4319093.793, 72
Trd, 4319094.143, 71
Trd, 4319094.293, 103
Trd, 4319094.693, 74
Trd, 4319094.993, 71
Trd, 4319097.093, 112
Trd, 4319098.143, 120
Trd, 4319098.593, 115
Trd, 4319098.943, 89
Trd, 4319100.343, 84
Trd, 4319100.693, 97
Trd, 4319100.943, 75
Trd, 4319101.543, 65
Trd, 4319102.143, 61
Trd, 4319103.043, 62
Trd, 4319103.243, 80
Trd, 4319104.593, 129
Trd, 4319105.293, 137
Trd, 4319105.943, 101
Trd, 4319106.293, 74
Trd, 4319107.893, 63
Trd, 4319107.993, 65
Trd, 4319109.543, 60
Trd, 4319109.893, 65
Trd, 4319110.643, 65
Trd, 4319111.893, 62
Trd, 4319112.543, 64
Trd, 4319112.643, 63
Trd, 4319114.443, 60
Trd, 4319114.643, 64
Trd, 4319114.793, 66
Trd, 4319115.543, 61
Trd, 4319116.643, 65
Trd, 4319117.093, 96
Trd, 4319117.393, 84
Trd, 4319118.243, 69
Trd, 4319120.043, 60
Trd, 4319120.093, 75
Trd, 4319121.043, 62
Trd, 4319121.693, 100
Trd, 4319122.493, 101
Trd, 4319122.993, 98
Trd, 4319123.693, 87
Trd, 4319124.093, 92
Trd, 4319125.543, 77
Trd, 4319126.143, 70
Trd, 4319126.643, 72
Trd, 4319127.043, 67
Trd, 4319127.693, 75
Trd, 4319127.843, 66
Trd, 4319128.643, 65
Trd, 4319129.193, 78
Trd, 4319129.993, 61
Trd, 4319130.193, 60
Trd, 4319131.193, 60
Trd, 4319132.643, 79
Trd, 4319132.693, 111
Trd, 4319133.393, 116
Trd, 4319134.043, 102
Trd, 4319135.093, 76
Trd, 4319135.893, 118
Trd, 4319136.193, 82
Trd, 4319136.843, 102
Trd, 4319137.143, 86
Trd, 4319137.293, 78
Trd, 4319138.393, 60
Trd, 4319139.543, 61
Trd, 4319139.643, 70
Trd, 4319141.293, 61
Trd, 4319141.893, 61
Trd, 4319143.643, 64
Trd, 4319143.843, 86
Trd, 4319144.643, 66
Trd, 4319144.893, 69
Trd, 4319144.943, 80
Trd, 4319146.443, 65
Trd, 4319147.243, 60
Trd, 4319147.543, 60
Trd, 4319148.143, 64
Trd, 4319148.943, 140
Trd, 4319149.843, 139
Trd, 4319150.393, 138
Trd, 4319150.593, 124
Trd, 4319151.243, 138
Trd, 4319151.543, 123
Trd, 4319151.743, 103
Trd, 4319151.793, 97
Trd, 4319153.143, 62
Trd, 4319153.243, 69
Trd, 4319153.843, 80
Trd, 4319155.243, 65
Trd, 4319156.393, 74
Trd, 4319156.893, 90
Trd, 4319157.693, 103
Trd, 4319157.993, 96
Trd, 4319158.293, 85
Trd, 4319158.393, 102
Trd, 4319158.693, 81
Trd, 4319159.443, 64
Trd, 4319160.943, 64
Trd, 4319160.993, 64
Trd, 4319161.043, 99
Trd, 4319162.843, 62
Trd, 4319163.993, 64
Trd, 4319164.043, 74
Trd, 4319164.743, 62
Trd, 4319165.393, 60
Trd, 4319165.493, 80
Trd, 4319165.743, 102
Trd, 4319167.293, 90
Trd, 4319167.393, 114
Trd, 4319167.893, 128
Trd, 4319168.193, 65
Trd, 4319168.593, 90
Trd, 4319170.543, 61
Trd, 4319170.893, 64
Trd, 4319172.693, 71
Trd, 4319173.143, 74
Trd, 4319173.643, 139
Trd, 4319174.193, 84
Trd, 4319174.943, 76
Trd, 4319175.343, 70
Trd, 4319175.943, 137
Trd, 4319176.693, 93
Trd, 4319177.543, 86
Trd, 4319178.293, 81
Trd, 4319178.443, 70
Trd, 4319179.643, 128
Trd, 4319180.193, 111
Trd, 4319180.943, 96
Trd, 4319180.993, 93
Trd, 4319182.043, 86
Trd, 4319182.443, 104
Trd, 4319182.543, 72
Trd, 4319182.643, 120
Trd, 4319183.743, 112
Trd, 4319183.793, 107
Trd, 4319183.993, 78
Trd, 4319184.793, 138
Trd, 4319185.943, 96
Trd, 4319186.593, 91
Trd, 4319186.943, 75
Trd, 4319187.593, 71
Trd, 4319187.743, 95
Trd, 4319188.093, 78
Trd, 4319188.493, 130
Trd, 4319190.793, 118
Trd, 4319191.193, 140
Trd, 4319191.393, 129
Trd, 4319191.843, 85
Trd, 4319192.143, 85
Trd, 4319192.943, 92
Trd, 4319193.643, 62
Trd, 4319193.793, 63
Trd, 4319195.643, 60
Trd, 4319196.493, 63
Trd, 4319197.393, 60
Trd, 4319198.343, 69
Trd, 4319198.393, 93
Trd, 4319200.143, 96
Trd, 4319200.293, 70
Trd, 4319200.793, 98
Trd, 4319200.843, 73
Trd, 4319202.243, 61
Trd, 4319202.443, 61
Trd, 4319203.843, 61
Trd, 4319204.193, 61
Trd, 4319204.393, 96
Trd, 4319206.193, 103
Trd, 4319206.343, 69
Trd, 4319207.143, 111
Trd, 4319208.393, 123
Trd, 4319208.443, 112
Trd, 4319208.593, 110
Trd, 4319208.643, 99
Trd, 4319209.093, 74
Trd, 4319209.443, 126
Trd, 4319210.793, 125
Trd, 4319210.843, 72
Trd, 4319211.343, 96
Trd, 4319211.693, 95
Trd, 4319213.543, 73
Trd, 4319214.393, 140
Trd, 4319214.993, 139
Trd, 4319215.043, 124
Trd, 4319215.193, 107
Trd, 4319215.243, 103
Trd, 4319216.143, 102
Trd, 4319217.043, 83
Trd, 4319217.293, 79
Trd, 4319217.893, 108
Trd, 4319218.693, 106
Trd, 4319218.793, 92
Trd, 4319219.043, 91
Trd, 4319220.243, 134
Trd, 4319220.693, 110
Trd, 4319221.093, 129
Trd, 4319221.893, 87
Trd, 4319222.293, 62
Trd, 4319223.593, 60
Trd, 4319224.643, 60
Trd, 4319225.393, 61
Trd, 4319226.393, 61
Trd, 4319226.743, 66
Trd, 4319227.093, 71
Trd, 4319227.493, 64
Trd, 4319228.893, 61
Trd, 4319228.993, 66
Trd, 4319229.393, 69
Trd, 4319229.843, 61
Trd, 4319230.743, 65
Trd, 4319231.043, 120
Trd, 4319231.543, 63
Trd, 4319233.193, 106
Trd, 4319233.243, 105
Trd, 4319233.593, 62
Trd, 4319234.043, 99
Trd, 4319234.093, 95
Trd, 4319234.343, 88
Trd, 4319238.093, 60
Trd, 4319238.343, 67
Trd, 4319238.593, 62
Trd, 4319238.693, 68
Trd, 4319238.893, 79
Trd, 4319239.943, 61
Trd, 4319240.393, 60
Trd, 4319240.693, 61
Trd, 4319241.143, 66
Trd, 4319241.193, 70
Trd, 4319241.843, 63
Trd, 4319242.843, 81
Trd, 4319243.143, 80
Trd, 4319243.343, 77
Trd, 4319243.543, 86
Trd, 4319243.843, 72
Trd, 4319244.693, 80
Trd, 4319246.543, 130
Trd, 4319246.843, 140
Trd, 4319246.893, 111
Trd, 4319247.093, 100
Trd, 4319247.343, 73
Trd, 4319248.343, 113
Trd, 4319248.493, 84
Trd, 4319249.843, 60
Trd, 4319252.043, 98
Trd, 4319252.093, 99
Trd, 4319252.443, 91
Trd, 4319252.693, 66
Trd, 4319253.243, 71
Trd, 4319254.143, 60
Trd, 4319254.593, 62
Trd, 4319254.843, 121
Trd, 4319256.193, 68
Trd, 4319256.443, 110
Trd, 4319257.293, 107
Trd, 4319258.493, 89
Trd, 4319259.493, 102
Trd, 4319260.493, 118
Trd, 4319260.743, 117
Trd, 4319262.243, 124
Trd, 4319262.543, 111
Trd, 4319262.743, 87
Trd, 4319263.093, 111
Trd, 4319264.643, 63
Trd, 4319265.043, 61
Trd, 4319266.093, 140
Trd, 4319266.143, 114
Trd, 4319266.943, 108
Trd, 4319267.643, 110
Trd, 4319267.993, 109
Trd, 4319268.443, 99
Trd, 4319269.393, 106
Trd, 4319270.243, 85
Trd, 4319270.993, 66
Trd, 4319271.493, 70
Trd, 4319272.943, 103
Trd, 4319273.143, 100
Trd, 4319274.043, 99
Trd, 4319274.093, 87
Trd, 4319274.243, 140
Trd, 4319274.993, 106
Trd, 4319275.243, 94
Trd, 4319276.343, 61
Trd, 4319277.143, 120
Trd, 4319277.843, 62
Trd, 4319278.643, 64
Trd, 4319279.143, 64
Trd, 4319279.693, 62
Trd, 4319280.343, 60
Trd, 4319280.393, 84
Trd, 4319282.043, 81
Trd, 4319282.293, 64
Trd, 4319284.143, 64
Trd, 4319284.343, 127
Trd, 4319285.593, 132
Trd, 4319285.693, 118
Trd, 4319286.493, 107
Trd, 4319286.593, 131
Trd, 4319287.843, 104
Trd, 4319287.943, 90
Trd, 4319288.543, 82
Trd, 4319288.693, 80
Trd, 4319289.493, 91
Trd, 4319290.143, 82
Trd, 4319290.293, 69
Trd, 4319290.793, 68
Trd, 4319291.643, 82
Trd, 4319291.943, 65
Trd, 4319292.843, 62
Trd, 4319294.543, 60
Trd, 4319294.693, 61
Trd, 4319295.293, 60
Trd, 4319295.793, 100
Trd, 4319296.443, 61
Trd, 4319297.093, 76
Trd, 4319298.143, 65
Trd, 4319298.243, 68
Trd, 4319298.793, 71
Trd, 4319299.443, 72
Trd, 4319300.043, 102
Trd, 4319301.193, 64
Trd, 4319301.943, 61
Trd, 4319302.993, 92
Trd, 4319304.193, 140
Trd, 4319304.293, 138
Trd, 4319304.793, 113
Trd, 4319306.043, 62
Trd, 4319306.143, 77
Trd, 4319306.643, 81
Trd, 4319307.293, 81
Trd, 4319307.443, 80
Trd, 4319307.993, 74
Trd, 4319308.493, 95
Trd, 4319309.293, 113
Trd, 4319309.893, 63
Trd, 4319310.343, 111
Trd, 4319311.293, 73
Trd, 4319311.743, 98
Trd, 4319311.893, 128
Trd, 4319312.093, 89
Trd, 4319313.093, 81
Trd, 4319314.193, 130
Trd, 4319314.343, 77
Trd, 4319315.793, 105
Trd, 4319316.243, 72
Trd, 4319316.443, 140
Trd, 4319316.693, 76
Trd, 4319317.393, 97
Trd, 4319318.493, 97
Trd, 4319318.693, 121
Trd, 4319319.593, 63
Trd, 4319320.393, 64
Trd, 4319320.893, 102
Trd, 4319321.443, 105
Trd, 4319321.693, 79
Trd, 4319323.043, 94
Trd, 4319325.243, 132
Trd, 4319325.643, 125
Trd, 4319325.893, 109
Trd, 4319326.343, 126
Trd, 4319326.393, 115
Trd, 4319326.743, 102
Trd, 4319326.893, 71
Trd, 4319327.593, 131
Trd, 4319327.943, 117
Trd, 4319328.343, 115
Trd, 4319330.193, 60
Trd, 4319331.193, 71
Trd, 4319332.543, 64
Trd, 4319332.643, 92
Trd, 4319332.693, 96
Trd, 4319333.393, 65
Trd, 4319333.543, 63
Trd, 4319334.443, 132
Trd, 4319335.393, 127
Trd, 4319335.543, 132
Trd, 4319335.893, 119
Trd, 4319336.343, 134
Trd, 4319337.043, 114
Trd, 4319337.193, 111
Trd, 4319337.793, 61
Trd, 4319338.343, 82
Trd, 4319339.093, 73
Trd, 4319340.793, 60
Trd, 4319340.943, 62
Trd, 4319342.043, 64
Trd, 4319343.843, 61
Trd, 4319343.943, 62
Trd, 4319344.193, 70
Trd, 4319344.693, 95
Trd, 4319344.793, 81
Trd, 4319345.643, 76
Trd, 4319347.443, 99
Trd, 4319348.043, 136
Trd, 4319348.243, 129
Trd, 4319348.293, 128
Trd, 4319348.843, 79
Trd, 4319349.043, 69
Trd, 4319349.293, 102
Trd, 4319350.343, 64
Trd, 4319351.293, 60
Trd, 4319351.993, 66
Trd, 4319352.693, 65
Trd, 4319354.543, 60
Trd, 4319356.243, 63
Trd, 4319356.493, 62
Trd, 4319356.743, 64
Trd, 4319357.493, 70
Trd, 4319357.943, 61
Trd, 4319358.243, 77
Trd, 4319358.543, 116
Trd, 4319359.993, 138
Trd, 4319360.343, 140
Trd, 4319360.393, 123
Trd, 4319362.043, 132
Trd, 4319362.843, 113
Trd, 4319363.443, 140
Trd, 4319365.243, 140
Trd, 4319365.493, 139
Trd, 4319365.793, 118
Trd, 4319365.943, 112
Trd, 4319366.743, 97
Trd, 4319367.093, 94
Trd, 4319367.943, 72
Trd, 4319368.193, 65
Trd, 4319369.543, 96
Trd, 4319370.343, 83
Trd, 4319370.493, 71
Trd, 4319371.193, 95
Trd, 4319371.893, 71
Trd, 4319372.043, 65
Trd, 4319372.693, 109
Trd, 4319373.243, 95
Trd, 4319373.293, 105
Trd, 4319374.893, 64
Trd, 4319376.643, 63
Trd, 4319377.043, 60
Trd, 4319377.643, 66
Trd, 4319377.743, 68
Trd, 4319378.143, 72
Trd, 4319378.393, 74
Trd, 4319380.093, 66
Trd, 4319380.393, 122
Trd, 4319380.543, 77
Trd, 4319381.893, 60
Trd, 4319382.693, 138
Trd, 4319384.043, 106
Trd, 4319384.343, 105
Trd, 4319384.943, 112
Trd, 4319384.993, 103
Trd, 4319385.543, 102
Trd, 4319386.143, 100
Trd, 4319387.143, 114
Trd, 4319387.493, 124
Trd, 4319387.643, 92
Trd, 4319388.643, 88
Trd, 4319388.743, 88
Trd, 4319388.893, 86
Trd, 4319389.743, 72
Trd, 4319390.443, 140
Trd, 4319390.793, 140
Trd, 4319391.343, 139
Trd, 4319391.743, 133
Trd, 4319391.993, 101
Trd, 4319392.593, 88
Trd, 4319393.143, 105
Trd, 4319395.543, 113
Trd, 4319396.143, 120
Trd, 4319396.593, 88
Trd, 4319396.643, 88
Trd, 4319397.643, 61
Trd, 4319397.943, 60
Trd, 4319398.343, 62
Trd, 4319398.493, 64
Trd, 4319398.893, 66
Trd, 4319399.493, 73
Trd, 4319399.793, 78
Trd, 4319400.493, 73
Trd, 4319401.443, 93
Trd, 4319401.843, 92
Trd, 4319402.193, 81
Trd, 4319402.643, 109
Trd, 4319403.243, 67
Trd, 4319403.893, 65
Trd, 4319405.343, 60
Trd, 4319405.643, 62
Trd, 4319406.843, 83
Trd, 4319407.043, 74
Trd, 4319407.443, 90
Trd, 4319408.593, 81
Trd, 4319408.693, 80
Trd, 4319408.743, 93
Trd, 4319409.043, 65
Trd, 4319410.193, 67
Trd, 4319410.593, 67
Trd, 4319411.343, 77
Trd, 4319412.543, 65
Trd, 4319413.043, 81
Trd, 4319413.093, 62
Trd, 4319413.143, 61
Trd, 4319414.193, 62
Trd, 4319416.843, 62
Trd, 4319417.743, 62
Trd, 4319418.243, 63
Trd, 4319418.693, 63
Trd, 4319419.643, 61
Trd, 4319419.743, 64
Trd, 4319420.043, 62
Trd, 4319421.443, 72
Trd, 4319421.493, 89
Trd, 4319421.693, 61
Trd, 4319422.093, 75
Trd, 4319422.993, 112
Trd, 4319423.093, 82
Trd, 4319423.843, 126
Trd, 4319425.043, 60
Trd, 4319425.793, 60
Trd, 4319426.043, 64
Trd, 4319426.893, 110
Trd, 4319426.993, 74
Trd, 4319428.043, 61
Trd, 4319428.243, 65
Trd, 4319428.643, 60
Trd, 4319429.593, 69
Trd, 4319430.043, 70
Trd, 4319430.193, 64
Trd, 4319431.843, 109
Trd, 4319432.293, 78
Trd, 4319433.393, 74
Trd, 4319434.493, 109
Trd, 4319434.793, 61
Trd, 4319435.443, 67
Trd, 4319436.093, 82
Trd, 4319436.443, 81
Trd, 4319436.943, 116
Trd, 4319438.143, 140
Trd, 4319438.443, 119
Trd, 4319438.493, 101
Trd, 4319439.343, 87
Trd, 4319440.493, 71
Trd, 4319441.143, 102
Trd, 4319441.743, 64
Trd, 4319442.143, 80
Trd, 4319442.193, 115
Trd, 4319442.993, 140
Trd, 4319443.643, 68
Trd, 4319444.043, 78
Trd, 4319445.043, 67
Trd, 4319445.593, 71
Trd, 4319445.943, 70
Trd, 4319446.343, 60
Trd, 4319446.593, 61
Trd, 4319447.143, 80
Trd, 4319448.093, 60
Trd, 4319448.493, 85
Trd, 4319448.843, 79
Trd, 4319450.993, 88
Trd, 4319451.993, 100
Trd, 4319452.093, 94
Trd, 4319452.793, 119
Trd, 4319453.143, 81
Trd, 4319453.493, 61
Trd, 4319453.843, 67
Trd, 4319454.443, 63
Trd, 4319455.243, 63
Trd, 4319456.343, 60
Trd, 4319457.043, 60
Trd, 4319457.543, 61
Trd, 4319458.443, 84
Trd, 4319458.493, 63
Trd, 4319459.143, 79
Trd, 4319459.493, 89
Trd, 4319460.093, 116
Trd, 4319460.343, 126
Trd, 4319460.543, 125
Trd, 4319460.643, 92
Trd, 4319461.543, 61
Trd, 4319462.793, 61
Trd, 4319463.243, 61
Trd, 4319464.993, 60
Trd, 4319465.193, 60
Trd, 4319465.693, 61
Trd, 4319466.093, 60
Trd, 4319466.493, 95
Trd, 4319467.993, 70
Trd, 4319468.343, 99
Trd, 4319468.943, 106
Trd, 4319469.393, 83
Trd, 4319469.893, 116
Trd, 4319470.043, 94
Trd, 4319470.393, 76
Trd, 4319471.593, 137
Trd, 4319472.093, 100
Trd, 4319472.793, 114
Trd, 4319473.243, 112
Trd, 4319473.493, 90
Trd, 4319474.343, 114
Trd, 4319475.593, 64
Trd, 4319477.093, 60
Trd, 4319477.343, 64
Trd, 4319477.443, 66
Trd, 4319478.693, 66
Trd, 4319479.343, 64
Trd, 4319479.543, 62
Trd, 4319479.993, 61
Trd, 4319480.443, 67
Trd, 4319480.893, 135
Trd, 4319482.243, 100
Trd, 4319483.743, 85
Trd, 4319484.443, 140
Trd, 4319484.493, 140
Trd, 4319484.543, 133
Trd, 4319484.593, 102
Trd, 4319485.443, 91
Trd, 4319486.593, 84
Trd, 4319487.093, 76
Trd, 4319488.293, 140
Trd, 4319488.593, 97
Trd, 4319488.893, 96
Trd, 4319489.593, 96
Trd, 4319490.043, 120
Trd, 4319490.443, 84
Trd, 4319490.693, 81
Trd, 4319490.893, 127
Trd, 4319491.493, 60
Trd, 4319492.793, 60
Trd, 4319493.893, 101
Trd, 4319493.993, 101
Trd, 4319494.693, 125
Trd, 4319495.293, 139
Trd, 4319496.143, 80
Trd, 4319496.543, 102
Trd, 4319496.893, 83
Trd, 4319497.593, 122
Trd, 4319497.893, 140
Trd, 4319498.543, 95
Trd, 4319498.643, 97
Trd, 4319499.393, 139
Trd, 4319499.743, 116
Trd, 4319500.193, 105
Trd, 4319500.893, 79
Trd, 4319502.143, 116
Trd, 4319502.393, 98
Trd, 4319503.043, 134
Trd, 4319504.093, 114
Trd, 4319504.143, 78
Trd, 4319504.943, 71
Trd, 4319505.293, 77
Trd, 4319506.543, 137
Trd, 4319506.743, 126
Trd, 4319506.843, 121
Trd, 4319507.093, 130
Trd, 4319507.693, 65
Trd, 4319508.093, 140
Trd, 4319508.443, 140
Trd, 4319509.743, 139
Trd, 4319509.793, 120
Trd, 4319510.243, 75
Trd, 4319511.493, 88
Trd, 4319512.443, 121
Trd, 4319513.043, 62
Trd, 4319513.593, 60
Trd, 4319514.143, 64
Trd, 4319515.043, 60
Trd, 4319515.593, 62
Trd, 4319515.993, 66
Trd, 4319516.293, 66
Trd, 4319516.743, 69
Trd, 4319517.293, 63
Trd, 4319517.943, 76
Trd, 4319519.193, 63
Trd, 4319519.543, 68
Trd, 4319519.793, 73
Trd, 4319519.993, 60
Trd, 4319521.493, 75
Trd, 4319521.893, 68
Trd, 4319523.043, 60
Trd, 4319523.743, 65
Trd, 4319524.793, 67
Trd, 4319526.093, 61
Trd, 4319526.143, 69
Trd, 4319526.293, 76
Trd, 4319526.993, 74
Trd, 4319527.193, 82
Trd, 4319528.343, 69
Trd, 4319528.793, 109
Trd, 4319529.793, 83
Trd, 4319529.843, 75
Trd, 4319530.393, 75
Trd, 4319531.143, 62
Trd, 4319531.643, 61
Trd, 4319532.443, 63
Trd, 4319532.743, 111
Trd, 4319533.693, 71
Trd, 4319534.143, 110
Trd, 4319535.143, 63
Trd, 4319535.943, 73
Trd, 4319536.793, 104
Trd, 4319538.143, 127
Trd, 4319538.693, 127
Trd, 4319539.293, 72
Trd, 4319540.143, 109
Trd, 4319540.743, 121
Trd, 4319540.793, 98
Trd, 4319541.093, 84
Trd, 4319541.293, 106
Trd, 4319541.343, 72
Trd, 4319541.593, 61
Trd, 4319543.043, 71
Trd, 4319543.643, 60
Trd, 4319544.243, 60
Trd, 4319545.343, 60
Trd, 4319545.893, 67
Trd, 4319546.143, 65
Trd, 4319546.693, 100
Trd, 4319546.793, 74
Trd, 4319549.893, 60
Trd, 4319550.043, 61
Trd, 4319550.143, 65
Trd, 4319550.493, 80
Trd, 4319550.593, 77
Trd, 4319550.693, 106
Trd, 4319551.943, 65
Trd, 4319553.043, 102
Trd, 4319553.093, 100
Trd, 4319554.743, 61
Trd, 4319555.043, 71
Trd, 4319555.093, 86
Trd, 4319556.143, 60
Trd, 4319556.993, 64
Trd, 4319557.293, 66
Trd, 4319558.243, 90
Trd, 4319558.693, 71
Trd, 4319559.343, 73
Trd, 4319559.543, 83
Trd, 4319561.043, 105
Trd, 4319561.393, 100
Trd, 4319561.693, 110
Trd, 4319561.943, 127
Trd, 4319565.293, 63
Trd, 4319565.593, 64
Trd, 4319566.193, 64
Trd, 4319567.293, 60
Trd, 4319567.643, 60
Trd, 4319568.143, 70
Trd, 4319568.593, 94
Trd, 4319568.893, 76
Trd, 4319569.843, 61
Trd, 4319570.493, 60
Trd, 4319570.643, 76
Trd, 4319570.793, 99
Trd, 4319573.743, 74
Trd, 4319573.943, 131
Trd, 4319574.593, 70
Trd, 4319575.993, 60
Trd, 4319576.143, 60
Trd, 4319576.193, 69
Trd, 4319576.843, 62
Trd, 4319577.843, 61
Trd, 4319578.443, 66
Trd, 4319578.943, 65
Trd, 4319579.243, 60
Trd, 4319580.443, 94
Trd, 4319580.993, 83
Trd, 4319581.793, 132
Trd, 4319581.943, 76
Trd, 4319582.843, 96
Trd, 4319583.293, 93
Trd, 4319583.693, 117
Trd, 4319583.793, 76
Trd, 4319584.993, 63
Trd, 4319585.193, 74
Trd, 4319586.993, 64
Trd, 4319587.043, 60
Trd, 4319587.543, 73
Trd, 4319588.693, 63
Trd, 4319589.493, 94
Trd, 4319590.143, 60
Trd, 4319591.843, 61
Trd, 4319592.393, 60
Trd, 4319592.593, 91
Trd, 4319592.643, 103
Trd, 4319594.493, 60
Trd, 4319595.343, 63
Trd, 4319595.393, 80
Trd, 4319595.793, 84
Trd, 4319596.493, 62
Trd, 4319596.893, 82
Trd, 4319597.993, 63
Trd, 4319598.143, 67
Trd, 4319598.843, 64
Trd, 4319600.093, 133
Trd, 4319601.293, 140
Trd, 4319601.493, 128
Trd, 4319601.643, 100
Trd, 4319601.693, 99
Trd, 4319602.593, 100
Trd, 4319602.693, 98
Trd, 4319602.793, 90
Trd, 4319604.493, 93
Trd, 4319605.093, 93
Trd, 4319605.393, 129
Trd, 4319606.243, 105
Trd, 4319606.343, 97
Trd, 4319607.093, 90
Trd, 4319607.593, 107
Trd, 4319608.593, 65
Trd, 4319609.193, 66
Trd, 4319609.793, 83
Trd, 4319609.993, 83
Trd, 4319610.393, 95
Trd, 4319610.943, 140
Trd, 4319611.843, 138
Trd, 4319612.893, 121
Trd, 4319613.143, 100
Trd, 4319613.343, 94
Trd, 4319613.943, 96
Trd, 4319615.543, 66
Trd, 4319617.193, 63
Trd, 4319617.443, 63
Trd, 4319618.043, 66
Trd, 4319618.393, 60
Trd, 4319618.493, 84
Trd, 4319618.793, 67
Trd, 4319620.443, 60
Trd, 4319620.843, 62
Trd, 4319621.143, 87
Trd, 4319622.793, 100
Trd, 4319623.643, 86
Trd, 4319624.143, 105
Trd, 4319624.443, 76
Trd, 4319625.393, 66
Trd, 4319625.593, 62
Trd, 4319627.093, 85
Trd, 4319627.193, 126
Trd, 4319627.643, 114
Trd, 4319628.493, 140
Trd, 4319628.793, 99
Trd, 4319629.543, 100
Trd, 4319630.093, 99
Trd, 4319630.743, 71
Trd, 4319631.243, 92
Trd, 4319631.743, 80
Trd, 4319633.293, 95
Trd, 4319633.443, 91
Trd, 4319633.593, 83
Trd, 4319635.643, 140
Trd, 4319635.693, 140
Trd, 4319636.143, 125
Trd, 4319636.943, 81
Trd, 4319637.843, 140
Trd, 4319638.493, 136
Trd, 4319638.643, 92
Trd, 4319638.793, 91
Trd, 4319639.293, 85
Trd, 4319639.793, 78
Trd, 4319641.143, 84
Trd, 4319641.993, 117
Trd, 4319642.943, 131
Trd, 4319643.343, 123
Trd, 4319643.543, 120
Trd, 4319643.743, 92
Trd, 4319643.943, 132
Trd, 4319644.093, 72
Trd, 4319645.743, 61
Trd, 4319646.493, 63
Trd, 4319647.093, 65
Trd, 4319647.343, 73
Trd, 4319648.443, 131
Trd, 4319649.043, 130
Trd, 4319649.343, 117
Trd, 4319650.043, 109
Trd, 4319650.493, 105
Trd, 4319650.893, 80
Trd, 4319651.293, 108
Trd, 4319651.543, 91
Trd, 4319652.593, 60
Trd, 4319654.243, 64
Trd, 4319654.343, 83
Trd, 4319654.443, 121
Trd, 4319654.793, 63
Trd, 4319656.793, 61
Trd, 4319656.843, 63
Trd, 4319657.543, 60
Trd, 4319657.993, 66
Trd, 4319659.993, 68
Trd, 4319660.493, 64
Trd, 4319661.093, 63
Trd, 4319661.143, 74
Trd, 4319661.543, 63
Trd, 4319661.893, 87
Trd, 4319663.093, 61
Trd, 4319663.343, 64
Trd, 4319664.043, 60
Trd, 4319664.493, 63
Trd, 4319665.093, 62
Trd, 4319665.593, 63
Trd, 4319665.693, 66
Trd, 4319666.043, 118
Trd, 4319666.693, 73
Trd, 4319666.793, 89
Trd, 4319667.393, 84
Trd, 4319669.943, 140
Trd, 4319670.093, 105
Trd, 4319670.343, 78
Trd, 4319670.843, 60
Trd, 4319671.143, 83
Trd, 4319672.493, 102
Trd, 4319673.493, 62
Trd, 4319674.093, 60
Trd, 4319674.493, 61
Trd, 4319674.843, 65
Trd, 4319675.193, 88
Trd, 4319675.843, 62
Trd, 4319676.543, 104
Trd, 4319677.493, 64
Trd, 4319677.743, 64
Trd, 4319678.143, 101
Trd, 4319678.893, 92
Trd, 4319679.993, 62
Trd, 4319680.093, 61
Trd, 4319681.443, 73
Trd, 4319681.993, 137
Trd, 4319682.193, 121
Trd, 4319682.343, 101
Trd, 4319683.093, 93
Trd, 4319683.993, 94
Trd, 4319685.193, 84
Trd, 4319685.693, 72
Trd, 4319686.693, 61
Trd, 4319687.493, 62
Trd, 4319687.843, 62
Trd, 4319688.643, 69
Trd, 4319689.793, 64
Trd, 4319690.693, 78
Trd, 4319692.193, 61
Trd, 4319692.643, 82
Trd, 4319693.143, 128
Trd, 4319693.743, 73
Trd, 4319694.143, 62
Trd, 4319694.743, 60
Trd, 4319695.743, 82
Trd, 4319696.293, 60
Trd, 4319696.743, 85
Trd, 4319697.343, 68
Trd, 4319698.893, 60
Trd, 4319698.993, 85
Trd, 4319699.493, 60
Trd, 4319700.243, 60
Trd, 4319701.293, 61
Trd, 4319702.093, 124
Trd, 4319702.343, 128
Trd, 4319703.393, 106
Trd, 4319703.443, 96
Trd, 4319703.543, 91
Trd, 4319703.743, 76
Trd, 4319704.843, 67
Trd, 4319705.143, 102
Trd, 4319705.393, 64
Trd, 4319706.093, 129
Trd, 4319706.593, 138
Trd, 4319707.593, 98
Trd, 4319708.343, 83
Trd, 4319708.543, 72
Trd, 4319709.743, 137
Trd, 4319709.943, 105
Trd, 4319710.743, 106
Trd, 4319710.843, 87
Trd, 4319711.543, 86
Trd, 4319712.593, 67
Trd, 4319713.443, 91
Trd, 4319714.293, 82
Trd, 4319715.093, 81
Trd, 4319715.493, 104
Trd, 4319716.093, 77
Trd, 4319716.943, 68
Trd, 4319717.893, 64
Trd, 4319718.593, 73
Trd, 4319719.943, 82
Trd, 4319720.443, 63
Trd, 4319721.843, 70
Trd, 4319722.143, 68
Trd, 4319723.293, 63
Trd, 4319723.693, 66
Trd, 4319724.143, 76
Trd, 4319724.443, 64
Trd, 4319724.843, 134
Trd, 4319725.393, 110
Trd, 4319726.343, 138
Trd, 4319726.793, 125
Trd, 4319726.943, 120
Trd, 4319727.593, 73
Trd, 4319728.393, 67
Trd, 4319729.193, 104
Trd, 4319729.593, 97
Trd, 4319730.193, 89
Trd, 4319730.843, 87
Trd, 4319730.943, 85
Trd, 4319732.493, 127
Trd, 4319733.043, 121
Trd, 4319734.293, 105
Trd, 4319734.493, 97
Trd, 4319734.893, 96
Trd, 4319735.493, 97
Trd, 4319736.443, 102
Trd, 4319736.793, 105
Trd, 4319737.193, 68
Trd, 4319737.893, 107
Trd, 4319738.643, 96
Trd, 4319738.793, 137
Trd, 4319739.543, 88
Trd, 4319739.643, 81
Trd, 4319740.693, 71
Trd, 4319740.943, 109
Trd, 4319741.193, 111
Trd, 4319742.493, 95
Trd, 4319742.943, 92
Trd, 4319743.393, 93
Trd, 4319743.943, 88
Trd, 4319744.693, 108
Trd, 4319745.143, 66
Trd, 4319745.443, 65
Trd, 4319745.993, 67
Trd, 4319746.293, 67
Trd, 4319747.593, 68
Trd, 4319748.593, 70
Trd, 4319749.093, 72
Trd, 4319749.293, 73
Trd, 4319749.743, 111
Trd, 4319750.343, 103
Trd, 4319751.293, 140
Trd, 4319751.593, 124
Trd, 4319751.793, 109
Trd, 4319752.143, 122
Trd, 4319753.243, 112
Trd, 4319753.543, 139
Trd, 4319754.043, 99
Trd, 4319754.243, 90
Trd, 4319755.243, 96
Trd, 4319755.643, 138
Trd, 4319756.243, 110
Trd, 4319756.593, 94
Trd, 4319758.343, 65
Trd, 4319759.893, 61
Trd, 4319760.243, 60
Trd, 4319760.493, 86
Trd, 4319761.593, 60
Trd, 4319761.943, 107
Trd, 4319761.993, 60
Trd, 4319762.443, 61
Trd, 4319762.493, 64
Trd, 4319763.893, 65
Trd, 4319764.893, 82
Trd, 4319765.893, 75
Trd, 4319766.343, 71
Trd, 4319767.343, 116
Trd, 4319768.543, 138
Trd, 4319768.593, 126
Trd, 4319769.393, 131
Trd, 4319769.443, 130
Trd, 4319769.593, 117
Trd, 4319770.593, 125
Trd, 4319771.193, 104
Trd, 4319772.193, 85
Trd, 4319772.543, 65
Trd, 4319773.093, 64
Trd, 4319773.893, 68
Trd, 4319774.443, 78
Trd, 4319776.493, 60
Trd, 4319776.543, 63
Trd, 4319777.343, 67
Trd, 4319777.393, 68
Trd, 4319777.943, 64
Trd, 4319777.993, 75
Trd, 4319778.143, 62
Trd, 4319779.943, 60
Trd, 4319780.443, 76
Trd, 4319780.893, 124
Trd, 4319782.793, 64
Trd, 4319782.843, 69
Trd, 4319783.193, 60
Trd, 4319784.793, 89
Trd, 4319785.093, 77
Trd, 4319786.693, 62
Trd, 4319787.193, 60
Trd, 4319787.243, 62
Trd, 4319788.043, 63
Trd, 4319788.543, 66
Trd, 4319789.193, 61
Trd, 4319790.393, 140
Trd, 4319790.643, 140
Trd, 4319790.693, 106
Trd, 4319791.143, 85
Trd, 4319791.543, 75
Trd, 4319792.893, 61
Trd, 4319794.093, 61
Trd, 4319795.243, 63
Trd, 4319795.493, 128
Trd, 4319796.593, 60
Trd, 4319796.993, 65
Trd, 4319797.093, 80
Trd, 4319797.893, 62
Trd, 4319798.193, 62
Trd, 4319799.593, 62
Trd, 4319800.743, 62
Trd, 4319801.593, 61
Trd, 4319801.943, 63
Trd, 4319802.793, 139
Trd, 4319802.993, 125
Trd, 4319803.343, 84
Trd, 4319803.493, 64
Trd, 4319804.793, 107
Trd, 4319804.893, 92
Trd, 4319805.243, 72
Trd, 4319805.943, 87
Trd, 4319806.043, 97
Trd, 4319807.843, 60
Trd, 4319808.393, 131
Trd, 4319808.943, 139
Trd, 4319810.243, 111
Trd, 4319810.493, 120
Trd, 4319810.743, 108
Trd, 4319811.243, 125
Trd, 4319811.443, 92
Trd, 4319811.943, 92
Trd, 4319812.393, 90
Trd, 4319814.443, 88
Trd, 4319814.493, 69
Trd, 4319815.593, 132
Trd, 4319815.643, 92
Trd, 4319816.093, 63
Trd, 4319816.543, 81
Trd, 4319817.743, 93
Trd, 4319818.443, 94
Trd, 4319818.493, 92
Trd, 4319818.793, 87
Trd, 4319819.143, 136
Trd, 4319819.243, 61
Trd, 4319819.893, 60
Trd, 4319821.493, 118
Trd, 4319821.593, 110
Trd, 4319821.893, 119
Trd, 4319823.493, 113
Trd, 4319824.243, 102
Trd, 4319825.043, 140
Trd, 4319825.243, 140
Trd, 4319825.293, 140
Trd, 4319825.793, 123
Trd, 4319826.643, 116
Trd, 4319827.293, 118
Trd, 4319827.443, 92
Trd, 4319827.743, 87
Trd, 4319828.493, 60
Trd, 4319830.193, 63
Trd, 4319830.243, 65
Trd, 4319830.443, 62
Trd, 4319830.593, 66
Trd, 4319831.143, 114
Trd, 4319831.543, 84
Trd, 4319832.743, 66
Trd, 4319833.543, 126
Trd, 4319834.343, 119
Trd, 4319835.343, 97
Trd, 4319835.893, 119
Trd, 4319836.143, 110
Trd, 4319836.843, 110
Trd, 4319837.343, 79
Trd, 4319838.243, 84
Trd, 4319839.043, 140
Trd, 4319839.143, 140
Trd, 4319839.693, 96
Trd, 4319840.593, 132
Trd, 4319840.743, 106
Trd, 4319841.293, 140
Trd, 4319841.743, 104
Trd, 4319841.993, 77
Trd, 4319842.143, 104
Trd, 4319844.043, 65
Trd, 4319844.493, 83
Trd, 4319844.993, 72
Trd, 4319845.093, 67
Trd, 4319845.443, 64
Trd, 4319846.093, 61
Trd, 4319846.693, 139
Trd, 4319846.793, 81
Trd, 4319847.543, 61
Trd, 4319849.193, 61
Trd, 4319850.243, 68
Trd, 4319850.643, 68
Trd, 4319851.443, 68
Trd, 4319851.543, 65
Trd, 4319852.093, 61
Trd, 4319852.593, 96
Trd, 4319853.143, 122
Trd, 4319854.293, 67
Trd, 4319854.843, 63
Trd, 4319855.193, 69
Trd, 4319857.593, 60
Trd, 4319857.893, 61
Trd, 4319857.943, 108
Trd, 4319858.243, 110
Trd, 4319859.743, 61
Trd, 4319859.843, 69
Trd, 4319861.093, 84
Trd, 4319861.843, 68
Trd, 4319862.543, 66
Trd, 4319862.793, 68
Trd, 4319863.743, 62
Trd, 4319863.793, 62
Trd, 4319864.693, 94
Trd, 4319865.093, 77
Trd, 4319865.793, 93
Trd, 4319868.043, 60
Trd, 4319869.393, 67
Trd, 4319869.593, 65
Trd, 4319870.243, 68
Trd, 4319871.693, 72
Trd, 4319872.143, 75
Trd, 4319872.343, 63
Trd, 4319872.643, 64
Trd, 4319873.193, 66
Trd, 4319873.643, 64
Trd, 4319874.143, 62
Trd, 4319874.243, 135
Trd, 4319875.093, 137
Trd, 4319875.543, 100
Trd, 4319875.643, 77
Trd, 4319877.293, 93
Trd, 4319878.543, 60
Trd, 4319879.193, 62
Trd, 4319880.043, 66
Trd, 4319882.343, 62
Trd, 4319883.593, 61
Trd, 4319884.093, 61
Trd, 4319884.293, 74
Trd, 4319884.693, 67
Trd, 4319885.443, 85
Trd, 4319887.693, 64
Trd, 4319887.943, 60
Trd, 4319888.493, 64
Trd, 4319888.543, 76
Trd, 4319888.643, 83
Trd, 4319889.743, 63
Trd, 4319890.143, 75
Trd, 4319890.793, 65
Trd, 4319891.443, 67
Trd, 4319892.393, 67
Trd, 4319892.443, 66
Trd, 4319892.993, 77
Trd, 4319893.093, 126
Trd, 4319893.393, 75
Trd, 4319895.343, 64
Trd, 4319895.693, 65
Trd, 4319896.143, 72
Trd, 4319897.793, 116
Trd, 4319897.993, 110
Trd, 4319898.593, 139
Trd, 4319898.993, 95
Trd, 4319899.943, 140
Trd, 4319900.543, 123
Trd, 4319900.893, 108
Trd, 4319901.893, 120
Trd, 4319901.993, 91
Trd, 4319902.193, 89
Trd, 4319902.793, 90
Trd, 4319903.943, 63
Trd, 4319904.743, 113
Trd, 4319906.393, 60
Trd, 4319906.443, 61
Trd, 4319907.293, 69
Trd, 4319907.643, 63
Trd, 4319908.443, 78
Trd, 4319908.843, 78
Trd, 4319909.143, 104
Trd, 4319909.393, 68
Trd, 4319910.293, 89
Trd, 4319911.043, 104
Trd, 4319911.343, 117
Trd, 4319911.393, 100
Trd, 4319913.393, 64
Trd, 4319914.793, 62
Trd, 4319914.843, 66
Trd, 4319915.293, 66
Trd, 4319915.493, 67
Trd, 4319915.993, 62
Trd, 4319916.193, 79
Trd, 4319916.993, 86
Trd, 4319919.443, 67
Trd, 4319919.543, 64
Trd, 4319920.443, 61
Trd, 4319920.593, 67
Trd, 4319921.143, 61
Trd, 4319921.693, 66
Trd, 4319922.493, 70
Trd, 4319922.793, 79
Trd, 4319923.243, 118
Trd, 4319923.943, 60
Trd, 4319924.193, 65
Trd, 4319924.643, 91
Trd, 4319925.043, 87
Trd, 4319926.593, 102
Trd, 4319926.793, 96
Trd, 4319926.843, 88
Trd, 4319926.993, 84
Trd, 4319928.743, 64
Trd, 4319928.843, 67
Trd, 4319929.643, 90
Trd, 4319929.993, 60
Trd, 4319930.943, 113
Trd, 4319931.093, 110
Trd, 4319932.693, 64
Trd, 4319933.293, 66
Trd, 4319934.143, 121
Trd, 4319934.843, 110
Trd, 4319935.343, 67
Trd, 4319935.743, 66
Trd, 4319936.043, 74
Trd, 4319937.093, 62
Trd, 4319938.493, 135
Trd, 4319938.543, 134
Trd, 4319939.293, 138
Trd, 4319939.343, 122
Trd, 4319939.543, 114
Trd, 4319941.143, 140
Trd, 4319941.793, 110
Trd, 4319941.893, 111
Trd, 4319942.193, 94
Trd, 4319942.343, 120
Trd, 4319943.493, 99
Trd, 4319943.843, 124
Trd, 4319944.193, 92
Trd, 4319944.943, 96
Trd, 4319944.993, 79
Trd, 4319945.593, 139
Trd, 4319945.993, 116
Trd, 4319947.393, 105
Trd, 4319948.893, 75
Trd, 4319948.943, 74
Trd, 4319949.393, 94
Trd, 4319950.293, 95
Trd, 4319952.193, 64
Trd, 4319952.793, 61
Trd, 4319952.893, 63
Trd, 4319954.243, 62
Trd, 4319954.593, 64
Trd, 4319956.143, 62
Trd, 4319956.443, 64
Trd, 4319956.793, 61
Trd, 4319957.993, 61
Trd, 4319958.143, 63
Trd, 4319958.743, 83
Trd, 4319959.493, 60
Trd, 4319959.693, 60
Trd, 4319959.943, 62
Trd, 4319961.493, 64
Trd, 4319961.993, 65
Trd, 4319962.743, 60
Trd, 4319963.643, 84
Trd, 4319963.793, 106
Trd, 4319964.193, 61
Trd, 4319964.593, 60
Trd, 4319965.593, 65
Trd, 4319965.793, 62
Trd, 4319966.293, 109
Trd, 4319967.593, 123
Trd, 4319968.693, 122
Trd, 4319969.093, 111
Trd, 4319969.643, 116
Trd, 4319970.093, 140
Trd, 4319970.543, 140
Trd, 4319970.843, 104
Trd, 4319971.143, 91
Trd, 4319971.443, 136
Trd, 4319972.493, 61
Trd, 4319973.643, 72
Trd, 4319974.043, 66
Trd, 4319974.143, 65
Trd, 4319974.993, 105
Trd, 4319975.193, 112
Trd, 4319975.893, 60
Trd, 4319976.443, 136
Trd, 4319976.643, 121
Trd, 4319978.643, 68
Trd, 4319979.793, 62
Trd, 4319980.243, 64
Trd, 4319980.793, 69
Trd, 4319980.893, 72
Trd, 4319981.693, 61
Trd, 4319984.243, 66
Trd, 4319984.993, 61
Trd, 4319985.193, 67
Trd, 4319985.293, 73
Trd, 4319986.043, 71
Trd, 4319986.293, 101
Trd, 4319987.793, 134
Trd, 4319987.943, 133
Trd, 4319988.043, 127
Trd, 4319989.143, 120
Trd, 4319989.793, 118
Trd, 4319989.943, 106
Trd, 4319990.343, 140
Trd, 4319991.293, 97
Trd, 4319991.493, 93
Trd, 4319992.443, 126
Trd, 4319992.893, 106
Trd, 4319993.943, 140
Trd, 4319994.443, 102
Trd, 4319994.493, 99
Trd, 4319995.343, 130
Trd, 4319995.493, 85
Trd, 4319995.843, 139
Trd, 4319996.293, 99
Trd, 4319997.443, 74
Trd, 4319997.643, 67
Trd, 4319998.543, 60
Trd, 4319999.643, 63
