Trd, 4318155.893, 64
Trd, 4318157.293, 62
Trd, 4318157.743, 60
Trd, 4318158.893, 60
Trd, 4318159.343, 60
Trd, 4318160.343, 60
Trd, 4318161.293, 82
Trd, 4318161.593, 138
Trd, 4318162.093, 140
Trd, 4318162.143, 140
Trd, 4318162.293, 139
Trd, 4318163.193, 132
Trd, 4318163.293, 130
Trd, 4318164.243, 77
Trd, 4318166.243, 140
Trd, 4318166.593, 140
Trd, 4318167.193, 105
Trd, 4318168.093, 61
Trd, 4318168.293, 139
Trd, 4318168.593, 84
Trd, 4318169.043, 62
Trd, 4318169.793, 139
Trd, 4318170.543, 66
Trd, 4318172.393, 138
Trd, 4318173.343, 140
Trd, 4318173.443, 140
Trd, 4318173.693, 139
Trd, 4318174.293, 122
Trd, 4318175.093, 138
Trd, 4318175.143, 64
Trd, 4318176.593, 65
Trd, 4318176.993, 60
Trd, 4318177.293, 65
Trd, 4318178.193, 62
Trd, 4318179.693, 63
Trd, 4318179.993, 64
Trd, 4318180.193, 84
Trd, 4318180.543, 62
Trd, 4318181.693, 139
Trd, 4318181.993, 140
Trd, 4318182.293, 139
Trd, 4318182.543, 112
Trd, 4318182.893, 139
Trd, 4318183.743, 63
Trd, 4318184.243, 64
Trd, 4318186.593, 62
Trd, 4318187.143, 62
Trd, 4318187.543, 60
Trd, 4318187.893, 68
Trd, 4318188.193, 70
Trd, 4318190.493, 140
Trd, 4318190.793, 140
Trd, 4318191.043, 140
Trd, 4318191.243, 140
Trd, 4318191.843, 140
Trd, 4318192.693, 125
Trd, 4318194.043, 140
Trd, 4318194.143, 134
Trd, 4318194.993, 125
Trd, 4318195.693, 139
Trd, 4318195.843, 129
Trd, 4318195.893, 125
Trd, 4318197.093, 139
Trd, 4318197.993, 139
Trd, 4318199.093, 140
Trd, 4318199.593, 140
Trd, 4318199.793, 140
Trd, 4318200.493, 140
Trd, 4318200.993, 140
Trd, 4318201.493, 140
Trd, 4318203.643, 97
Trd, 4318204.643, 140
Trd, 4318205.343, 140
Trd, 4318206.743, 140
Trd, 4318206.943, 140
Trd, 4318207.793, 100
Trd, 4318208.343, 139
Trd, 4318210.193, 140
Trd, 4318210.293, 140
Trd, 4318211.143, 140
Trd, 4318211.593, 139
Trd, 4318211.693, 121
Trd, 4318211.743, 115
Trd, 4318212.293, 123
Trd, 4318212.893, 96
Trd, 4318214.943, 140
Trd, 4318215.193, 140
Trd, 4318216.093, 139
Trd, 4318216.443, 140
Trd, 4318216.893, 140
Trd, 4318216.993, 139
Trd, 4318217.293, 100
Trd, 4318219.143, 139
Trd, 4318219.493, 65
Trd, 4318219.893, 80
Trd, 4318221.193, 132
Trd, 4318221.643, 91
Trd, 4318222.543, 140
Trd, 4318222.593, 125
Trd, 4318223.093, 70
Trd, 4318223.993, 119
Trd, 4318224.043, 75
Trd, 4318224.343, 60
Trd, 4318224.993, 60
Trd, 4318225.593, 139
Trd, 4318226.943, 61
Trd, 4318227.043, 61
Trd, 4318228.343, 60
Trd, 4318228.993, 73
Trd, 4318230.393, 134
Trd, 4318230.843, 140
Trd, 4318232.293, 140
Trd, 4318232.543, 140
Trd, 4318232.793, 140
Trd, 4318233.593, 136
Trd, 4318234.293, 138
Trd, 4318234.693, 139
Trd, 4318235.943, 140
Trd, 4318236.443, 140
Trd, 4318237.393, 140
Trd, 4318237.543, 125
Trd, 4318238.893, 138
Trd, 4318239.593, 140
Trd, 4318240.343, 139
Trd, 4318240.443, 139
Trd, 4318241.393, 140
Trd, 4318241.493, 140
Trd, 4318242.343, 140
Trd, 4318242.643, 124
Trd, 4318243.393, 138
Trd, 4318243.593, 137
Trd, 4318244.993, 140
Trd, 4318245.193, 117
Trd, 4318245.843, 116
Trd, 4318247.543, 140
Trd, 4318248.643, 137
Trd, 4318248.843, 135
Trd, 4318249.593, 140
Trd, 4318249.693, 109
Trd, 4318249.843, 80
Trd, 4318250.943, 140
Trd, 4318251.193, 138
Trd, 4318252.343, 140
Trd, 4318253.293, 133
Trd, 4318253.743, 133
Trd, 4318254.093, 132
Trd, 4318254.193, 111
Trd, 4318255.343, 136
Trd, 4318255.493, 139
Trd, 4318255.543, 127
Trd, 4318255.793, 121
Trd, 4318257.543, 140
Trd, 4318257.793, 98
Trd, 4318258.293, 95
Trd, 4318259.743, 60
Trd, 4318261.093, 140
Trd, 4318261.193, 140
Trd, 4318262.293, 138
Trd, 4318262.343, 130
Trd, 4318262.643, 112
Trd, 4318264.643, 140
Trd, 4318265.793, 140
Trd, 4318265.943, 140
Trd, 4318265.993, 130
Trd, 4318266.493, 136
Trd, 4318267.543, 130
Trd, 4318268.743, 140
Trd, 4318268.843, 140
Trd, 4318269.093, 138
Trd, 4318270.043, 131
Trd, 4318270.743, 139
Trd, 4318270.843, 127
Trd, 4318270.893, 85
Trd, 4318271.643, 69
Trd, 4318271.843, 139
Trd, 4318273.843, 62
Trd, 4318274.093, 64
Trd, 4318275.893, 60
Trd, 4318276.493, 65
Trd, 4318277.443, 62
Trd, 4318277.643, 62
Trd, 4318278.143, 63
Trd, 4318278.793, 62
Trd, 4318279.043, 64
Trd, 4318279.693, 60
Trd, 4318280.593, 62
Trd, 4318281.293, 60
Trd, 4318281.693, 62
Trd, 4318284.443, 63
Trd, 4318284.793, 60
Trd, 4318285.293, 60
Trd, 4318285.343, 74
Trd, 4318286.893, 62
Trd, 4318287.043, 62
Trd, 4318287.343, 66
Trd, 4318287.593, 70
Trd, 4318287.743, 138
Trd, 4318288.393, 67
Trd, 4318288.543, 62
Trd, 4318289.243, 69
Trd, 4318289.693, 140
Trd, 4318290.743, 66
Trd, 4318292.293, 70
Trd, 4318293.643, 60
Trd, 4318294.293, 109
Trd, 4318294.993, 140
Trd, 4318295.393, 140
Trd, 4318295.493, 140
Trd, 4318295.543, 140
Trd, 4318295.643, 140
Trd, 4318296.443, 140
Trd, 4318297.393, 135
Trd, 4318298.643, 62
Trd, 4318299.393, 140
Trd, 4318299.643, 110
Trd, 4318300.993, 140
Trd, 4318301.393, 137
Trd, 4318302.743, 140
Trd, 4318303.143, 140
Trd, 4318303.743, 140
Trd, 4318304.243, 135
Trd, 4318304.443, 95
Trd, 4318305.543, 85
Trd, 4318306.193, 138
Trd, 4318306.543, 138
Trd, 4318308.693, 140
Trd, 4318308.743, 140
Trd, 4318308.793, 140
Trd, 4318309.093, 140
Trd, 4318310.343, 139
Trd, 4318310.643, 138
Trd, 4318311.843, 137
Trd, 4318312.293, 135
Trd, 4318312.543, 118
Trd, 4318313.093, 65
Trd, 4318313.493, 129
Trd, 4318314.143, 63
Trd, 4318315.243, 139
Trd, 4318316.593, 63
Trd, 4318316.643, 64
Trd, 4318319.343, 67
Trd, 4318319.743, 60
Trd, 4318320.343, 61
Trd, 4318321.243, 61
Trd, 4318321.343, 62
Trd, 4318321.593, 73
Trd, 4318322.293, 139
Trd, 4318322.343, 138
Trd, 4318324.443, 70
Trd, 4318324.793, 63
Trd, 4318325.393, 138
Trd, 4318325.443, 137
Trd, 4318325.693, 122
Trd, 4318326.893, 69
Trd, 4318327.793, 74
Trd, 4318327.843, 73
Trd, 4318328.343, 62
Trd, 4318329.543, 140
Trd, 4318329.593, 140
Trd, 4318329.643, 140
Trd, 4318330.843, 63
Trd, 4318332.193, 140
Trd, 4318332.843, 140
Trd, 4318333.193, 139
Trd, 4318333.343, 139
Trd, 4318334.493, 134
Trd, 4318335.343, 112
Trd, 4318336.043, 138
Trd, 4318337.393, 88
Trd, 4318337.543, 128
Trd, 4318338.343, 60
Trd, 4318339.093, 64
Trd, 4318340.143, 140
Trd, 4318340.343, 95
Trd, 4318340.643, 70
Trd, 4318340.943, 90
Trd, 4318341.493, 60
Trd, 4318342.193, 62
Trd, 4318343.543, 109
Trd, 4318344.043, 64
Trd, 4318345.393, 140
Trd, 4318345.493, 140
Trd, 4318345.593, 77
Trd, 4318346.493, 66
Trd, 4318347.793, 140
Trd, 4318347.993, 140
Trd, 4318348.243, 139
Trd, 4318348.743, 86
Trd, 4318350.093, 101
Trd, 4318350.743, 140
Trd, 4318351.193, 140
Trd, 4318351.643, 138
Trd, 4318352.243, 140
Trd, 4318352.393, 113
Trd, 4318353.543, 95
Trd, 4318353.843, 73
Trd, 4318354.093, 72
Trd, 4318354.293, 91
Trd, 4318355.393, 139
Trd, 4318356.543, 139
Trd, 4318356.593, 107
Trd, 4318358.493, 61
Trd, 4318358.793, 64
Trd, 4318359.493, 73
Trd, 4318359.893, 140
Trd, 4318360.193, 68
Trd, 4318360.293, 63
Trd, 4318360.643, 63
Trd, 4318362.193, 64
Trd, 4318363.393, 61
Trd, 4318363.693, 68
Trd, 4318364.493, 60
Trd, 4318365.643, 68
Trd, 4318365.743, 71
Trd, 4318366.893, 87
Trd, 4318367.593, 66
Trd, 4318367.993, 62
Trd, 4318368.493, 61
Trd, 4318368.543, 70
Trd, 4318371.343, 71
Trd, 4318372.243, 60
Trd, 4318372.343, 60
Trd, 4318372.443, 60
Trd, 4318372.843, 62
Trd, 4318372.943, 81
Trd, 4318373.543, 139
Trd, 4318374.643, 66
Trd, 4318375.143, 64
Trd, 4318375.543, 69
Trd, 4318375.743, 66
Trd, 4318375.993, 64
Trd, 4318376.643, 65
Trd, 4318377.393, 110
Trd, 4318377.993, 130
Trd, 4318378.393, 138
Trd, 4318379.543, 140
Trd, 4318381.043, 140
Trd, 4318381.493, 140
Trd, 4318381.543, 140
Trd, 4318382.093, 139
Trd, 4318383.393, 140
Trd, 4318385.093, 140
Trd, 4318385.693, 140
Trd, 4318386.043, 140
Trd, 4318386.343, 138
Trd, 4318386.643, 137
Trd, 4318388.593, 140
Trd, 4318388.893, 140
Trd, 4318389.343, 140
Trd, 4318389.593, 139
Trd, 4318390.243, 119
Trd, 4318390.293, 113
Trd, 4318391.493, 140
Trd, 4318392.193, 140
Trd, 4318392.843, 140
Trd, 4318393.993, 140
Trd, 4318394.393, 140
Trd, 4318394.493, 140
Trd, 4318394.643, 86
Trd, 4318395.943, 62
Trd, 4318396.143, 138
Trd, 4318397.543, 60
Trd, 4318398.543, 61
Trd, 4318398.593, 65
Trd, 4318399.843, 60
Trd, 4318400.593, 61
Trd, 4318400.793, 62
Trd, 4318401.093, 140
Trd, 4318401.743, 62
Trd, 4318402.293, 129
Trd, 4318404.293, 140
Trd, 4318404.393, 140
Trd, 4318404.643, 140
Trd, 4318405.393, 98
Trd, 4318406.243, 138
Trd, 4318406.393, 137
Trd, 4318406.993, 62
Trd, 4318409.093, 62
Trd, 4318409.743, 72
Trd, 4318410.143, 116
Trd, 4318411.043, 138
Trd, 4318411.093, 137
Trd, 4318411.493, 86
Trd, 4318412.093, 117
Trd, 4318413.793, 60
Trd, 4318414.193, 63
Trd, 4318414.393, 77
Trd, 4318415.193, 81
Trd, 4318415.393, 95
Trd, 4318416.143, 138
Trd, 4318416.343, 137
Trd, 4318417.243, 140
Trd, 4318417.643, 140
Trd, 4318418.143, 132
Trd, 4318418.693, 131
Trd, 4318419.393, 139
Trd, 4318419.793, 94
Trd, 4318419.893, 93
Trd, 4318421.043, 100
Trd, 4318421.443, 74
Trd, 4318421.843, 65
Trd, 4318423.193, 140
Trd, 4318424.193, 140
Trd, 4318424.443, 140
Trd, 4318424.643, 140
Trd, 4318425.743, 140
Trd, 4318426.243, 139
Trd, 4318426.293, 138
Trd, 4318426.643, 96
Trd, 4318427.593, 128
Trd, 4318427.993, 127
Trd, 4318428.493, 132
Trd, 4318428.693, 61
Trd, 4318429.343, 67
Trd, 4318431.943, 60
Trd, 4318432.843, 61
Trd, 4318432.893, 62
Trd, 4318433.893, 64
Trd, 4318434.343, 137
Trd, 4318435.393, 67
Trd, 4318435.743, 79
Trd, 4318435.943, 66
Trd, 4318436.943, 62
Trd, 4318437.943, 64
Trd, 4318438.393, 64
Trd, 4318439.293, 65
Trd, 4318439.893, 62
Trd, 4318440.643, 140
Trd, 4318440.743, 61
Trd, 4318442.143, 140
Trd, 4318442.643, 140
Trd, 4318442.893, 140
Trd, 4318443.343, 140
Trd, 4318443.893, 139
Trd, 4318445.193, 105
Trd, 4318446.393, 120
Trd, 4318447.043, 106
Trd, 4318447.793, 94
Trd, 4318448.393, 84
Trd, 4318448.843, 65
Trd, 4318449.693, 140
Trd, 4318450.843, 140
Trd, 4318450.993, 140
Trd, 4318451.493, 140
Trd, 4318452.093, 137
Trd, 4318452.193, 126
Trd, 4318452.593, 135
Trd, 4318453.293, 113
Trd, 4318453.443, 109
Trd, 4318454.643, 136
Trd, 4318455.093, 140
Trd, 4318457.043, 140
Trd, 4318457.743, 140
Trd, 4318458.343, 112
Trd, 4318458.893, 138
Trd, 4318459.543, 140
Trd, 4318459.893, 139
Trd, 4318460.443, 139
Trd, 4318460.843, 130
Trd, 4318461.343, 126
Trd, 4318462.343, 137
Trd, 4318463.493, 126
Trd, 4318463.693, 105
Trd, 4318465.043, 140
Trd, 4318465.493, 140
Trd, 4318465.643, 140
Trd, 4318466.843, 140
Trd, 4318467.143, 140
Trd, 4318468.093, 140
Trd, 4318468.393, 129
Trd, 4318468.543, 123
Trd, 4318469.243, 139
Trd, 4318472.143, 140
Trd, 4318472.193, 140
Trd, 4318472.293, 140
Trd, 4318472.893, 94
Trd, 4318473.043, 93
Trd, 4318473.193, 75
Trd, 4318474.443, 140
Trd, 4318474.543, 139
Trd, 4318475.893, 140
Trd, 4318476.193, 140
Trd, 4318478.543, 140
Trd, 4318478.693, 140
Trd, 4318478.943, 139
Trd, 4318478.993, 125
Trd, 4318479.043, 100
Trd, 4318479.543, 140
Trd, 4318480.593, 61
Trd, 4318483.093, 140
Trd, 4318483.493, 140
Trd, 4318484.193, 140
Trd, 4318484.693, 140
Trd, 4318485.343, 140
Trd, 4318485.393, 140
Trd, 4318485.993, 140
Trd, 4318486.643, 140
Trd, 4318487.093, 129
Trd, 4318487.843, 125
Trd, 4318488.443, 124
Trd, 4318488.793, 134
Trd, 4318489.093, 132
Trd, 4318489.593, 140
Trd, 4318489.943, 140
Trd, 4318490.943, 127
Trd, 4318491.443, 140
Trd, 4318492.593, 140
Trd, 4318494.193, 140
Trd, 4318494.343, 140
Trd, 4318494.443, 140
Trd, 4318495.143, 127
Trd, 4318496.143, 140
Trd, 4318496.393, 132
Trd, 4318497.043, 140
Trd, 4318498.343, 137
Trd, 4318499.143, 140
Trd, 4318499.893, 140
Trd, 4318500.093, 140
Trd, 4318500.143, 125
Trd, 4318500.543, 129
Trd, 4318501.143, 85
Trd, 4318502.143, 118
Trd, 4318503.743, 140
Trd, 4318503.993, 140
Trd, 4318504.593, 140
Trd, 4318504.943, 140
Trd, 4318505.093, 140
Trd, 4318506.043, 130
Trd, 4318506.693, 119
Trd, 4318507.193, 140
Trd, 4318507.393, 134
Trd, 4318508.693, 140
Trd, 4318509.343, 140
Trd, 4318510.443, 140
Trd, 4318510.893, 139
Trd, 4318511.193, 140
Trd, 4318511.893, 136
Trd, 4318512.043, 136
Trd, 4318512.193, 135
Trd, 4318514.393, 140
Trd, 4318514.743, 140
Trd, 4318515.043, 139
Trd, 4318515.243, 136
Trd, 4318515.793, 135
Trd, 4318516.893, 140
Trd, 4318517.193, 126
Trd, 4318517.443, 128
Trd, 4318518.193, 136
Trd, 4318519.043, 140
Trd, 4318519.343, 140
Trd, 4318520.043, 140
Trd, 4318521.543, 139
Trd, 4318521.693, 121
Trd, 4318521.843, 109
Trd, 4318522.643, 140
Trd, 4318523.943, 133
Trd, 4318524.043, 132
Trd, 4318524.293, 107
Trd, 4318524.493, 102
Trd, 4318525.143, 139
Trd, 4318525.693, 123
Trd, 4318526.343, 121
Trd, 4318526.693, 90
Trd, 4318527.293, 103
Trd, 4318528.443, 60
Trd, 4318529.543, 85
Trd, 4318529.843, 120
Trd, 4318531.043, 115
Trd, 4318531.093, 102
Trd, 4318531.243, 135
Trd, 4318532.243, 136
Trd, 4318532.343, 89
Trd, 4318533.493, 64
Trd, 4318533.993, 60
Trd, 4318534.593, 60
Trd, 4318534.943, 61
Trd, 4318535.843, 60
Trd, 4318536.493, 61
Trd, 4318538.043, 139
Trd, 4318538.343, 138
Trd, 4318538.393, 138
Trd, 4318539.243, 140
Trd, 4318540.293, 140
Trd, 4318541.543, 140
Trd, 4318541.643, 140
Trd, 4318541.893, 140
Trd, 4318542.393, 136
Trd, 4318543.443, 140
Trd, 4318543.593, 100
Trd, 4318543.843, 69
Trd, 4318545.243, 140
Trd, 4318546.693, 140
Trd, 4318547.643, 140
Trd, 4318547.943, 140
Trd, 4318549.093, 140
Trd, 4318549.293, 139
Trd, 4318549.543, 139
Trd, 4318551.543, 139
Trd, 4318551.693, 137
Trd, 4318552.143, 125
Trd, 4318552.793, 109
Trd, 4318552.843, 108
Trd, 4318553.893, 140
Trd, 4318554.843, 140
Trd, 4318555.143, 140
Trd, 4318556.993, 108
Trd, 4318557.093, 106
Trd, 4318557.243, 74
Trd, 4318557.793, 138
Trd, 4318557.843, 133
Trd, 4318558.493, 139
Trd, 4318558.593, 139
Trd, 4318559.593, 117
Trd, 4318559.893, 140
Trd, 4318560.643, 131
Trd, 4318561.143, 139
Trd, 4318562.193, 139
Trd, 4318563.093, 140
Trd, 4318563.693, 79
Trd, 4318564.343, 140
Trd, 4318565.543, 86
Trd, 4318566.493, 140
Trd, 4318566.543, 140
Trd, 4318567.793, 140
Trd, 4318568.293, 140
Trd, 4318569.093, 139
Trd, 4318570.343, 140
Trd, 4318570.443, 140
Trd, 4318571.493, 140
Trd, 4318571.943, 140
Trd, 4318572.493, 140
Trd, 4318572.843, 108
Trd, 4318573.443, 138
Trd, 4318575.193, 140
Trd, 4318575.343, 122
Trd, 4318575.993, 121
Trd, 4318576.043, 103
Trd, 4318577.543, 140
Trd, 4318577.793, 140
Trd, 4318577.843, 140
Trd, 4318578.243, 129
Trd, 4318578.643, 122
Trd, 4318579.543, 62
Trd, 4318580.193, 137
Trd, 4318582.543, 60
Trd, 4318582.893, 60
Trd, 4318583.043, 75
Trd, 4318583.893, 60
Trd, 4318584.093, 60
Trd, 4318585.143, 103
Trd, 4318586.193, 86
Trd, 4318586.493, 140
Trd, 4318586.543, 140
Trd, 4318587.243, 140
Trd, 4318587.293, 140
Trd, 4318587.893, 140
Trd, 4318590.093, 140
Trd, 4318590.343, 140
Trd, 4318591.593, 140
Trd, 4318591.843, 140
Trd, 4318592.093, 139
Trd, 4318593.193, 140
Trd, 4318593.393, 140
Trd, 4318593.493, 139
Trd, 4318593.543, 137
Trd, 4318593.593, 106
Trd, 4318594.493, 139
Trd, 4318595.143, 140
Trd, 4318595.443, 140
Trd, 4318597.293, 60
Trd, 4318597.893, 65
Trd, 4318598.143, 73
Trd, 4318600.193, 126
Trd, 4318600.293, 140
Trd, 4318600.843, 140
Trd, 4318601.043, 140
Trd, 4318602.743, 140
Trd, 4318603.793, 131
Trd, 4318603.943, 124
Trd, 4318604.193, 120
Trd, 4318605.243, 140
Trd, 4318606.393, 140
Trd, 4318606.443, 117
Trd, 4318606.543, 80
Trd, 4318608.193, 65
Trd, 4318608.493, 120
Trd, 4318609.843, 63
Trd, 4318611.143, 62
Trd, 4318611.193, 63
Trd, 4318611.693, 62
Trd, 4318613.193, 60
Trd, 4318613.943, 60
Trd, 4318614.993, 60
Trd, 4318615.293, 60
Trd, 4318615.643, 63
Trd, 4318615.843, 68
Trd, 4318615.993, 69
Trd, 4318618.093, 64
Trd, 4318618.993, 67
Trd, 4318619.643, 140
Trd, 4318620.043, 140
Trd, 4318620.593, 140
Trd, 4318620.943, 139
Trd, 4318621.843, 139
Trd, 4318622.643, 127
Trd, 4318622.943, 112
Trd, 4318623.593, 112
Trd, 4318624.643, 140
Trd, 4318625.093, 60
Trd, 4318626.093, 66
Trd, 4318627.293, 61
Trd, 4318627.493, 62
Trd, 4318628.743, 62
Trd, 4318629.643, 61
Trd, 4318630.943, 62
Trd, 4318631.093, 62
Trd, 4318631.243, 69
Trd, 4318631.593, 71
Trd, 4318632.643, 104
Trd, 4318633.493, 140
Trd, 4318633.693, 131
Trd, 4318634.693, 91
Trd, 4318634.793, 90
Trd, 4318635.993, 137
Trd, 4318636.643, 140
Trd, 4318636.693, 107
Trd, 4318637.593, 140
Trd, 4318638.743, 112
Trd, 4318639.193, 140
Trd, 4318639.943, 140
Trd, 4318640.793, 132
Trd, 4318641.043, 131
Trd, 4318641.793, 140
Trd, 4318642.943, 133
Trd, 4318643.243, 140
Trd, 4318644.593, 140
Trd, 4318644.993, 140
Trd, 4318645.793, 140
Trd, 4318646.843, 62
Trd, 4318647.293, 66
Trd, 4318647.993, 111
Trd, 4318648.943, 136
Trd, 4318650.193, 136
Trd, 4318650.893, 139
Trd, 4318651.743, 131
Trd, 4318651.793, 126
Trd, 4318652.143, 121
Trd, 4318652.493, 99
Trd, 4318654.593, 137
Trd, 4318655.043, 140
Trd, 4318655.843, 140
Trd, 4318655.993, 140
Trd, 4318657.743, 140
Trd, 4318658.693, 140
Trd, 4318659.143, 140
Trd, 4318659.643, 140
Trd, 4318660.543, 140
Trd, 4318661.043, 140
Trd, 4318661.793, 139
Trd, 4318662.043, 133
Trd, 4318663.343, 139
Trd, 4318663.443, 131
Trd, 4318663.643, 109
Trd, 4318664.993, 140
Trd, 4318665.843, 133
Trd, 4318666.393, 139
Trd, 4318666.693, 130
Trd, 4318668.843, 140
Trd, 4318669.593, 140
Trd, 4318670.043, 139
Trd, 4318670.143, 138
Trd, 4318670.643, 106
Trd, 4318670.793, 105
Trd, 4318672.193, 126
Trd, 4318672.443, 125
Trd, 4318672.993, 123
Trd, 4318674.893, 140
Trd, 4318674.993, 139
Trd, 4318676.943, 140
Trd, 4318678.493, 140
Trd, 4318678.593, 140
Trd, 4318678.643, 137
Trd, 4318678.843, 135
Trd, 4318678.893, 98
Trd, 4318679.693, 60
Trd, 4318680.243, 70
Trd, 4318680.893, 61
Trd, 4318682.743, 60
Trd, 4318683.243, 77
Trd, 4318684.093, 65
Trd, 4318684.143, 73
Trd, 4318684.993, 61
Trd, 4318685.493, 120
Trd, 4318686.143, 64
Trd, 4318686.993, 80
Trd, 4318687.693, 140
Trd, 4318688.693, 140
Trd, 4318688.843, 140
Trd, 4318689.343, 138
Trd, 4318690.443, 139
Trd, 4318690.793, 140
Trd, 4318691.243, 140
Trd, 4318691.643, 139
Trd, 4318692.993, 138
Trd, 4318693.043, 137
Trd, 4318693.643, 102
Trd, 4318693.893, 102
Trd, 4318694.943, 131
Trd, 4318696.843, 136
Trd, 4318698.093, 140
Trd, 4318698.893, 140
Trd, 4318699.093, 140
Trd, 4318699.243, 140
Trd, 4318699.393, 112
Trd, 4318700.043, 126
Trd, 4318701.093, 71
Trd, 4318701.593, 140
Trd, 4318702.443, 140
Trd, 4318704.443, 140
Trd, 4318704.543, 140
Trd, 4318704.993, 127
Trd, 4318705.043, 126
Trd, 4318705.293, 109
Trd, 4318706.593, 140
Trd, 4318707.593, 140
Trd, 4318708.443, 140
Trd, 4318708.993, 140
Trd, 4318709.093, 140
Trd, 4318709.343, 140
Trd, 4318710.243, 133
Trd, 4318710.343, 129
Trd, 4318710.993, 127
Trd, 4318712.543, 140
Trd, 4318713.143, 140
Trd, 4318713.493, 139
Trd, 4318714.293, 140
Trd, 4318715.093, 139
Trd, 4318715.843, 140
Trd, 4318716.593, 140
Trd, 4318716.693, 140
Trd, 4318717.393, 140
Trd, 4318717.693, 140
Trd, 4318718.193, 140
Trd, 4318719.293, 137
Trd, 4318720.543, 133
Trd, 4318722.493, 140
Trd, 4318722.593, 140
Trd, 4318723.143, 140
Trd, 4318723.493, 140
Trd, 4318724.293, 140
Trd, 4318726.093, 140
Trd, 4318726.143, 140
Trd, 4318726.293, 140
Trd, 4318726.993, 133
Trd, 4318727.943, 138
Trd, 4318728.543, 138
Trd, 4318728.593, 127
Trd, 4318728.893, 119
Trd, 4318729.793, 140
Trd, 4318731.393, 140
Trd, 4318731.693, 140
Trd, 4318731.743, 140
Trd, 4318733.993, 61
Trd, 4318734.593, 63
Trd, 4318734.843, 81
Trd, 4318735.643, 140
Trd, 4318735.993, 139
Trd, 4318736.143, 139
Trd, 4318736.993, 140
Trd, 4318737.743, 140
Trd, 4318737.943, 139
Trd, 4318738.393, 130
Trd, 4318739.543, 68
Trd, 4318741.143, 60
Trd, 4318741.343, 138
Trd, 4318742.243, 140
Trd, 4318742.643, 139
Trd, 4318742.893, 140
Trd, 4318743.693, 139
Trd, 4318745.043, 140
Trd, 4318745.143, 133
Trd, 4318745.543, 114
Trd, 4318746.043, 140
Trd, 4318746.293, 140
Trd, 4318746.693, 140
Trd, 4318747.993, 140
Trd, 4318748.893, 140
Trd, 4318749.343, 140
Trd, 4318749.493, 107
Trd, 4318750.293, 100
Trd, 4318750.743, 98
Trd, 4318751.793, 114
Trd, 4318752.343, 114
Trd, 4318753.243, 140
Trd, 4318753.693, 135
Trd, 4318754.543, 114
Trd, 4318755.543, 97
Trd, 4318755.743, 86
Trd, 4318756.443, 140
Trd, 4318757.093, 73
Trd, 4318757.193, 71
Trd, 4318758.193, 140
Trd, 4318758.843, 140
Trd, 4318760.143, 140
Trd, 4318760.243, 140
Trd, 4318761.793, 140
Trd, 4318762.393, 140
Trd, 4318764.243, 140
Trd, 4318765.043, 140
Trd, 4318766.043, 140
Trd, 4318766.193, 140
Trd, 4318767.493, 139
Trd, 4318767.693, 127
Trd, 4318768.243, 138
Trd, 4318770.143, 140
Trd, 4318770.393, 140
Trd, 4318770.593, 125
Trd, 4318771.493, 75
Trd, 4318771.643, 66
Trd, 4318771.943, 63
Trd, 4318773.293, 140
Trd, 4318773.943, 140
Trd, 4318774.043, 140
Trd, 4318774.443, 139
Trd, 4318775.143, 140
Trd, 4318775.443, 139
Trd, 4318775.643, 138
Trd, 4318776.643, 139
Trd, 4318777.443, 139
Trd, 4318778.343, 122
Trd, 4318778.593, 94
Trd, 4318779.443, 139
Trd, 4318780.043, 140
Trd, 4318780.593, 139
Trd, 4318780.843, 66
Trd, 4318781.343, 139
Trd, 4318781.643, 60
Trd, 4318782.243, 60
Trd, 4318783.693, 140
Trd, 4318785.393, 140
Trd, 4318785.443, 138
Trd, 4318785.943, 138
Trd, 4318786.293, 138
Trd, 4318786.393, 135
Trd, 4318787.193, 135
Trd, 4318787.243, 117
Trd, 4318788.193, 100
Trd, 4318790.093, 140
Trd, 4318790.843, 140
Trd, 4318791.143, 140
Trd, 4318791.943, 138
Trd, 4318792.343, 137
Trd, 4318793.093, 137
Trd, 4318794.543, 139
Trd, 4318794.843, 136
Trd, 4318795.493, 115
Trd, 4318796.393, 136
Trd, 4318796.643, 124
Trd, 4318797.193, 108
Trd, 4318797.743, 140
Trd, 4318797.993, 140
Trd, 4318798.293, 138
Trd, 4318799.693, 138
Trd, 4318800.143, 72
Trd, 4318800.593, 62
Trd, 4318801.593, 63
Trd, 4318802.093, 67
Trd, 4318803.843, 60
Trd, 4318803.943, 77
Trd, 4318804.693, 60
Trd, 4318804.743, 60
Trd, 4318805.543, 63
Trd, 4318806.693, 60
Trd, 4318807.343, 82
Trd, 4318808.443, 61
Trd, 4318809.193, 61
Trd, 4318809.643, 60
Trd, 4318810.193, 62
Trd, 4318811.393, 63
Trd, 4318812.043, 66
Trd, 4318812.593, 60
Trd, 4318812.643, 86
Trd, 4318813.893, 110
Trd, 4318814.893, 110
Trd, 4318815.443, 139
Trd, 4318815.693, 133
Trd, 4318815.993, 112
Trd, 4318817.293, 140
Trd, 4318817.893, 140
Trd, 4318818.093, 96
Trd, 4318820.043, 140
Trd, 4318820.293, 139
Trd, 4318820.443, 121
Trd, 4318821.443, 139
Trd, 4318821.843, 134
Trd, 4318822.843, 140
Trd, 4318823.193, 138
Trd, 4318823.943, 115
Trd, 4318824.243, 127
Trd, 4318825.193, 114
Trd, 4318825.893, 140
Trd, 4318827.143, 140
Trd, 4318827.543, 139
Trd, 4318827.893, 140
Trd, 4318828.593, 138
Trd, 4318830.143, 137
Trd, 4318831.243, 139
Trd, 4318831.343, 134
Trd, 4318831.393, 104
Trd, 4318831.843, 140
Trd, 4318831.993, 140
Trd, 4318832.093, 140
Trd, 4318833.043, 140
Trd, 4318833.943, 140
Trd, 4318834.143, 93
Trd, 4318835.093, 139
Trd, 4318836.743, 70
Trd, 4318837.493, 63
Trd, 4318838.543, 133
Trd, 4318838.793, 106
Trd, 4318839.193, 61
Trd, 4318840.293, 140
Trd, 4318840.943, 140
Trd, 4318841.093, 136
Trd, 4318841.293, 103
Trd, 4318843.743, 140
Trd, 4318843.793, 140
Trd, 4318843.843, 140
Trd, 4318843.993, 140
Trd, 4318844.593, 140
Trd, 4318845.043, 136
Trd, 4318845.693, 129
Trd, 4318846.643, 140
Trd, 4318847.093, 94
Trd, 4318848.143, 128
Trd, 4318848.293, 131
Trd, 4318848.343, 127
Trd, 4318849.143, 140
Trd, 4318851.293, 140
Trd, 4318851.593, 140
Trd, 4318852.743, 140
Trd, 4318853.693, 140
Trd, 4318853.893, 140
Trd, 4318854.193, 140
Trd, 4318856.093, 140
Trd, 4318856.393, 140
Trd, 4318856.543, 116
Trd, 4318857.443, 137
Trd, 4318857.843, 140
Trd, 4318858.143, 140
Trd, 4318858.693, 140
Trd, 4318859.093, 140
Trd, 4318859.593, 139
Trd, 4318860.093, 105
Trd, 4318860.293, 89
Trd, 4318861.193, 140
Trd, 4318862.543, 140
Trd, 4318862.943, 140
Trd, 4318863.643, 140
Trd, 4318864.993, 140
Trd, 4318865.443, 140
Trd, 4318865.743, 139
Trd, 4318866.743, 140
Trd, 4318867.943, 140
Trd, 4318869.393, 140
Trd, 4318869.743, 117
Trd, 4318870.793, 140
Trd, 4318871.243, 140
Trd, 4318872.143, 140
Trd, 4318872.293, 140
Trd, 4318872.393, 140
Trd, 4318872.543, 138
Trd, 4318874.293, 134
Trd, 4318874.643, 81
Trd, 4318874.793, 75
Trd, 4318875.443, 62
Trd, 4318876.693, 61
Trd, 4318877.743, 62
Trd, 4318877.843, 63
Trd, 4318878.493, 61
Trd, 4318880.093, 99
Trd, 4318880.193, 98
Trd, 4318881.293, 140
Trd, 4318881.343, 137
Trd, 4318881.793, 138
Trd, 4318882.743, 140
Trd, 4318883.093, 139
Trd, 4318885.743, 140
Trd, 4318885.993, 140
Trd, 4318886.493, 140
Trd, 4318886.743, 140
Trd, 4318887.093, 137
Trd, 4318887.493, 103
Trd, 4318888.243, 135
Trd, 4318890.143, 140
Trd, 4318890.193, 139
Trd, 4318890.293, 135
Trd, 4318890.993, 139
Trd, 4318891.293, 134
Trd, 4318891.693, 140
Trd, 4318893.943, 138
Trd, 4318893.993, 132
Trd, 4318895.043, 140
Trd, 4318895.243, 140
Trd, 4318895.893, 91
Trd, 4318896.943, 139
Trd, 4318897.293, 112
Trd, 4318897.693, 82
Trd, 4318899.693, 140
Trd, 4318900.093, 140
Trd, 4318900.143, 140
Trd, 4318900.393, 140
Trd, 4318902.143, 140
Trd, 4318902.693, 140
Trd, 4318903.393, 140
Trd, 4318903.893, 138
Trd, 4318903.943, 137
Trd, 4318904.993, 139
Trd, 4318905.893, 140
Trd, 4318907.343, 140
Trd, 4318907.893, 140
Trd, 4318908.243, 136
Trd, 4318908.843, 122
Trd, 4318909.893, 135
Trd, 4318909.993, 134
Trd, 4318910.443, 139
Trd, 4318910.843, 99
Trd, 4318910.893, 93
Trd, 4318911.743, 138
Trd, 4318913.043, 140
Trd, 4318913.943, 140
Trd, 4318914.243, 140
Trd, 4318914.543, 135
Trd, 4318915.593, 132
Trd, 4318915.943, 138
Trd, 4318916.243, 119
Trd, 4318917.243, 136
Trd, 4318917.493, 140
Trd, 4318918.643, 116
Trd, 4318918.893, 135
Trd, 4318919.343, 97
Trd, 4318919.743, 62
Trd, 4318920.343, 139
Trd, 4318922.093, 61
Trd, 4318922.293, 69
Trd, 4318922.793, 64
Trd, 4318924.243, 67
Trd, 4318925.493, 69
Trd, 4318926.043, 61
Trd, 4318926.143, 63
Trd, 4318927.943, 60
Trd, 4318927.993, 62
Trd, 4318928.593, 136
Trd, 4318929.243, 140
Trd, 4318929.343, 140
Trd, 4318929.593, 135
Trd, 4318930.943, 60
Trd, 4318931.193, 61
Trd, 4318933.693, 61
Trd, 4318933.843, 64
Trd, 4318935.093, 60
Trd, 4318935.393, 69
Trd, 4318936.593, 64
Trd, 4318936.743, 61
Trd, 4318936.843, 60
Trd, 4318938.043, 140
Trd, 4318938.243, 123
Trd, 4318939.643, 60
Trd, 4318940.143, 60
Trd, 4318940.893, 61
Trd, 4318941.793, 65
Trd, 4318942.643, 133
Trd, 4318942.843, 133
Trd, 4318942.893, 132
Trd, 4318943.543, 107
Trd, 4318943.643, 106
Trd, 4318944.393, 139
Trd, 4318945.393, 140
Trd, 4318945.543, 140
Trd, 4318946.543, 140
Trd, 4318947.443, 138
Trd, 4318947.793, 132
Trd, 4318948.193, 139
Trd, 4318948.643, 62
Trd, 4318948.843, 95
Trd, 4318950.193, 140
Trd, 4318950.943, 140
Trd, 4318952.343, 140
Trd, 4318952.393, 140
Trd, 4318952.443, 140
Trd, 4318952.493, 139
Trd, 4318953.043, 135
Trd, 4318953.693, 77
Trd, 4318955.293, 140
Trd, 4318955.493, 140
Trd, 4318955.743, 138
Trd, 4318955.993, 107
Trd, 4318957.543, 137
Trd, 4318957.793, 136
Trd, 4318959.993, 139
Trd, 4318960.093, 136
Trd, 4318961.293, 131
Trd, 4318961.643, 132
Trd, 4318961.993, 132
Trd, 4318962.793, 140
Trd, 4318962.943, 140
Trd, 4318963.243, 84
Trd, 4318964.793, 140
Trd, 4318964.943, 139
Trd, 4318965.543, 139
Trd, 4318966.293, 140
Trd, 4318966.793, 139
Trd, 4318966.993, 134
Trd, 4318968.993, 137
Trd, 4318969.443, 137
Trd, 4318970.393, 140
Trd, 4318970.443, 139
Trd, 4318970.993, 137
Trd, 4318971.643, 140
Trd, 4318972.593, 140
Trd, 4318974.043, 140
Trd, 4318974.543, 140
Trd, 4318975.343, 140
Trd, 4318975.993, 121
Trd, 4318976.293, 121
Trd, 4318976.943, 131
Trd, 4318977.643, 138
Trd, 4318978.443, 138
Trd, 4318978.693, 94
Trd, 4318980.293, 140
Trd, 4318980.343, 138
Trd, 4318980.693, 122
Trd, 4318981.393, 119
Trd, 4318982.243, 60
Trd, 4318982.643, 117
Trd, 4318983.293, 63
Trd, 4318984.943, 61
Trd, 4318985.443, 69
Trd, 4318985.593, 72
Trd, 4318987.193, 140
Trd, 4318987.393, 140
Trd, 4318987.543, 140
Trd, 4318988.043, 140
Trd, 4318988.693, 60
Trd, 4318989.243, 123
Trd, 4318989.393, 62
Trd, 4318990.593, 62
Trd, 4318991.193, 61
Trd, 4318991.893, 140
Trd, 4318992.243, 67
Trd, 4318993.293, 139
Trd, 4318993.593, 140
Trd, 4318993.893, 140
Trd, 4318994.043, 140
Trd, 4318994.293, 139
Trd, 4318995.193, 132
Trd, 4318995.493, 110
Trd, 4318995.943, 108
Trd, 4318996.293, 139
Trd, 4318997.493, 140
Trd, 4318998.343, 140
Trd, 4318998.493, 140
Trd, 4318999.143, 88
Trd, 4319000.293, 140
Trd, 4319002.293, 140
Trd, 4319002.443, 140
Trd, 4319002.793, 120
Trd, 4319003.193, 137
Trd, 4319004.243, 138
Trd, 4319005.343, 140
Trd, 4319005.493, 140
Trd, 4319005.943, 140
Trd, 4319006.893, 140
Trd, 4319009.143, 139
Trd, 4319009.443, 140
Trd, 4319009.593, 134
Trd, 4319010.043, 139
Trd, 4319010.543, 138
Trd, 4319011.343, 140
Trd, 4319012.693, 140
Trd, 4319012.993, 140
Trd, 4319014.643, 138
Trd, 4319014.693, 110
Trd, 4319014.943, 90
Trd, 4319016.643, 140
Trd, 4319017.093, 122
Trd, 4319017.193, 121
Trd, 4319018.593, 139
Trd, 4319018.843, 139
Trd, 4319019.443, 140
Trd, 4319020.493, 140
Trd, 4319020.843, 140
Trd, 4319021.793, 139
Trd, 4319022.943, 135
Trd, 4319023.043, 134
Trd, 4319023.743, 140
Trd, 4319024.193, 121
Trd, 4319024.493, 120
Trd, 4319026.093, 140
Trd, 4319026.693, 140
Trd, 4319027.043, 140
Trd, 4319028.043, 140
Trd, 4319028.343, 124
Trd, 4319029.493, 133
Trd, 4319029.643, 128
Trd, 4319029.743, 127
Trd, 4319030.193, 125
Trd, 4319031.443, 140
Trd, 4319032.593, 139
Trd, 4319033.743, 140
Trd, 4319034.643, 140
Trd, 4319035.093, 139
Trd, 4319035.443, 138
Trd, 4319035.493, 131
Trd, 4319036.143, 121
Trd, 4319036.843, 116
Trd, 4319038.593, 105
Trd, 4319038.943, 107
Trd, 4319039.543, 60
Trd, 4319040.643, 140
Trd, 4319041.843, 140
Trd, 4319041.943, 140
Trd, 4319041.993, 114
Trd, 4319042.743, 138
Trd, 4319042.793, 137
Trd, 4319044.493, 140
Trd, 4319044.793, 140
Trd, 4319045.793, 139
Trd, 4319045.843, 135
Trd, 4319046.193, 66
Trd, 4319047.543, 140
Trd, 4319047.693, 140
Trd, 4319048.243, 122
Trd, 4319048.493, 71
Trd, 4319050.643, 60
Trd, 4319050.693, 62
Trd, 4319051.693, 70
Trd, 4319051.943, 129
Trd, 4319052.243, 64
Trd, 4319052.743, 75
Trd, 4319052.993, 80
Trd, 4319054.293, 63
Trd, 4319055.543, 140
Trd, 4319055.693, 139
Trd, 4319055.893, 138
Trd, 4319056.343, 92
Trd, 4319056.743, 132
Trd, 4319057.393, 60
Trd, 4319058.143, 62
Trd, 4319059.593, 60
Trd, 4319059.943, 62
Trd, 4319060.043, 62
Trd, 4319060.743, 62
Trd, 4319062.243, 63
Trd, 4319063.043, 60
Trd, 4319063.143, 61
Trd, 4319064.743, 60
Trd, 4319065.593, 61
Trd, 4319066.993, 61
Trd, 4319067.193, 66
Trd, 4319067.843, 63
Trd, 4319067.943, 64
Trd, 4319068.643, 62
Trd, 4319069.243, 60
Trd, 4319070.243, 140
Trd, 4319071.293, 140
Trd, 4319071.443, 140
Trd, 4319072.643, 97
Trd, 4319073.543, 140
Trd, 4319073.793, 140
Trd, 4319074.493, 129
Trd, 4319074.643, 124
Trd, 4319075.343, 140
Trd, 4319076.143, 140
Trd, 4319077.243, 140
Trd, 4319077.943, 140
Trd, 4319079.393, 140
Trd, 4319081.143, 140
Trd, 4319081.243, 140
Trd, 4319081.393, 139
Trd, 4319082.043, 139
Trd, 4319082.393, 140
Trd, 4319082.543, 140
Trd, 4319082.643, 138
Trd, 4319083.043, 127
Trd, 4319083.343, 127
Trd, 4319084.693, 140
Trd, 4319085.443, 140
Trd, 4319085.893, 140
Trd, 4319086.093, 127
Trd, 4319087.093, 140
Trd, 4319087.393, 140
Trd, 4319088.893, 140
Trd, 4319089.043, 139
Trd, 4319090.343, 140
Trd, 4319091.343, 139
Trd, 4319092.443, 119
Trd, 4319092.993, 119
Trd, 4319093.143, 140
Trd, 4319093.593, 100
Trd, 4319094.043, 104
Trd, 4319094.243, 68
Trd, 4319095.193, 63
Trd, 4319095.693, 60
Trd, 4319096.943, 60
Trd, 4319097.743, 66
Trd, 4319098.243, 61
Trd, 4319099.693, 140
Trd, 4319100.043, 139
Trd, 4319100.493, 135
Trd, 4319100.743, 77
Trd, 4319102.193, 140
Trd, 4319102.243, 140
Trd, 4319102.643, 140
Trd, 4319103.343, 140
Trd, 4319103.593, 139
Trd, 4319103.843, 139
Trd, 4319105.543, 140
Trd, 4319106.193, 139
Trd, 4319106.993, 134
Trd, 4319107.493, 133
Trd, 4319107.993, 120
Trd, 4319108.193, 139
Trd, 4319108.893, 137
Trd, 4319110.493, 140
Trd, 4319111.493, 140
Trd, 4319112.043, 140
Trd, 4319112.343, 139
Trd, 4319113.043, 127
Trd, 4319113.743, 139
Trd, 4319113.843, 94
Trd, 4319114.493, 78
Trd, 4319114.893, 139
Trd, 4319115.193, 118
Trd, 4319116.093, 120
Trd, 4319116.493, 137
Trd, 4319117.693, 138
Trd, 4319118.043, 135
Trd, 4319118.543, 134
Trd, 4319118.693, 140
Trd, 4319120.393, 140
Trd, 4319121.843, 135
Trd, 4319122.043, 137
Trd, 4319122.193, 135
Trd, 4319122.443, 134
Trd, 4319123.493, 113
Trd, 4319123.843, 111
Trd, 4319125.443, 60
Trd, 4319125.493, 62
Trd, 4319126.093, 62
Trd, 4319126.393, 65
Trd, 4319126.843, 94
Trd, 4319128.293, 61
Trd, 4319128.393, 62
Trd, 4319128.693, 60
Trd, 4319129.243, 138
Trd, 4319130.393, 140
Trd, 4319130.743, 101
Trd, 4319130.893, 92
Trd, 4319131.843, 139
Trd, 4319132.843, 79
Trd, 4319132.893, 77
Trd, 4319133.543, 75
Trd, 4319134.593, 91
Trd, 4319136.193, 113
Trd, 4319136.293, 127
Trd, 4319137.643, 140
Trd, 4319137.943, 140
Trd, 4319138.343, 140
Trd, 4319138.593, 139
Trd, 4319140.643, 140
Trd, 4319141.193, 140
Trd, 4319141.343, 113
Trd, 4319141.793, 103
Trd, 4319141.843, 102
Trd, 4319143.143, 118
Trd, 4319143.193, 116
Trd, 4319144.243, 139
Trd, 4319144.593, 139
Trd, 4319145.493, 140
Trd, 4319147.043, 140
Trd, 4319147.643, 139
Trd, 4319148.043, 138
Trd, 4319148.193, 137
Trd, 4319149.043, 101
Trd, 4319149.793, 79
Trd, 4319149.893, 121
Trd, 4319150.343, 131
Trd, 4319151.793, 115
Trd, 4319151.943, 126
Trd, 4319152.143, 63
Trd, 4319153.293, 140
Trd, 4319154.293, 140
Trd, 4319154.493, 140
Trd, 4319154.743, 139
Trd, 4319155.543, 122
Trd, 4319156.043, 120
Trd, 4319156.193, 60
Trd, 4319156.843, 138
Trd, 4319158.143, 139
Trd, 4319159.043, 138
Trd, 4319160.143, 114
Trd, 4319160.843, 63
Trd, 4319161.693, 75
Trd, 4319163.143, 119
Trd, 4319163.643, 140
Trd, 4319165.343, 140
Trd, 4319165.443, 140
Trd, 4319165.643, 137
Trd, 4319166.543, 139
Trd, 4319166.843, 136
Trd, 4319167.843, 133
Trd, 4319168.643, 72
Trd, 4319169.243, 73
Trd, 4319169.393, 72
Trd, 4319169.743, 137
Trd, 4319169.793, 71
Trd, 4319170.143, 62
Trd, 4319170.993, 100
Trd, 4319171.743, 60
Trd, 4319172.093, 139
Trd, 4319173.243, 140
Trd, 4319173.543, 124
Trd, 4319173.843, 123
Trd, 4319174.393, 90
Trd, 4319175.593, 129
Trd, 4319175.843, 129
Trd, 4319176.793, 139
Trd, 4319177.193, 129
Trd, 4319178.143, 140
Trd, 4319179.093, 140
Trd, 4319179.393, 140
Trd, 4319180.143, 139
Trd, 4319180.743, 81
Trd, 4319182.143, 140
Trd, 4319182.443, 140
Trd, 4319183.143, 140
Trd, 4319184.093, 140
Trd, 4319185.193, 140
Trd, 4319185.493, 140
Trd, 4319186.893, 140
Trd, 4319187.443, 140
Trd, 4319187.843, 140
Trd, 4319187.943, 139
Trd, 4319188.593, 137
Trd, 4319188.943, 136
Trd, 4319190.793, 140
Trd, 4319191.193, 140
Trd, 4319191.443, 139
Trd, 4319192.493, 114
Trd, 4319192.593, 136
Trd, 4319192.993, 140
Trd, 4319193.093, 100
Trd, 4319194.143, 140
Trd, 4319194.543, 140
Trd, 4319194.793, 140
Trd, 4319196.293, 62
Trd, 4319196.943, 63
Trd, 4319198.693, 60
Trd, 4319198.943, 74
Trd, 4319199.593, 87
Trd, 4319200.193, 123
Trd, 4319200.743, 134
Trd, 4319201.193, 114
Trd, 4319201.743, 139
Trd, 4319201.793, 88
Trd, 4319202.493, 88
Trd, 4319203.443, 131
Trd, 4319204.043, 139
Trd, 4319204.793, 115
Trd, 4319204.943, 115
Trd, 4319205.643, 128
Trd, 4319206.343, 105
Trd, 4319207.343, 137
Trd, 4319207.443, 129
Trd, 4319208.593, 140
Trd, 4319208.943, 140
Trd, 4319209.343, 140
Trd, 4319209.543, 140
Trd, 4319211.293, 137
Trd, 4319211.443, 106
Trd, 4319211.643, 105
Trd, 4319212.843, 67
Trd, 4319213.293, 140
Trd, 4319213.643, 140
Trd, 4319214.293, 63
Trd, 4319214.643, 72
Trd, 4319216.193, 64
Trd, 4319217.593, 61
Trd, 4319218.043, 137
Trd, 4319219.093, 82
Trd, 4319220.393, 130
Trd, 4319220.493, 130
Trd, 4319221.243, 140
Trd, 4319221.943, 131
Trd, 4319222.843, 135
Trd, 4319223.093, 112
Trd, 4319223.243, 105
Trd, 4319224.493, 138
Trd, 4319224.643, 136
Trd, 4319225.743, 140
Trd, 4319227.093, 139
Trd, 4319227.193, 139
Trd, 4319227.593, 139
Trd, 4319227.893, 140
Trd, 4319228.193, 139
Trd, 4319229.943, 140
Trd, 4319230.543, 140
Trd, 4319230.743, 139
Trd, 4319231.543, 124
Trd, 4319231.893, 121
Trd, 4319232.943, 115
Trd, 4319234.143, 140
Trd, 4319234.293, 124
Trd, 4319235.293, 140
Trd, 4319235.443, 140
Trd, 4319236.193, 62
Trd, 4319237.143, 140
Trd, 4319237.443, 140
Trd, 4319237.993, 138
Trd, 4319238.243, 136
Trd, 4319238.793, 135
Trd, 4319240.193, 125
Trd, 4319240.443, 131
Trd, 4319241.093, 139
Trd, 4319241.493, 124
Trd, 4319242.393, 113
Trd, 4319242.593, 114
Trd, 4319243.343, 114
Trd, 4319244.043, 140
Trd, 4319244.643, 140
Trd, 4319244.843, 114
Trd, 4319244.893, 111
Trd, 4319245.743, 69
Trd, 4319248.243, 140
Trd, 4319248.543, 118
Trd, 4319248.643, 101
Trd, 4319249.493, 140
Trd, 4319249.643, 103
Trd, 4319250.993, 138
Trd, 4319251.143, 104
Trd, 4319252.943, 133
Trd, 4319253.493, 135
Trd, 4319254.143, 135
Trd, 4319254.193, 129
Trd, 4319254.593, 123
Trd, 4319255.593, 140
Trd, 4319256.693, 129
Trd, 4319256.843, 120
Trd, 4319257.393, 98
Trd, 4319257.993, 100
Trd, 4319258.093, 99
Trd, 4319258.593, 140
Trd, 4319259.093, 139
Trd, 4319259.543, 140
Trd, 4319260.643, 137
Trd, 4319260.993, 140
Trd, 4319261.893, 136
Trd, 4319262.943, 139
Trd, 4319264.143, 132
Trd, 4319264.743, 138
Trd, 4319265.343, 140
Trd, 4319265.493, 125
Trd, 4319265.593, 109
Trd, 4319267.643, 140
Trd, 4319268.493, 140
Trd, 4319268.843, 140
Trd, 4319269.443, 139
Trd, 4319270.043, 134
Trd, 4319271.343, 140
Trd, 4319272.343, 140
Trd, 4319272.393, 140
Trd, 4319272.443, 139
Trd, 4319273.743, 140
Trd, 4319274.643, 140
Trd, 4319275.143, 133
Trd, 4319275.693, 132
Trd, 4319277.293, 137
Trd, 4319277.343, 117
Trd, 4319277.643, 139
Trd, 4319277.693, 86
Trd, 4319278.543, 139
Trd, 4319279.593, 140
Trd, 4319280.393, 138
Trd, 4319280.843, 138
Trd, 4319281.243, 140
Trd, 4319281.743, 138
Trd, 4319282.643, 138
Trd, 4319282.793, 111
Trd, 4319283.643, 111
Trd, 4319284.193, 138
Trd, 4319284.293, 101
Trd, 4319285.943, 135
Trd, 4319287.193, 140
Trd, 4319287.393, 140
Trd, 4319287.593, 82
Trd, 4319288.593, 140
Trd, 4319289.143, 64
Trd, 4319289.443, 125
Trd, 4319289.793, 140
Trd, 4319290.793, 60
Trd, 4319291.493, 62
Trd, 4319292.193, 64
Trd, 4319292.643, 140
Trd, 4319293.243, 140
Trd, 4319294.493, 140
Trd, 4319294.743, 140
Trd, 4319295.543, 140
Trd, 4319296.393, 140
Trd, 4319296.843, 140
Trd, 4319298.143, 139
Trd, 4319299.043, 140
Trd, 4319299.193, 108
Trd, 4319299.343, 138
Trd, 4319300.993, 136
Trd, 4319301.093, 120
Trd, 4319301.193, 119
Trd, 4319302.243, 130
Trd, 4319303.593, 130
Trd, 4319303.643, 129
Trd, 4319305.143, 140
Trd, 4319305.793, 140
Trd, 4319306.693, 140
Trd, 4319307.243, 140
Trd, 4319307.643, 91
Trd, 4319308.743, 138
Trd, 4319308.943, 140
Trd, 4319309.343, 137
Trd, 4319310.143, 140
Trd, 4319310.343, 140
Trd, 4319311.093, 132
Trd, 4319312.193, 139
Trd, 4319312.593, 131
Trd, 4319312.743, 130
Trd, 4319314.593, 140
Trd, 4319315.043, 140
Trd, 4319315.693, 140
Trd, 4319316.593, 140
Trd, 4319316.693, 140
Trd, 4319316.743, 129
Trd, 4319317.593, 121
Trd, 4319318.143, 64
Trd, 4319319.593, 60
Trd, 4319320.293, 62
Trd, 4319320.693, 73
Trd, 4319321.393, 68
Trd, 4319322.093, 75
Trd, 4319322.243, 140
Trd, 4319323.393, 61
Trd, 4319323.443, 81
Trd, 4319324.793, 60
Trd, 4319325.043, 60
Trd, 4319325.843, 60
Trd, 4319326.443, 65
Trd, 4319327.943, 63
Trd, 4319328.643, 60
Trd, 4319329.393, 63
Trd, 4319330.143, 63
Trd, 4319330.743, 69
Trd, 4319331.643, 85
Trd, 4319332.243, 140
Trd, 4319332.693, 140
Trd, 4319332.743, 139
Trd, 4319334.643, 139
Trd, 4319334.843, 140
Trd, 4319336.543, 139
Trd, 4319336.693, 136
Trd, 4319337.293, 140
Trd, 4319337.543, 140
Trd, 4319338.493, 140
Trd, 4319339.743, 140
Trd, 4319339.893, 140
Trd, 4319340.193, 140
Trd, 4319342.243, 140
Trd, 4319342.343, 138
Trd, 4319342.543, 134
Trd, 4319342.743, 118
Trd, 4319344.543, 140
Trd, 4319344.893, 128
Trd, 4319345.743, 139
Trd, 4319346.043, 126
Trd, 4319347.193, 139
Trd, 4319347.243, 138
Trd, 4319347.893, 98
Trd, 4319348.193, 139
Trd, 4319348.693, 92
Trd, 4319349.293, 101
Trd, 4319350.643, 140
Trd, 4319351.093, 140
Trd, 4319351.193, 138
Trd, 4319351.843, 100
Trd, 4319352.693, 63
Trd, 4319353.193, 63
Trd, 4319353.393, 65
Trd, 4319353.443, 66
Trd, 4319354.843, 61
Trd, 4319355.593, 63
Trd, 4319357.193, 98
Trd, 4319357.543, 95
Trd, 4319357.693, 95
Trd, 4319358.693, 100
Trd, 4319359.893, 127
Trd, 4319360.643, 140
Trd, 4319361.343, 140
Trd, 4319361.393, 140
Trd, 4319361.643, 139
Trd, 4319361.893, 139
Trd, 4319362.193, 134
Trd, 4319363.243, 117
Trd, 4319363.843, 87
Trd, 4319364.493, 120
Trd, 4319365.093, 79
Trd, 4319365.743, 140
Trd, 4319366.193, 140
Trd, 4319367.093, 140
Trd, 4319367.543, 140
Trd, 4319368.643, 139
Trd, 4319369.743, 116
Trd, 4319370.443, 135
Trd, 4319370.493, 123
Trd, 4319370.643, 77
Trd, 4319371.643, 64
Trd, 4319373.493, 140
Trd, 4319373.943, 140
Trd, 4319373.993, 140
Trd, 4319374.093, 139
Trd, 4319375.443, 140
Trd, 4319375.893, 139
Trd, 4319376.943, 99
Trd, 4319377.243, 138
Trd, 4319377.293, 96
Trd, 4319377.943, 89
Trd, 4319378.843, 140
Trd, 4319379.493, 140
Trd, 4319379.843, 140
Trd, 4319382.193, 140
Trd, 4319382.743, 140
Trd, 4319382.843, 140
Trd, 4319383.093, 139
Trd, 4319383.143, 136
Trd, 4319383.643, 127
Trd, 4319383.993, 79
Trd, 4319385.493, 140
Trd, 4319386.743, 140
Trd, 4319387.193, 138
Trd, 4319387.393, 128
Trd, 4319387.843, 120
Trd, 4319388.143, 106
Trd, 4319389.593, 139
Trd, 4319391.393, 140
Trd, 4319391.593, 140
Trd, 4319391.993, 140
Trd, 4319392.043, 139
Trd, 4319392.093, 139
Trd, 4319392.493, 132
Trd, 4319394.143, 115
Trd, 4319394.993, 139
Trd, 4319396.093, 140
Trd, 4319396.343, 112
Trd, 4319396.843, 100
Trd, 4319397.493, 117
Trd, 4319397.643, 73
Trd, 4319398.043, 140
Trd, 4319398.643, 139
Trd, 4319400.593, 128
Trd, 4319400.893, 102
Trd, 4319401.393, 96
Trd, 4319401.943, 138
Trd, 4319402.393, 139
Trd, 4319402.443, 137
Trd, 4319403.293, 137
Trd, 4319403.943, 140
Trd, 4319404.843, 134
Trd, 4319405.193, 95
Trd, 4319406.743, 140
Trd, 4319406.893, 138
Trd, 4319407.493, 140
Trd, 4319408.843, 140
Trd, 4319408.993, 140
Trd, 4319410.843, 140
Trd, 4319412.293, 140
Trd, 4319413.293, 140
Trd, 4319414.443, 140
Trd, 4319414.543, 140
Trd, 4319414.593, 139
Trd, 4319415.243, 139
Trd, 4319415.343, 89
Trd, 4319415.443, 110
Trd, 4319416.843, 139
Trd, 4319418.393, 140
Trd, 4319418.793, 140
Trd, 4319418.993, 140
Trd, 4319419.543, 135
Trd, 4319419.943, 136
Trd, 4319420.043, 94
Trd, 4319420.793, 63
Trd, 4319421.743, 140
Trd, 4319422.393, 140
Trd, 4319422.543, 140
Trd, 4319423.643, 140
Trd, 4319423.993, 130
Trd, 4319424.593, 138
Trd, 4319424.843, 108
Trd, 4319425.443, 90
Trd, 4319426.093, 66
Trd, 4319426.143, 67
Trd, 4319427.093, 140
Trd, 4319427.393, 94
Trd, 4319427.593, 128
Trd, 4319428.443, 84
Trd, 4319429.693, 140
Trd, 4319430.393, 140
Trd, 4319430.943, 140
Trd, 4319432.393, 140
Trd, 4319432.693, 139
Trd, 4319433.293, 140
Trd, 4319433.493, 140
Trd, 4319434.193, 140
Trd, 4319435.343, 140
Trd, 4319436.093, 140
Trd, 4319436.793, 140
Trd, 4319437.393, 138
Trd, 4319437.943, 105
Trd, 4319438.093, 101
Trd, 4319439.293, 83
Trd, 4319440.093, 137
Trd, 4319440.943, 140
Trd, 4319442.193, 140
Trd, 4319442.493, 124
Trd, 4319443.093, 112
Trd, 4319443.793, 140
Trd, 4319443.943, 140
Trd, 4319444.743, 140
Trd, 4319445.943, 140
Trd, 4319446.493, 140
Trd, 4319446.693, 140
Trd, 4319446.743, 140
Trd, 4319448.193, 138
Trd, 4319449.593, 140
Trd, 4319450.343, 140
Trd, 4319450.643, 140
Trd, 4319450.943, 138
Trd, 4319451.793, 140
Trd, 4319453.043, 130
Trd, 4319453.593, 140
Trd, 4319454.143, 137
Trd, 4319455.093, 126
Trd, 4319455.393, 94
Trd, 4319455.843, 125
Trd, 4319456.343, 86
Trd, 4319458.143, 140
Trd, 4319458.243, 140
Trd, 4319458.443, 139
Trd, 4319458.693, 61
Trd, 4319459.793, 140
Trd, 4319460.543, 140
Trd, 4319460.693, 113
Trd, 4319462.843, 140
Trd, 4319463.693, 140
Trd, 4319463.843, 140
Trd, 4319464.443, 137
Trd, 4319465.343, 140
Trd, 4319465.593, 139
Trd, 4319467.593, 140
Trd, 4319468.043, 140
Trd, 4319469.593, 140
Trd, 4319470.393, 140
Trd, 4319470.543, 140
Trd, 4319470.643, 140
Trd, 4319470.893, 139
Trd, 4319471.543, 110
Trd, 4319471.843, 132
Trd, 4319471.993, 116
Trd, 4319472.093, 129
Trd, 4319472.343, 101
Trd, 4319473.593, 139
Trd, 4319474.443, 102
Trd, 4319475.143, 140
Trd, 4319475.343, 140
Trd, 4319475.393, 99
Trd, 4319475.943, 67
Trd, 4319477.143, 61
Trd, 4319477.593, 140
Trd, 4319478.543, 67
Trd, 4319479.193, 62
Trd, 4319479.543, 93
Trd, 4319480.643, 140
Trd, 4319480.993, 139
Trd, 4319481.143, 109
Trd, 4319482.143, 64
Trd, 4319483.343, 62
Trd, 4319483.543, 132
Trd, 4319484.443, 64
Trd, 4319484.793, 66
Trd, 4319484.893, 66
Trd, 4319485.793, 63
Trd, 4319486.893, 70
Trd, 4319487.093, 92
Trd, 4319487.393, 85
Trd, 4319488.593, 140
Trd, 4319488.743, 137
Trd, 4319488.843, 131
Trd, 4319489.243, 87
Trd, 4319489.893, 121
Trd, 4319491.243, 138
Trd, 4319491.993, 61
Trd, 4319493.093, 64
Trd, 4319493.793, 65
Trd, 4319494.293, 89
Trd, 4319495.493, 138
Trd, 4319495.743, 139
Trd, 4319495.793, 137
Trd, 4319496.593, 130
Trd, 4319497.043, 130
Trd, 4319497.193, 128
Trd, 4319497.393, 107
Trd, 4319497.743, 87
Trd, 4319498.193, 61
Trd, 4319499.443, 140
Trd, 4319500.143, 88
Trd, 4319500.493, 106
Trd, 4319501.643, 80
Trd, 4319502.893, 140
Trd, 4319503.693, 140
Trd, 4319503.893, 140
Trd, 4319505.093, 140
Trd, 4319506.093, 140
Trd, 4319506.193, 140
Trd, 4319506.493, 139
Trd, 4319507.743, 140
Trd, 4319507.943, 140
Trd, 4319508.543, 133
Trd, 4319508.943, 132
Trd, 4319509.143, 129
Trd, 4319509.343, 118
Trd, 4319511.743, 139
Trd, 4319511.893, 138
Trd, 4319512.493, 138
Trd, 4319512.743, 137
Trd, 4319513.293, 140
Trd, 4319514.543, 140
Trd, 4319515.143, 140
Trd, 4319516.093, 140
Trd, 4319516.143, 97
Trd, 4319516.493, 140
Trd, 4319517.543, 140
Trd, 4319517.893, 140
Trd, 4319518.393, 140
Trd, 4319519.893, 140
Trd, 4319520.593, 140
Trd, 4319521.093, 140
Trd, 4319521.143, 139
Trd, 4319522.093, 139
Trd, 4319522.543, 129
Trd, 4319524.593, 140
Trd, 4319524.943, 138
Trd, 4319525.143, 140
Trd, 4319525.393, 128
Trd, 4319525.493, 127
Trd, 4319525.993, 84
Trd, 4319526.293, 115
Trd, 4319527.993, 140
Trd, 4319529.043, 140
Trd, 4319529.143, 140
Trd, 4319529.243, 136
Trd, 4319531.443, 139
Trd, 4319531.893, 140
Trd, 4319532.393, 126
Trd, 4319533.343, 126
Trd, 4319533.893, 139
Trd, 4319534.293, 101
Trd, 4319535.243, 135
Trd, 4319537.543, 138
Trd, 4319538.293, 140
Trd, 4319539.193, 140
Trd, 4319539.543, 140
Trd, 4319539.893, 138
Trd, 4319540.293, 101
Trd, 4319541.893, 138
Trd, 4319543.443, 140
Trd, 4319543.843, 140
Trd, 4319544.243, 140
Trd, 4319544.693, 140
Trd, 4319545.543, 140
Trd, 4319547.043, 140
Trd, 4319547.443, 140
Trd, 4319547.743, 140
Trd, 4319548.843, 140
Trd, 4319549.993, 140
Trd, 4319550.243, 140
Trd, 4319551.793, 140
Trd, 4319553.043, 130
Trd, 4319553.193, 121
Trd, 4319553.843, 122
Trd, 4319554.393, 140
Trd, 4319554.543, 130
Trd, 4319554.743, 114
Trd, 4319556.143, 140
Trd, 4319556.493, 106
Trd, 4319557.343, 140
Trd, 4319557.643, 140
Trd, 4319557.993, 104
Trd, 4319558.043, 99
Trd, 4319558.943, 140
Trd, 4319560.343, 140
Trd, 4319560.593, 129
Trd, 4319561.643, 95
Trd, 4319562.093, 72
Trd, 4319562.143, 71
Trd, 4319564.043, 140
Trd, 4319564.143, 140
Trd, 4319564.293, 139
Trd, 4319565.343, 121
Trd, 4319565.393, 109
Trd, 4319565.943, 108
Trd, 4319566.943, 76
Trd, 4319567.243, 75
Trd, 4319568.043, 66
Trd, 4319568.893, 60
Trd, 4319569.643, 140
Trd, 4319570.293, 140
Trd, 4319570.443, 140
Trd, 4319571.393, 138
Trd, 4319571.843, 139
Trd, 4319571.893, 139
Trd, 4319572.143, 98
Trd, 4319573.343, 139
Trd, 4319573.793, 104
Trd, 4319574.493, 86
Trd, 4319576.343, 140
Trd, 4319576.843, 140
Trd, 4319578.193, 140
Trd, 4319578.243, 139
Trd, 4319579.243, 121
Trd, 4319579.943, 136
Trd, 4319580.293, 103
Trd, 4319580.343, 103
Trd, 4319580.743, 139
Trd, 4319581.343, 109
Trd, 4319582.143, 120
Trd, 4319583.643, 140
Trd, 4319583.743, 139
Trd, 4319584.093, 140
Trd, 4319584.393, 140
Trd, 4319584.793, 140
Trd, 4319586.293, 140
Trd, 4319586.843, 138
Trd, 4319587.293, 140
Trd, 4319588.243, 135
Trd, 4319588.443, 107
Trd, 4319588.593, 99
Trd, 4319589.393, 140
Trd, 4319590.943, 140
Trd, 4319591.043, 139
Trd, 4319591.543, 136
Trd, 4319592.893, 135
Trd, 4319593.243, 134
Trd, 4319593.393, 130
Trd, 4319593.843, 128
Trd, 4319593.943, 127
Trd, 4319593.993, 130
Trd, 4319596.293, 63
Trd, 4319596.843, 140
Trd, 4319597.043, 135
Trd, 4319598.043, 131
Trd, 4319599.093, 61
Trd, 4319599.593, 60
Trd, 4319599.993, 140
Trd, 4319600.993, 140
Trd, 4319601.293, 139
Trd, 4319601.893, 63
Trd, 4319602.243, 138
Trd, 4319603.393, 140
Trd, 4319604.443, 140
Trd, 4319605.593, 140
Trd, 4319607.143, 140
Trd, 4319607.193, 140
Trd, 4319608.293, 140
Trd, 4319608.443, 140
Trd, 4319608.893, 139
Trd, 4319609.743, 139
Trd, 4319610.343, 139
Trd, 4319610.643, 138
Trd, 4319611.443, 139
Trd, 4319611.493, 102
Trd, 4319612.293, 80
Trd, 4319613.093, 125
Trd, 4319614.043, 63
Trd, 4319614.643, 140
Trd, 4319615.493, 140
Trd, 4319615.693, 140
Trd, 4319616.343, 139
Trd, 4319616.593, 138
Trd, 4319618.493, 140
Trd, 4319619.343, 140
Trd, 4319620.393, 140
Trd, 4319620.593, 108
Trd, 4319620.893, 94
Trd, 4319622.243, 140
Trd, 4319622.343, 140
Trd, 4319622.793, 140
Trd, 4319623.043, 139
Trd, 4319623.943, 120
Trd, 4319625.143, 62
Trd, 4319625.743, 60
Trd, 4319625.893, 63
Trd, 4319626.043, 83
Trd, 4319626.443, 140
Trd, 4319626.693, 140
Trd, 4319628.743, 140
Trd, 4319629.043, 140
Trd, 4319629.593, 140
Trd, 4319631.193, 140
Trd, 4319631.693, 140
Trd, 4319631.893, 140
Trd, 4319632.643, 140
Trd, 4319633.743, 140
Trd, 4319633.893, 140
Trd, 4319634.093, 126
Trd, 4319634.943, 139
Trd, 4319634.993, 113
Trd, 4319636.343, 140
Trd, 4319637.343, 140
Trd, 4319637.893, 140
Trd, 4319638.343, 140
Trd, 4319639.393, 131
Trd, 4319639.843, 127
Trd, 4319640.193, 139
Trd, 4319641.293, 140
Trd, 4319641.693, 114
Trd, 4319641.893, 96
Trd, 4319642.043, 85
Trd, 4319642.443, 63
Trd, 4319644.143, 61
Trd, 4319644.643, 62
Trd, 4319645.643, 132
Trd, 4319646.593, 62
Trd, 4319647.393, 66
Trd, 4319647.743, 100
Trd, 4319648.243, 69
Trd, 4319649.993, 69
Trd, 4319650.093, 61
Trd, 4319650.393, 137
Trd, 4319651.243, 62
Trd, 4319651.293, 63
Trd, 4319652.243, 139
Trd, 4319652.793, 140
Trd, 4319655.593, 140
Trd, 4319655.843, 140
Trd, 4319656.093, 140
Trd, 4319656.693, 139
Trd, 4319657.293, 140
Trd, 4319658.143, 131
Trd, 4319658.843, 131
Trd, 4319659.243, 140
Trd, 4319659.343, 138
Trd, 4319659.743, 111
Trd, 4319660.043, 132
Trd, 4319661.393, 108
Trd, 4319661.443, 104
Trd, 4319661.743, 140
Trd, 4319662.493, 103
Trd, 4319664.043, 133
Trd, 4319664.743, 136
Trd, 4319666.743, 140
Trd, 4319666.843, 131
Trd, 4319667.143, 112
Trd, 4319668.693, 140
Trd, 4319668.743, 139
Trd, 4319668.893, 139
Trd, 4319670.043, 140
Trd, 4319670.293, 140
Trd, 4319670.693, 140
Trd, 4319670.743, 140
Trd, 4319672.043, 140
Trd, 4319673.743, 140
Trd, 4319674.043, 140
Trd, 4319674.243, 133
Trd, 4319676.493, 140
Trd, 4319676.543, 140
Trd, 4319676.743, 136
Trd, 4319677.143, 140
Trd, 4319677.343, 122
Trd, 4319678.293, 138
Trd, 4319678.943, 127
Trd, 4319680.143, 129
Trd, 4319681.393, 140
Trd, 4319681.443, 139
Trd, 4319681.793, 136
Trd, 4319682.843, 130
Trd, 4319682.893, 129
Trd, 4319682.993, 123
Trd, 4319683.643, 138
Trd, 4319684.393, 99
Trd, 4319684.543, 93
Trd, 4319685.643, 140
Trd, 4319687.793, 140
Trd, 4319687.843, 140
Trd, 4319689.393, 140
Trd, 4319689.843, 140
Trd, 4319690.293, 140
Trd, 4319690.893, 139
Trd, 4319691.193, 138
Trd, 4319691.943, 139
Trd, 4319692.293, 131
Trd, 4319692.443, 135
Trd, 4319692.693, 88
Trd, 4319694.043, 140
Trd, 4319694.843, 140
Trd, 4319695.993, 140
Trd, 4319696.493, 140
Trd, 4319696.543, 130
Trd, 4319696.743, 117
Trd, 4319697.243, 95
Trd, 4319697.293, 75
Trd, 4319698.993, 63
Trd, 4319699.893, 64
Trd, 4319699.943, 64
Trd, 4319700.693, 60
Trd, 4319700.893, 64
Trd, 4319702.293, 63
Trd, 4319703.443, 140
Trd, 4319703.493, 140
Trd, 4319703.543, 135
Trd, 4319704.343, 91
Trd, 4319706.593, 139
Trd, 4319706.843, 139
Trd, 4319706.893, 137
Trd, 4319706.943, 95
Trd, 4319709.243, 140
Trd, 4319709.793, 140
Trd, 4319710.843, 140
Trd, 4319710.893, 140
Trd, 4319712.493, 140
Trd, 4319712.643, 140
Trd, 4319712.693, 139
Trd, 4319713.143, 138
Trd, 4319714.143, 140
Trd, 4319717.243, 140
Trd, 4319717.293, 134
Trd, 4319717.993, 139
Trd, 4319718.843, 127
Trd, 4319719.843, 121
Trd, 4319720.143, 139
Trd, 4319720.443, 139
Trd, 4319720.893, 140
Trd, 4319721.993, 140
Trd, 4319722.593, 140
Trd, 4319722.643, 140
Trd, 4319722.743, 123
Trd, 4319724.943, 140
Trd, 4319725.993, 140
Trd, 4319726.193, 139
Trd, 4319726.343, 140
Trd, 4319726.693, 137
Trd, 4319727.593, 138
Trd, 4319728.893, 140
Trd, 4319729.493, 140
Trd, 4319729.943, 140
Trd, 4319730.243, 140
Trd, 4319731.243, 140
Trd, 4319731.393, 135
Trd, 4319731.693, 128
Trd, 4319732.693, 140
Trd, 4319734.293, 140
Trd, 4319734.643, 140
Trd, 4319734.693, 139
Trd, 4319735.343, 124
Trd, 4319736.043, 139
Trd, 4319736.093, 134
Trd, 4319736.443, 138
Trd, 4319737.043, 70
Trd, 4319737.993, 140
Trd, 4319738.393, 140
Trd, 4319738.693, 61
Trd, 4319740.293, 140
Trd, 4319740.993, 140
Trd, 4319741.143, 140
Trd, 4319742.443, 139
Trd, 4319743.293, 139
Trd, 4319743.643, 139
Trd, 4319743.793, 132
Trd, 4319744.893, 133
Trd, 4319745.093, 104
Trd, 4319746.043, 140
Trd, 4319746.343, 133
Trd, 4319746.993, 128
Trd, 4319747.593, 113
Trd, 4319747.943, 134
Trd, 4319748.593, 138
Trd, 4319749.693, 140
Trd, 4319750.093, 128
Trd, 4319750.243, 127
Trd, 4319750.793, 107
Trd, 4319752.343, 140
Trd, 4319752.693, 140
Trd, 4319754.093, 134
Trd, 4319754.443, 113
Trd, 4319755.793, 140
Trd, 4319756.093, 84
Trd, 4319757.393, 139
Trd, 4319758.093, 139
Trd, 4319758.593, 126
Trd, 4319758.893, 126
Trd, 4319760.143, 139
Trd, 4319760.543, 140
Trd, 4319760.993, 140
Trd, 4319761.393, 88
Trd, 4319761.793, 140
Trd, 4319762.343, 140
Trd, 4319762.493, 140
Trd, 4319763.793, 81
Trd, 4319764.543, 74
Trd, 4319765.443, 66
Trd, 4319765.943, 62
Trd, 4319766.193, 105
Trd, 4319767.543, 60
Trd, 4319767.893, 61
Trd, 4319767.993, 70
Trd, 4319768.593, 125
Trd, 4319769.793, 63
Trd, 4319771.443, 140
Trd, 4319771.643, 140
Trd, 4319771.743, 136
Trd, 4319772.643, 96
Trd, 4319773.043, 95
Trd, 4319773.643, 60
Trd, 4319774.443, 89
Trd, 4319774.993, 63
Trd, 4319775.543, 136
Trd, 4319776.043, 125
Trd, 4319776.593, 98
Trd, 4319777.443, 135
Trd, 4319777.543, 134
Trd, 4319777.793, 97
Trd, 4319779.493, 60
Trd, 4319779.693, 60
Trd, 4319780.493, 140
Trd, 4319781.643, 140
Trd, 4319782.693, 140
Trd, 4319782.793, 137
Trd, 4319783.843, 135
Trd, 4319785.143, 139
Trd, 4319785.393, 118
Trd, 4319786.193, 140
Trd, 4319787.393, 140
Trd, 4319787.593, 139
Trd, 4319787.943, 139
Trd, 4319788.793, 137
Trd, 4319789.143, 138
Trd, 4319790.043, 140
Trd, 4319790.193, 140
Trd, 4319790.793, 140
Trd, 4319791.793, 140
Trd, 4319791.843, 139
Trd, 4319792.193, 128
Trd, 4319794.093, 129
Trd, 4319794.993, 136
Trd, 4319795.143, 129
Trd, 4319795.493, 98
Trd, 4319795.543, 67
Trd, 4319795.693, 139
Trd, 4319796.743, 139
Trd, 4319797.743, 96
Trd, 4319798.093, 129
Trd, 4319798.643, 136
Trd, 4319798.793, 94
Trd, 4319799.243, 61
Trd, 4319799.443, 65
Trd, 4319801.493, 68
Trd, 4319804.343, 61
Trd, 4319804.693, 60
Trd, 4319805.293, 62
Trd, 4319805.543, 60
Trd, 4319806.493, 140
Trd, 4319806.593, 140
Trd, 4319806.793, 139
Trd, 4319807.093, 132
Trd, 4319809.093, 140
Trd, 4319809.293, 140
Trd, 4319810.093, 140
Trd, 4319810.843, 138
Trd, 4319811.043, 133
Trd, 4319811.743, 132
Trd, 4319812.643, 88
Trd, 4319813.393, 129
Trd, 4319814.893, 61
Trd, 4319815.393, 66
Trd, 4319816.743, 140
Trd, 4319817.543, 140
Trd, 4319817.993, 140
Trd, 4319818.043, 140
Trd, 4319818.243, 140
Trd, 4319819.393, 137
Trd, 4319820.393, 140
Trd, 4319821.793, 140
Trd, 4319822.343, 140
Trd, 4319822.643, 140
Trd, 4319823.593, 140
Trd, 4319823.793, 140
Trd, 4319824.343, 140
Trd, 4319825.543, 139
Trd, 4319826.243, 139
Trd, 4319827.293, 139
Trd, 4319827.793, 139
Trd, 4319827.943, 139
Trd, 4319829.243, 139
Trd, 4319829.493, 133
Trd, 4319829.843, 99
Trd, 4319830.743, 63
Trd, 4319831.443, 68
Trd, 4319831.943, 87
Trd, 4319832.043, 84
Trd, 4319832.743, 140
Trd, 4319833.543, 140
Trd, 4319835.243, 140
Trd, 4319835.443, 97
Trd, 4319835.643, 140
Trd, 4319836.043, 87
Trd, 4319836.193, 106
Trd, 4319837.293, 140
Trd, 4319837.793, 140
Trd, 4319838.093, 140
Trd, 4319838.743, 138
Trd, 4319839.243, 133
Trd, 4319839.343, 132
Trd, 4319839.443, 114
Trd, 4319841.193, 66
Trd, 4319841.893, 63
Trd, 4319842.693, 60
Trd, 4319843.593, 116
Trd, 4319843.743, 66
Trd, 4319844.743, 138
Trd, 4319845.293, 66
Trd, 4319845.443, 138
Trd, 4319846.193, 68
Trd, 4319846.343, 68
Trd, 4319847.443, 139
Trd, 4319848.543, 108
Trd, 4319848.593, 106
Trd, 4319850.093, 137
Trd, 4319850.643, 140
Trd, 4319851.543, 139
Trd, 4319851.893, 136
Trd, 4319852.593, 132
Trd, 4319852.943, 140
Trd, 4319854.243, 140
Trd, 4319854.993, 132
Trd, 4319855.393, 131
Trd, 4319856.293, 136
Trd, 4319856.743, 134
Trd, 4319856.843, 140
Trd, 4319857.243, 140
Trd, 4319857.493, 129
Trd, 4319858.843, 122
Trd, 4319859.593, 114
Trd, 4319860.443, 85
Trd, 4319860.493, 84
Trd, 4319860.693, 140
Trd, 4319861.643, 132
Trd, 4319862.843, 140
Trd, 4319863.093, 139
Trd, 4319863.543, 140
Trd, 4319864.493, 138
Trd, 4319864.543, 120
Trd, 4319864.643, 127
Trd, 4319865.693, 74
Trd, 4319867.143, 140
Trd, 4319867.793, 140
Trd, 4319868.843, 140
Trd, 4319869.293, 140
Trd, 4319869.393, 139
Trd, 4319869.693, 132
Trd, 4319870.343, 126
Trd, 4319870.643, 122
Trd, 4319871.743, 138
Trd, 4319872.543, 140
Trd, 4319873.143, 103
Trd, 4319874.193, 61
Trd, 4319874.893, 124
Trd, 4319875.243, 140
Trd, 4319875.793, 140
Trd, 4319876.593, 140
Trd, 4319877.843, 140
Trd, 4319878.743, 140
Trd, 4319879.193, 131
Trd, 4319881.293, 140
Trd, 4319881.543, 140
Trd, 4319881.943, 140
Trd, 4319882.193, 138
Trd, 4319882.343, 137
Trd, 4319882.693, 134
Trd, 4319882.793, 85
Trd, 4319883.893, 140
Trd, 4319884.543, 61
Trd, 4319885.493, 140
Trd, 4319885.843, 140
Trd, 4319886.643, 128
Trd, 4319887.643, 136
Trd, 4319889.043, 140
Trd, 4319889.293, 140
Trd, 4319889.693, 121
Trd, 4319889.843, 105
Trd, 4319890.043, 75
Trd, 4319890.793, 138
Trd, 4319891.043, 72
Trd, 4319892.143, 64
Trd, 4319892.443, 73
Trd, 4319893.043, 128
Trd, 4319894.943, 140
Trd, 4319896.193, 140
Trd, 4319896.593, 140
Trd, 4319896.743, 139
Trd, 4319896.893, 122
Trd, 4319897.293, 121
Trd, 4319897.793, 140
Trd, 4319899.843, 61
Trd, 4319900.143, 61
Trd, 4319900.743, 60
Trd, 4319901.693, 60
Trd, 4319901.743, 62
Trd, 4319901.843, 91
Trd, 4319902.543, 69
Trd, 4319903.893, 61
Trd, 4319903.943, 65
Trd, 4319904.943, 60
Trd, 4319905.193, 60
Trd, 4319905.493, 122
Trd, 4319906.893, 91
Trd, 4319907.143, 137
Trd, 4319908.293, 139
Trd, 4319908.393, 138
Trd, 4319908.543, 101
Trd, 4319908.743, 63
Trd, 4319909.943, 63
Trd, 4319910.193, 62
Trd, 4319910.843, 110
Trd, 4319911.793, 140
Trd, 4319912.393, 139
Trd, 4319912.493, 119
Trd, 4319912.693, 117
Trd, 4319912.943, 82
Trd, 4319913.893, 69
Trd, 4319914.893, 61
Trd, 4319915.893, 139
Trd, 4319916.493, 125
Trd, 4319916.793, 107
Trd, 4319917.993, 61
Trd, 4319918.343, 62
Trd, 4319919.093, 139
Trd, 4319919.693, 62
Trd, 4319920.543, 64
Trd, 4319920.693, 74
Trd, 4319922.143, 61
Trd, 4319922.893, 63
Trd, 4319923.143, 123
Trd, 4319924.293, 61
Trd, 4319924.743, 61
Trd, 4319925.343, 127
Trd, 4319927.893, 60
Trd, 4319928.193, 61
Trd, 4319928.493, 61
Trd, 4319928.543, 62
Trd, 4319930.143, 61
Trd, 4319930.593, 69
Trd, 4319931.493, 61
Trd, 4319932.193, 140
Trd, 4319933.143, 140
Trd, 4319933.243, 140
Trd, 4319933.343, 140
Trd, 4319933.843, 140
Trd, 4319934.343, 140
Trd, 4319934.543, 107
Trd, 4319935.843, 140
Trd, 4319936.193, 140
Trd, 4319936.493, 135
Trd, 4319937.643, 140
Trd, 4319938.443, 140
Trd, 4319939.243, 75
Trd, 4319939.443, 76
Trd, 4319940.043, 140
Trd, 4319940.393, 119
Trd, 4319940.743, 140
Trd, 4319941.093, 94
Trd, 4319942.243, 63
Trd, 4319942.893, 63
Trd, 4319943.493, 138
Trd, 4319944.193, 140
Trd, 4319945.343, 127
Trd, 4319946.243, 138
Trd, 4319946.593, 123
Trd, 4319947.643, 140
Trd, 4319947.693, 139
Trd, 4319947.793, 138
Trd, 4319948.693, 139
Trd, 4319949.293, 140
Trd, 4319950.993, 140
Trd, 4319951.593, 140
Trd, 4319952.093, 140
Trd, 4319953.643, 125
Trd, 4319954.243, 139
Trd, 4319954.443, 138
Trd, 4319954.993, 123
Trd, 4319955.443, 134
Trd, 4319955.493, 133
Trd, 4319955.893, 122
Trd, 4319956.393, 140
Trd, 4319956.593, 140
Trd, 4319956.993, 140
Trd, 4319957.043, 138
Trd, 4319958.393, 132
Trd, 4319958.743, 120
Trd, 4319959.043, 64
Trd, 4319960.693, 139
Trd, 4319962.293, 140
Trd, 4319963.043, 139
Trd, 4319963.493, 140
Trd, 4319964.593, 140
Trd, 4319964.893, 139
Trd, 4319964.943, 126
Trd, 4319966.493, 137
Trd, 4319966.743, 138
Trd, 4319966.843, 117
Trd, 4319967.493, 93
Trd, 4319968.693, 131
Trd, 4319969.093, 131
Trd, 4319970.293, 140
Trd, 4319970.393, 140
Trd, 4319970.843, 140
Trd, 4319972.443, 140
Trd, 4319973.743, 140
Trd, 4319973.843, 140
Trd, 4319974.493, 140
Trd, 4319974.543, 140
Trd, 4319975.343, 140
Trd, 4319975.543, 137
Trd, 4319976.143, 138
Trd, 4319978.043, 138
Trd, 4319978.093, 100
Trd, 4319979.793, 140
Trd, 4319980.293, 140
Trd, 4319980.993, 140
Trd, 4319981.993, 140
Trd, 4319982.543, 139
Trd, 4319983.043, 140
Trd, 4319984.743, 140
Trd, 4319984.943, 140
Trd, 4319985.343, 140
Trd, 4319985.593, 140
Trd, 4319985.793, 127
Trd, 4319986.893, 139
Trd, 4319987.193, 122
Trd, 4319989.743, 62
Trd, 4319989.793, 64
Trd, 4319989.893, 61
Trd, 4319990.693, 140
Trd, 4319991.793, 60
Trd, 4319993.193, 125
Trd, 4319994.293, 140
Trd, 4319994.543, 134
Trd, 4319994.643, 134
Trd, 4319995.243, 140
Trd, 4319995.693, 115
Trd, 4319996.393, 134
Trd, 4319997.343, 140
Trd, 4319997.893, 130
Trd, 4319998.243, 104
Trd, 4319999.193, 114
