Trd, 4318088.493, 121
Trd, 4318088.593, 76
Trd, 4318089.243, 73
Trd, 4318089.343, 90
Trd, 4318090.993, 82
Trd, 4318091.793, 88
Trd, 4318092.043, 104
Trd, 4318094.143, 110
Trd, 4318095.343, 107
Trd, 4318095.693, 86
Trd, 4318096.143, 94
Trd, 4318096.743, 88
Trd, 4318096.943, 95
Trd, 4318097.343, 100
Trd, 4318097.943, 99
Trd, 4318098.393, 113
Trd, 4318098.843, 71
Trd, 4318099.493, 98
Trd, 4318099.993, 110
Trd, 4318100.993, 110
Trd, 4318101.493, 109
Trd, 4318102.243, 132
Trd, 4318103.343, 96
Trd, 4318103.393, 128
Trd, 4318103.993, 95
Trd, 4318104.393, 61
Trd, 4318106.143, 135
Trd, 4318106.493, 106
Trd, 4318106.943, 123
Trd, 4318107.393, 122
Trd, 4318108.093, 72
Trd, 4318109.043, 90
Trd, 4318109.693, 83
Trd, 4318111.243, 127
Trd, 4318111.343, 132
Trd, 4318112.043, 100
Trd, 4318112.893, 135
Trd, 4318114.193, 118
Trd, 4318115.343, 124
Trd, 4318116.743, 110
Trd, 4318117.193, 112
Trd, 4318117.443, 125
Trd, 4318118.143, 105
Trd, 4318119.293, 62
Trd, 4318120.043, 78
Trd, 4318120.143, 102
Trd, 4318120.843, 112
Trd, 4318121.293, 65
Trd, 4318122.693, 123
Trd, 4318123.343, 117
Trd, 4318123.393, 125
Trd, 4318123.543, 89
Trd, 4318124.643, 119
Trd, 4318125.193, 114
Trd, 4318126.193, 116
Trd, 4318126.393, 112
Trd, 4318127.893, 140
Trd, 4318128.743, 132
Trd, 4318129.543, 127
Trd, 4318129.743, 121
Trd, 4318130.943, 125
Trd, 4318131.393, 113
Trd, 4318131.943, 132
Trd, 4318132.743, 139
Trd, 4318133.493, 125
Trd, 4318133.593, 123
Trd, 4318134.443, 114
Trd, 4318135.343, 111
Trd, 4318136.293, 129
Trd, 4318137.643, 130
Trd, 4318138.043, 100
Trd, 4318138.743, 115
Trd, 4318139.093, 114
Trd, 4318140.193, 130
Trd, 4318140.443, 114
Trd, 4318141.743, 102
Trd, 4318142.443, 114
Trd, 4318142.893, 81
Trd, 4318143.493, 80
Trd, 4318144.143, 95
Trd, 4318145.143, 91
Trd, 4318145.643, 130
Trd, 4318145.693, 122
Trd, 4318146.193, 120
Trd, 4318146.343, 107
Trd, 4318146.793, 128
Trd, 4318148.043, 113
Trd, 4318148.093, 104
Trd, 4318148.343, 121
Trd, 4318150.343, 100
Trd, 4318151.543, 108
Trd, 4318152.043, 125
Trd, 4318152.593, 78
Trd, 4318152.843, 95
Trd, 4318154.143, 110
Trd, 4318155.493, 140
Trd, 4318155.943, 133
Trd, 4318156.593, 84
Trd, 4318156.743, 79
Trd, 4318157.393, 137
Trd, 4318158.743, 138
Trd, 4318159.443, 125
Trd, 4318160.293, 132
Trd, 4318161.293, 116
Trd, 4318161.693, 131
Trd, 4318163.193, 118
Trd, 4318163.793, 127
Trd, 4318164.793, 93
Trd, 4318164.893, 107
Trd, 4318165.593, 118
Trd, 4318166.543, 121
Trd, 4318167.843, 116
Trd, 4318168.293, 114
Trd, 4318169.043, 100
Trd, 4318169.493, 101
Trd, 4318171.193, 113
Trd, 4318172.443, 139
Trd, 4318173.843, 127
Trd, 4318173.893, 125
Trd, 4318174.593, 100
Trd, 4318175.643, 85
Trd, 4318175.993, 70
Trd, 4318176.893, 115
Trd, 4318177.993, 118
Trd, 4318178.093, 112
Trd, 4318180.143, 116
Trd, 4318180.543, 114
Trd, 4318182.243, 112
Trd, 4318182.943, 134
Trd, 4318183.043, 114
Trd, 4318183.243, 80
Trd, 4318184.893, 135
Trd, 4318185.293, 133
Trd, 4318185.893, 125
Trd, 4318186.293, 66
Trd, 4318187.593, 126
Trd, 4318189.143, 133
Trd, 4318190.293, 127
Trd, 4318190.593, 120
Trd, 4318191.143, 114
Trd, 4318191.293, 95
Trd, 4318191.943, 124
Trd, 4318191.993, 121
Trd, 4318192.943, 112
Trd, 4318194.893, 126
Trd, 4318195.043, 87
Trd, 4318195.343, 104
Trd, 4318196.743, 85
Trd, 4318197.293, 129
Trd, 4318197.443, 128
Trd, 4318199.743, 113
Trd, 4318200.593, 119
Trd, 4318200.793, 98
Trd, 4318201.343, 99
Trd, 4318201.493, 90
Trd, 4318202.693, 96
Trd, 4318205.293, 120
Trd, 4318206.043, 121
Trd, 4318206.393, 103
Trd, 4318207.343, 133
Trd, 4318208.443, 127
Trd, 4318209.993, 134
Trd, 4318210.743, 132
Trd, 4318210.793, 122
Trd, 4318210.993, 109
Trd, 4318211.093, 96
Trd, 4318213.143, 86
Trd, 4318213.643, 113
Trd, 4318215.043, 128
Trd, 4318216.643, 126
Trd, 4318217.343, 117
Trd, 4318217.543, 115
Trd, 4318218.093, 108
Trd, 4318218.393, 115
Trd, 4318218.693, 81
Trd, 4318218.793, 63
Trd, 4318219.843, 63
Trd, 4318220.143, 90
Trd, 4318220.643, 102
Trd, 4318221.793, 132
Trd, 4318222.543, 108
Trd, 4318223.043, 139
Trd, 4318225.293, 101
Trd, 4318225.643, 97
Trd, 4318225.893, 106
Trd, 4318226.543, 87
Trd, 4318227.943, 82
Trd, 4318228.093, 103
Trd, 4318228.843, 114
Trd, 4318229.293, 113
Trd, 4318229.593, 110
Trd, 4318230.793, 79
Trd, 4318232.793, 74
Trd, 4318232.843, 96
Trd, 4318233.693, 136
Trd, 4318233.743, 88
Trd, 4318234.493, 129
Trd, 4318235.093, 124
Trd, 4318236.493, 131
Trd, 4318236.943, 80
Trd, 4318237.293, 138
Trd, 4318237.893, 117
Trd, 4318238.943, 96
Trd, 4318239.693, 105
Trd, 4318241.343, 127
Trd, 4318242.443, 134
Trd, 4318242.593, 125
Trd, 4318244.043, 126
Trd, 4318245.193, 111
Trd, 4318246.443, 125
Trd, 4318246.743, 94
Trd, 4318247.443, 101
Trd, 4318247.593, 136
Trd, 4318247.893, 131
Trd, 4318248.543, 97
Trd, 4318249.543, 129
Trd, 4318249.743, 130
Trd, 4318251.793, 114
Trd, 4318251.993, 134
Trd, 4318252.093, 112
Trd, 4318252.193, 122
Trd, 4318252.693, 77
Trd, 4318253.743, 140
Trd, 4318254.493, 135
Trd, 4318256.143, 135
Trd, 4318257.193, 95
Trd, 4318257.593, 91
Trd, 4318258.193, 87
Trd, 4318260.043, 115
Trd, 4318260.193, 106
Trd, 4318260.893, 119
Trd, 4318262.493, 119
Trd, 4318263.143, 98
Trd, 4318263.843, 108
Trd, 4318264.493, 116
Trd, 4318266.443, 138
Trd, 4318268.243, 136
Trd, 4318268.693, 131
Trd, 4318269.443, 126
Trd, 4318269.793, 94
Trd, 4318270.343, 135
Trd, 4318270.543, 87
Trd, 4318271.143, 88
Trd, 4318271.393, 101
Trd, 4318272.793, 136
Trd, 4318274.043, 87
Trd, 4318274.843, 122
Trd, 4318274.993, 106
Trd, 4318276.343, 100
Trd, 4318276.443, 99
Trd, 4318276.793, 102
Trd, 4318276.893, 114
Trd, 4318278.143, 125
Trd, 4318278.693, 79
Trd, 4318280.043, 131
Trd, 4318280.393, 112
Trd, 4318281.793, 114
Trd, 4318282.643, 134
Trd, 4318282.693, 96
Trd, 4318282.943, 94
Trd, 4318284.293, 106
Trd, 4318286.093, 116
Trd, 4318287.143, 108
Trd, 4318287.193, 108
Trd, 4318287.243, 108
Trd, 4318287.943, 112
Trd, 4318289.243, 133
Trd, 4318289.443, 124
Trd, 4318290.693, 122
Trd, 4318290.743, 122
Trd, 4318291.693, 110
Trd, 4318292.043, 93
Trd, 4318292.593, 101
Trd, 4318292.893, 84
Trd, 4318293.043, 70
Trd, 4318294.793, 118
Trd, 4318295.143, 117
Trd, 4318295.743, 90
Trd, 4318296.893, 129
Trd, 4318297.093, 120
Trd, 4318298.143, 90
Trd, 4318299.843, 82
Trd, 4318301.293, 122
Trd, 4318301.543, 120
Trd, 4318301.993, 124
Trd, 4318302.693, 97
Trd, 4318303.143, 103
Trd, 4318303.643, 101
Trd, 4318305.643, 118
Trd, 4318306.393, 129
Trd, 4318306.643, 102
Trd, 4318306.893, 100
Trd, 4318307.493, 132
Trd, 4318308.543, 138
Trd, 4318309.443, 105
Trd, 4318309.993, 130
Trd, 4318310.593, 104
Trd, 4318310.843, 97
Trd, 4318311.143, 106
Trd, 4318314.193, 125
Trd, 4318314.743, 131
Trd, 4318315.443, 127
Trd, 4318316.793, 129
Trd, 4318317.243, 133
Trd, 4318317.293, 117
Trd, 4318317.393, 116
Trd, 4318318.743, 119
Trd, 4318321.793, 125
Trd, 4318321.893, 125
Trd, 4318322.243, 116
Trd, 4318322.693, 115
Trd, 4318323.043, 114
Trd, 4318324.243, 138
Trd, 4318324.643, 137
Trd, 4318326.293, 128
Trd, 4318327.343, 127
Trd, 4318327.693, 125
Trd, 4318327.843, 101
Trd, 4318328.343, 112
Trd, 4318329.443, 138
Trd, 4318330.643, 110
Trd, 4318330.693, 100
Trd, 4318331.243, 119
Trd, 4318331.593, 117
Trd, 4318332.843, 95
Trd, 4318333.993, 136
Trd, 4318334.493, 94
Trd, 4318335.843, 88
Trd, 4318337.193, 134
Trd, 4318337.543, 132
Trd, 4318338.193, 109
Trd, 4318338.843, 112
Trd, 4318340.043, 94
Trd, 4318340.893, 113
Trd, 4318340.993, 105
Trd, 4318341.243, 104
Trd, 4318343.393, 132
Trd, 4318343.843, 125
Trd, 4318343.993, 129
Trd, 4318344.393, 137
Trd, 4318347.993, 131
Trd, 4318348.243, 123
Trd, 4318348.343, 109
Trd, 4318348.543, 101
Trd, 4318348.743, 83
Trd, 4318349.543, 124
Trd, 4318349.693, 119
Trd, 4318350.943, 97
Trd, 4318351.743, 71
Trd, 4318353.193, 94
Trd, 4318353.493, 136
Trd, 4318353.943, 110
Trd, 4318354.693, 116
Trd, 4318355.443, 103
Trd, 4318357.243, 112
Trd, 4318357.893, 89
Trd, 4318357.993, 109
Trd, 4318358.343, 127
Trd, 4318358.793, 76
Trd, 4318358.893, 75
Trd, 4318359.943, 60
Trd, 4318361.343, 138
Trd, 4318361.493, 136
Trd, 4318362.193, 111
Trd, 4318362.893, 104
Trd, 4318363.343, 108
Trd, 4318363.943, 111
Trd, 4318364.893, 102
Trd, 4318365.293, 136
Trd, 4318365.893, 76
Trd, 4318367.293, 94
Trd, 4318368.343, 114
Trd, 4318368.493, 92
Trd, 4318368.843, 86
Trd, 4318370.293, 80
Trd, 4318370.443, 71
Trd, 4318371.293, 135
Trd, 4318371.343, 118
Trd, 4318372.543, 113
Trd, 4318373.743, 117
Trd, 4318374.493, 129
Trd, 4318374.593, 125
Trd, 4318376.043, 71
Trd, 4318376.643, 100
Trd, 4318376.993, 99
Trd, 4318377.393, 103
Trd, 4318378.493, 124
Trd, 4318379.443, 81
Trd, 4318380.793, 134
Trd, 4318380.843, 132
Trd, 4318382.793, 125
Trd, 4318384.043, 130
Trd, 4318384.143, 123
Trd, 4318384.443, 89
Trd, 4318385.243, 133
Trd, 4318385.643, 117
Trd, 4318386.193, 137
Trd, 4318388.543, 116
Trd, 4318389.443, 134
Trd, 4318389.793, 130
Trd, 4318389.943, 118
Trd, 4318390.393, 123
Trd, 4318391.093, 116
Trd, 4318392.593, 135
Trd, 4318393.343, 113
Trd, 4318395.593, 76
Trd, 4318395.693, 83
Trd, 4318396.593, 112
Trd, 4318397.143, 136
Trd, 4318397.593, 134
Trd, 4318398.593, 99
Trd, 4318398.643, 90
Trd, 4318399.043, 93
Trd, 4318399.093, 110
Trd, 4318401.643, 139
Trd, 4318402.493, 122
Trd, 4318403.043, 132
Trd, 4318403.093, 112
Trd, 4318403.243, 108
Trd, 4318405.893, 113
Trd, 4318406.293, 110
Trd, 4318407.143, 115
Trd, 4318407.993, 126
Trd, 4318408.043, 116
Trd, 4318408.543, 134
Trd, 4318409.193, 126
Trd, 4318409.493, 102
Trd, 4318410.843, 131
Trd, 4318411.043, 121
Trd, 4318412.093, 112
Trd, 4318413.093, 131
Trd, 4318413.443, 129
Trd, 4318413.593, 122
Trd, 4318416.393, 118
Trd, 4318416.693, 107
Trd, 4318417.693, 77
Trd, 4318417.743, 84
Trd, 4318418.493, 131
Trd, 4318418.593, 129
Trd, 4318418.843, 84
Trd, 4318420.143, 124
Trd, 4318420.943, 125
Trd, 4318422.543, 137
Trd, 4318423.643, 136
Trd, 4318424.093, 127
Trd, 4318425.943, 123
Trd, 4318427.393, 122
Trd, 4318427.993, 135
Trd, 4318428.343, 106
Trd, 4318429.893, 132
Trd, 4318430.643, 134
Trd, 4318430.793, 140
Trd, 4318432.343, 138
Trd, 4318432.443, 133
Trd, 4318432.743, 100
Trd, 4318432.843, 69
Trd, 4318434.043, 61
Trd, 4318434.993, 109
Trd, 4318435.143, 107
Trd, 4318436.743, 88
Trd, 4318437.293, 88
Trd, 4318438.143, 77
Trd, 4318438.893, 85
Trd, 4318440.693, 86
Trd, 4318441.593, 131
Trd, 4318441.743, 107
Trd, 4318442.193, 115
Trd, 4318443.393, 126
Trd, 4318443.993, 89
Trd, 4318444.493, 83
Trd, 4318445.143, 118
Trd, 4318446.143, 82
Trd, 4318448.443, 109
Trd, 4318449.443, 90
Trd, 4318449.943, 97
Trd, 4318450.343, 76
Trd, 4318453.343, 82
Trd, 4318453.843, 111
Trd, 4318454.393, 126
Trd, 4318455.043, 125
Trd, 4318455.543, 105
Trd, 4318456.143, 96
Trd, 4318456.993, 79
Trd, 4318458.193, 135
Trd, 4318458.493, 116
Trd, 4318459.193, 117
Trd, 4318459.543, 102
Trd, 4318459.593, 90
Trd, 4318460.793, 111
Trd, 4318461.293, 140
Trd, 4318463.643, 139
Trd, 4318464.593, 125
Trd, 4318464.743, 92
Trd, 4318464.943, 91
Trd, 4318465.193, 95
Trd, 4318465.493, 106
Trd, 4318465.693, 90
Trd, 4318466.743, 93
Trd, 4318467.843, 125
Trd, 4318467.993, 75
Trd, 4318469.393, 97
Trd, 4318471.393, 123
Trd, 4318471.843, 138
Trd, 4318474.193, 91
Trd, 4318474.293, 131
Trd, 4318474.893, 113
Trd, 4318475.493, 118
Trd, 4318476.493, 111
Trd, 4318477.693, 124
Trd, 4318480.093, 131
Trd, 4318480.243, 124
Trd, 4318480.293, 119
Trd, 4318480.693, 114
Trd, 4318480.843, 123
Trd, 4318480.943, 120
Trd, 4318480.993, 109
Trd, 4318482.343, 125
Trd, 4318482.493, 115
Trd, 4318482.743, 98
Trd, 4318484.243, 127
Trd, 4318485.193, 110
Trd, 4318486.893, 123
Trd, 4318487.343, 121
Trd, 4318489.643, 140
Trd, 4318489.893, 113
Trd, 4318490.443, 124
Trd, 4318490.943, 123
Trd, 4318491.393, 119
Trd, 4318492.293, 117
Trd, 4318492.943, 118
Trd, 4318494.493, 115
Trd, 4318495.443, 83
Trd, 4318495.593, 86
Trd, 4318496.093, 112
Trd, 4318497.843, 110
Trd, 4318498.893, 104
Trd, 4318499.593, 129
Trd, 4318500.293, 124
Trd, 4318500.793, 112
Trd, 4318501.093, 120
Trd, 4318501.243, 111
Trd, 4318501.493, 74
Trd, 4318502.543, 96
Trd, 4318503.993, 126
Trd, 4318504.293, 82
Trd, 4318504.493, 75
Trd, 4318505.543, 83
Trd, 4318505.643, 102
Trd, 4318506.243, 135
Trd, 4318506.343, 131
Trd, 4318508.043, 110
Trd, 4318509.593, 128
Trd, 4318509.693, 126
Trd, 4318510.493, 78
Trd, 4318510.993, 85
Trd, 4318511.343, 92
Trd, 4318511.693, 97
Trd, 4318511.993, 122
Trd, 4318512.243, 71
Trd, 4318513.493, 116
Trd, 4318514.243, 109
Trd, 4318514.693, 105
Trd, 4318515.443, 86
Trd, 4318516.643, 140
Trd, 4318517.643, 115
Trd, 4318517.843, 96
Trd, 4318520.193, 125
Trd, 4318520.993, 119
Trd, 4318521.943, 134
Trd, 4318522.093, 132
Trd, 4318522.893, 132
Trd, 4318523.293, 86
Trd, 4318523.643, 115
Trd, 4318523.843, 127
Trd, 4318525.893, 137
Trd, 4318526.443, 89
Trd, 4318526.793, 93
Trd, 4318527.143, 124
Trd, 4318527.293, 132
Trd, 4318528.693, 129
Trd, 4318529.843, 108
Trd, 4318531.593, 126
Trd, 4318531.793, 106
Trd, 4318533.143, 116
Trd, 4318533.593, 110
Trd, 4318536.793, 140
Trd, 4318537.443, 136
Trd, 4318538.293, 133
Trd, 4318538.493, 116
Trd, 4318539.043, 131
Trd, 4318540.293, 129
Trd, 4318540.443, 94
Trd, 4318540.593, 83
Trd, 4318541.243, 133
Trd, 4318543.193, 72
Trd, 4318543.393, 71
Trd, 4318543.943, 84
Trd, 4318544.043, 88
Trd, 4318545.743, 90
Trd, 4318546.693, 119
Trd, 4318547.393, 94
Trd, 4318548.643, 136
Trd, 4318548.943, 130
Trd, 4318549.543, 104
Trd, 4318550.393, 136
Trd, 4318550.643, 108
Trd, 4318551.493, 97
Trd, 4318551.643, 91
Trd, 4318553.093, 122
Trd, 4318553.443, 85
Trd, 4318554.393, 116
Trd, 4318556.343, 130
Trd, 4318557.393, 116
Trd, 4318558.343, 126
Trd, 4318559.043, 124
Trd, 4318561.093, 101
Trd, 4318561.293, 106
Trd, 4318561.543, 114
Trd, 4318562.343, 97
Trd, 4318563.543, 113
Trd, 4318564.343, 108
Trd, 4318566.443, 127
Trd, 4318566.693, 121
Trd, 4318567.793, 119
Trd, 4318567.993, 130
Trd, 4318570.893, 122
Trd, 4318571.393, 114
Trd, 4318571.593, 113
Trd, 4318571.643, 103
Trd, 4318572.443, 111
Trd, 4318572.843, 131
Trd, 4318573.243, 100
Trd, 4318573.843, 114
Trd, 4318574.243, 123
Trd, 4318575.193, 92
Trd, 4318575.843, 91
Trd, 4318576.643, 127
Trd, 4318577.443, 128
Trd, 4318577.943, 139
Trd, 4318579.043, 124
Trd, 4318579.943, 112
Trd, 4318580.443, 115
Trd, 4318580.843, 131
Trd, 4318581.393, 124
Trd, 4318583.643, 118
Trd, 4318583.793, 103
Trd, 4318583.943, 110
Trd, 4318585.743, 140
Trd, 4318586.143, 137
Trd, 4318587.293, 116
Trd, 4318588.143, 106
Trd, 4318589.043, 135
Trd, 4318591.193, 132
Trd, 4318591.443, 129
Trd, 4318593.243, 101
Trd, 4318593.343, 91
Trd, 4318593.593, 73
Trd, 4318594.443, 89
Trd, 4318596.043, 86
Trd, 4318596.693, 128
Trd, 4318596.843, 95
Trd, 4318598.493, 94
Trd, 4318598.693, 94
Trd, 4318598.943, 127
Trd, 4318599.793, 69
Trd, 4318599.993, 73
Trd, 4318600.543, 115
Trd, 4318601.743, 109
Trd, 4318601.793, 104
Trd, 4318602.243, 112
Trd, 4318602.493, 89
Trd, 4318603.043, 64
Trd, 4318604.043, 125
Trd, 4318606.093, 124
Trd, 4318606.393, 131
Trd, 4318606.443, 64
Trd, 4318608.543, 138
Trd, 4318608.993, 135
Trd, 4318609.593, 89
Trd, 4318611.043, 138
Trd, 4318612.043, 129
Trd, 4318612.293, 115
Trd, 4318612.443, 129
Trd, 4318614.793, 121
Trd, 4318616.543, 84
Trd, 4318617.443, 105
Trd, 4318617.693, 114
Trd, 4318618.293, 124
Trd, 4318618.493, 92
Trd, 4318619.493, 92
Trd, 4318620.243, 119
Trd, 4318620.493, 119
Trd, 4318621.493, 77
Trd, 4318622.093, 77
Trd, 4318623.743, 138
Trd, 4318625.743, 127
Trd, 4318625.893, 113
Trd, 4318626.193, 95
Trd, 4318626.643, 77
Trd, 4318626.943, 101
Trd, 4318628.143, 124
Trd, 4318629.843, 122
Trd, 4318631.043, 140
Trd, 4318631.243, 116
Trd, 4318631.793, 88
Trd, 4318632.193, 97
Trd, 4318633.843, 129
Trd, 4318634.343, 131
Trd, 4318635.193, 119
Trd, 4318636.393, 128
Trd, 4318636.843, 114
Trd, 4318637.693, 127
Trd, 4318638.043, 111
Trd, 4318638.393, 122
Trd, 4318639.393, 109
Trd, 4318640.693, 126
Trd, 4318642.043, 122
Trd, 4318642.643, 126
Trd, 4318643.293, 121
Trd, 4318644.943, 140
Trd, 4318645.193, 138
Trd, 4318645.443, 125
Trd, 4318646.843, 86
Trd, 4318647.193, 97
Trd, 4318648.143, 132
Trd, 4318648.743, 140
Trd, 4318648.893, 93
Trd, 4318651.093, 94
Trd, 4318651.743, 107
Trd, 4318652.843, 133
Trd, 4318653.593, 110
Trd, 4318655.093, 137
Trd, 4318655.143, 119
Trd, 4318655.193, 105
Trd, 4318655.893, 94
Trd, 4318657.443, 111
Trd, 4318657.493, 106
Trd, 4318658.043, 106
Trd, 4318658.743, 112
Trd, 4318660.543, 111
Trd, 4318660.643, 125
Trd, 4318660.743, 76
Trd, 4318661.643, 126
Trd, 4318661.993, 136
Trd, 4318662.543, 75
Trd, 4318664.343, 79
Trd, 4318665.443, 88
Trd, 4318665.893, 84
Trd, 4318666.143, 89
Trd, 4318666.993, 84
Trd, 4318667.343, 106
Trd, 4318668.343, 76
Trd, 4318668.643, 119
Trd, 4318669.893, 134
Trd, 4318670.893, 126
Trd, 4318671.393, 94
Trd, 4318671.643, 68
Trd, 4318672.243, 72
Trd, 4318672.493, 79
Trd, 4318675.043, 138
Trd, 4318675.343, 114
Trd, 4318675.793, 137
Trd, 4318678.593, 122
Trd, 4318678.743, 99
Trd, 4318678.893, 95
Trd, 4318680.143, 132
Trd, 4318681.443, 116
Trd, 4318681.543, 99
Trd, 4318683.693, 128
Trd, 4318685.793, 122
Trd, 4318685.943, 118
Trd, 4318686.043, 118
Trd, 4318686.343, 127
Trd, 4318688.343, 114
Trd, 4318689.243, 128
Trd, 4318690.243, 133
Trd, 4318691.893, 121
Trd, 4318692.343, 129
Trd, 4318694.193, 133
Trd, 4318695.093, 135
Trd, 4318695.193, 102
Trd, 4318695.643, 129
Trd, 4318695.693, 125
Trd, 4318696.793, 101
Trd, 4318697.543, 109
Trd, 4318698.293, 77
Trd, 4318698.493, 102
Trd, 4318699.693, 97
Trd, 4318700.193, 79
Trd, 4318700.393, 113
Trd, 4318701.293, 60
Trd, 4318701.943, 104
Trd, 4318702.843, 136
Trd, 4318703.343, 130
Trd, 4318703.543, 101
Trd, 4318703.943, 96
Trd, 4318705.243, 93
Trd, 4318706.493, 74
Trd, 4318706.543, 86
Trd, 4318707.093, 101
Trd, 4318708.443, 127
Trd, 4318708.743, 121
Trd, 4318709.743, 140
Trd, 4318710.143, 116
Trd, 4318710.593, 138
Trd, 4318710.693, 87
Trd, 4318711.843, 92
Trd, 4318711.943, 92
Trd, 4318713.043, 83
Trd, 4318714.093, 66
Trd, 4318715.943, 113
Trd, 4318716.193, 129
Trd, 4318716.793, 135
Trd, 4318716.993, 123
Trd, 4318717.143, 112
Trd, 4318717.593, 102
Trd, 4318718.993, 91
Trd, 4318720.843, 129
Trd, 4318721.443, 124
Trd, 4318721.593, 114
Trd, 4318721.643, 112
Trd, 4318722.843, 138
Trd, 4318723.393, 110
Trd, 4318723.543, 108
Trd, 4318724.393, 76
Trd, 4318724.993, 76
Trd, 4318725.643, 74
Trd, 4318729.193, 86
Trd, 4318731.243, 133
Trd, 4318731.493, 105
Trd, 4318732.043, 119
Trd, 4318732.343, 122
Trd, 4318732.693, 113
Trd, 4318733.493, 111
Trd, 4318733.843, 111
Trd, 4318735.193, 129
Trd, 4318735.593, 133
Trd, 4318735.943, 120
Trd, 4318736.693, 82
Trd, 4318737.093, 75
Trd, 4318738.193, 114
Trd, 4318738.543, 103
Trd, 4318739.293, 131
Trd, 4318739.943, 73
Trd, 4318740.393, 88
Trd, 4318740.443, 73
Trd, 4318740.943, 116
Trd, 4318741.393, 123
Trd, 4318742.143, 62
Trd, 4318742.593, 90
Trd, 4318744.743, 124
Trd, 4318745.293, 132
Trd, 4318745.643, 135
Trd, 4318746.343, 129
Trd, 4318746.993, 104
Trd, 4318747.743, 104
Trd, 4318749.243, 125
Trd, 4318750.693, 92
Trd, 4318750.943, 86
Trd, 4318751.993, 106
Trd, 4318752.943, 81
Trd, 4318753.143, 73
Trd, 4318753.693, 65
Trd, 4318754.243, 86
Trd, 4318754.293, 121
Trd, 4318755.143, 111
Trd, 4318757.543, 138
Trd, 4318758.043, 134
Trd, 4318759.393, 130
Trd, 4318759.993, 124
Trd, 4318760.243, 108
Trd, 4318760.393, 108
Trd, 4318761.543, 111
Trd, 4318762.643, 109
Trd, 4318764.943, 134
Trd, 4318765.343, 130
Trd, 4318768.793, 128
Trd, 4318770.193, 128
Trd, 4318770.593, 138
Trd, 4318770.743, 116
Trd, 4318770.993, 93
Trd, 4318771.443, 131
Trd, 4318771.543, 109
Trd, 4318771.893, 133
Trd, 4318773.443, 126
Trd, 4318773.493, 87
Trd, 4318775.993, 92
Trd, 4318776.093, 118
Trd, 4318777.693, 140
Trd, 4318778.693, 132
Trd, 4318779.143, 105
Trd, 4318779.943, 133
Trd, 4318779.993, 113
Trd, 4318780.893, 128
Trd, 4318781.093, 110
Trd, 4318782.643, 101
Trd, 4318784.343, 136
Trd, 4318785.593, 133
Trd, 4318785.693, 132
Trd, 4318786.443, 130
Trd, 4318786.543, 115
Trd, 4318788.093, 130
Trd, 4318788.143, 127
Trd, 4318789.393, 108
Trd, 4318790.843, 139
Trd, 4318792.043, 126
Trd, 4318792.343, 133
Trd, 4318792.493, 118
Trd, 4318794.343, 131
Trd, 4318794.743, 110
Trd, 4318794.943, 101
Trd, 4318795.343, 108
Trd, 4318795.793, 105
Trd, 4318797.343, 94
Trd, 4318797.843, 124
Trd, 4318798.343, 91
Trd, 4318800.443, 110
Trd, 4318800.543, 113
Trd, 4318801.143, 76
Trd, 4318801.443, 83
Trd, 4318803.993, 131
Trd, 4318804.643, 127
Trd, 4318804.943, 117
Trd, 4318805.243, 97
Trd, 4318805.593, 100
Trd, 4318806.293, 124
Trd, 4318807.093, 120
Trd, 4318807.443, 117
Trd, 4318808.543, 127
Trd, 4318809.193, 116
Trd, 4318809.793, 135
Trd, 4318810.393, 128
Trd, 4318811.293, 123
Trd, 4318812.543, 98
Trd, 4318813.493, 66
Trd, 4318813.743, 102
Trd, 4318815.143, 117
Trd, 4318815.743, 108
Trd, 4318817.143, 139
Trd, 4318817.193, 139
Trd, 4318818.043, 134
Trd, 4318818.693, 125
Trd, 4318818.893, 119
Trd, 4318820.543, 127
Trd, 4318821.593, 130
Trd, 4318821.643, 128
Trd, 4318821.693, 124
Trd, 4318822.243, 120
Trd, 4318823.143, 120
Trd, 4318823.643, 82
Trd, 4318824.643, 121
Trd, 4318825.293, 64
Trd, 4318827.543, 99
Trd, 4318827.643, 104
Trd, 4318828.093, 128
Trd, 4318828.143, 115
Trd, 4318828.943, 132
Trd, 4318830.743, 107
Trd, 4318831.143, 128
Trd, 4318831.593, 124
Trd, 4318832.693, 89
Trd, 4318833.293, 116
Trd, 4318833.593, 66
Trd, 4318833.793, 108
Trd, 4318836.243, 117
Trd, 4318837.093, 138
Trd, 4318837.293, 136
Trd, 4318837.843, 121
Trd, 4318837.893, 120
Trd, 4318838.943, 115
Trd, 4318839.793, 133
Trd, 4318840.843, 97
Trd, 4318841.993, 137
Trd, 4318843.343, 134
Trd, 4318843.393, 132
Trd, 4318843.543, 105
Trd, 4318844.193, 133
Trd, 4318844.893, 139
Trd, 4318845.443, 113
Trd, 4318846.893, 105
Trd, 4318847.043, 131
Trd, 4318849.093, 121
Trd, 4318849.993, 119
Trd, 4318852.243, 120
Trd, 4318852.443, 113
Trd, 4318852.743, 114
Trd, 4318854.093, 88
Trd, 4318854.343, 111
Trd, 4318855.143, 101
Trd, 4318855.493, 82
Trd, 4318856.043, 90
Trd, 4318856.143, 86
Trd, 4318856.243, 106
Trd, 4318858.643, 127
Trd, 4318858.993, 104
Trd, 4318859.043, 128
Trd, 4318859.443, 94
Trd, 4318859.943, 89
Trd, 4318860.643, 133
Trd, 4318862.493, 129
Trd, 4318863.493, 126
Trd, 4318863.993, 105
Trd, 4318864.293, 97
Trd, 4318865.443, 111
Trd, 4318866.643, 138
Trd, 4318866.743, 130
Trd, 4318866.943, 104
Trd, 4318867.443, 118
Trd, 4318867.543, 115
Trd, 4318868.693, 123
Trd, 4318869.343, 98
Trd, 4318871.793, 140
Trd, 4318872.093, 137
Trd, 4318873.143, 136
Trd, 4318873.343, 134
Trd, 4318873.693, 102
Trd, 4318874.993, 131
Trd, 4318875.643, 92
Trd, 4318875.943, 93
Trd, 4318876.043, 122
Trd, 4318877.493, 81
Trd, 4318878.343, 132
Trd, 4318879.243, 138
Trd, 4318879.993, 130
Trd, 4318880.393, 126
Trd, 4318880.593, 91
Trd, 4318881.343, 128
Trd, 4318881.443, 85
Trd, 4318881.843, 87
Trd, 4318882.093, 126
Trd, 4318884.043, 112
Trd, 4318884.643, 134
Trd, 4318884.843, 132
Trd, 4318886.293, 103
Trd, 4318886.393, 97
Trd, 4318886.593, 77
Trd, 4318886.943, 130
Trd, 4318887.143, 119
Trd, 4318888.943, 109
Trd, 4318889.343, 138
Trd, 4318890.893, 125
Trd, 4318890.943, 116
Trd, 4318893.343, 132
Trd, 4318893.543, 129
Trd, 4318894.243, 137
Trd, 4318894.443, 128
Trd, 4318895.843, 131
Trd, 4318896.043, 127
Trd, 4318896.343, 85
Trd, 4318897.443, 132
Trd, 4318897.543, 138
Trd, 4318898.693, 128
Trd, 4318899.143, 122
Trd, 4318899.743, 120
Trd, 4318900.043, 118
Trd, 4318901.243, 130
Trd, 4318901.593, 104
Trd, 4318903.193, 116
Trd, 4318903.643, 140
Trd, 4318904.043, 95
Trd, 4318904.393, 90
Trd, 4318907.293, 129
Trd, 4318907.543, 125
Trd, 4318907.893, 116
Trd, 4318908.693, 127
Trd, 4318910.093, 108
Trd, 4318910.693, 140
Trd, 4318912.793, 127
Trd, 4318912.943, 126
Trd, 4318913.993, 102
Trd, 4318914.193, 94
Trd, 4318914.943, 85
Trd, 4318915.043, 87
Trd, 4318915.443, 106
Trd, 4318915.493, 88
Trd, 4318916.793, 131
Trd, 4318916.993, 129
Trd, 4318917.793, 135
Trd, 4318918.143, 131
Trd, 4318920.243, 118
Trd, 4318921.343, 122
Trd, 4318921.593, 127
Trd, 4318922.943, 115
Trd, 4318923.293, 126
Trd, 4318923.343, 89
Trd, 4318924.443, 139
Trd, 4318924.543, 134
Trd, 4318925.043, 97
Trd, 4318925.393, 91
Trd, 4318926.343, 92
Trd, 4318928.693, 77
Trd, 4318928.793, 86
Trd, 4318929.443, 70
Trd, 4318929.593, 107
Trd, 4318930.493, 83
Trd, 4318931.393, 112
Trd, 4318932.293, 88
Trd, 4318933.293, 118
Trd, 4318933.393, 86
Trd, 4318934.993, 87
Trd, 4318935.343, 118
Trd, 4318936.193, 103
Trd, 4318937.493, 113
Trd, 4318938.893, 134
Trd, 4318939.893, 117
Trd, 4318940.193, 95
Trd, 4318941.143, 117
Trd, 4318941.493, 134
Trd, 4318942.043, 140
Trd, 4318943.193, 134
Trd, 4318944.293, 137
Trd, 4318944.343, 123
Trd, 4318945.293, 132
Trd, 4318945.493, 119
Trd, 4318946.243, 140
Trd, 4318946.293, 135
Trd, 4318947.343, 106
Trd, 4318949.143, 131
Trd, 4318949.193, 119
Trd, 4318949.593, 131
Trd, 4318950.343, 131
Trd, 4318950.443, 80
Trd, 4318951.443, 79
Trd, 4318952.743, 117
Trd, 4318954.193, 91
Trd, 4318955.393, 96
Trd, 4318956.493, 139
Trd, 4318956.693, 79
Trd, 4318957.643, 130
Trd, 4318958.143, 81
Trd, 4318958.893, 97
Trd, 4318959.693, 89
Trd, 4318960.193, 140
Trd, 4318960.693, 135
Trd, 4318960.943, 125
Trd, 4318961.743, 109
Trd, 4318963.043, 86
Trd, 4318964.343, 91
Trd, 4318964.593, 95
Trd, 4318964.993, 132
Trd, 4318965.693, 121
Trd, 4318965.793, 110
Trd, 4318966.843, 106
Trd, 4318968.093, 139
Trd, 4318968.393, 133
Trd, 4318968.493, 123
Trd, 4318969.393, 61
Trd, 4318970.893, 116
Trd, 4318971.193, 113
Trd, 4318972.043, 78
Trd, 4318972.593, 64
Trd, 4318972.843, 88
Trd, 4318974.443, 77
Trd, 4318975.293, 136
Trd, 4318975.793, 89
Trd, 4318976.843, 100
Trd, 4318977.293, 96
Trd, 4318977.893, 66
Trd, 4318978.343, 101
Trd, 4318978.843, 98
Trd, 4318979.943, 102
Trd, 4318981.393, 99
Trd, 4318982.093, 127
Trd, 4318983.143, 96
Trd, 4318984.093, 89
Trd, 4318984.243, 60
Trd, 4318985.293, 92
Trd, 4318986.443, 133
Trd, 4318986.543, 71
Trd, 4318986.843, 94
Trd, 4318987.443, 135
Trd, 4318987.943, 101
Trd, 4318989.643, 123
Trd, 4318989.743, 115
Trd, 4318990.243, 117
Trd, 4318991.793, 137
Trd, 4318991.843, 114
Trd, 4318993.193, 78
Trd, 4318993.843, 121
Trd, 4318994.243, 63
Trd, 4318996.943, 108
Trd, 4318996.993, 111
Trd, 4318997.443, 95
Trd, 4318998.343, 94
Trd, 4318998.593, 115
Trd, 4318998.643, 98
Trd, 4319000.143, 107
Trd, 4319000.193, 90
Trd, 4319000.893, 81
Trd, 4319002.493, 93
Trd, 4319002.693, 69
Trd, 4319004.793, 119
Trd, 4319004.943, 113
Trd, 4319005.493, 128
Trd, 4319005.993, 94
Trd, 4319006.343, 109
Trd, 4319006.643, 86
Trd, 4319007.493, 104
Trd, 4319008.493, 133
Trd, 4319009.043, 118
Trd, 4319009.993, 119
Trd, 4319010.743, 98
Trd, 4319011.493, 96
Trd, 4319012.143, 131
Trd, 4319012.193, 64
Trd, 4319012.693, 131
Trd, 4319013.493, 108
Trd, 4319014.293, 108
Trd, 4319015.093, 99
Trd, 4319015.393, 120
Trd, 4319015.943, 101
Trd, 4319017.743, 135
Trd, 4319018.493, 98
Trd, 4319019.443, 123
Trd, 4319020.093, 140
Trd, 4319020.693, 135
Trd, 4319021.343, 135
Trd, 4319021.943, 91
Trd, 4319022.943, 119
Trd, 4319023.643, 111
Trd, 4319024.143, 130
Trd, 4319025.043, 121
Trd, 4319025.293, 111
Trd, 4319026.493, 114
Trd, 4319026.643, 107
Trd, 4319029.343, 116
Trd, 4319029.393, 125
Trd, 4319029.493, 114
Trd, 4319030.943, 120
Trd, 4319031.193, 107
Trd, 4319031.793, 96
Trd, 4319032.093, 131
Trd, 4319032.593, 130
Trd, 4319033.743, 130
Trd, 4319035.593, 124
Trd, 4319036.143, 127
Trd, 4319036.293, 118
Trd, 4319036.593, 127
Trd, 4319036.943, 108
Trd, 4319037.093, 105
Trd, 4319037.793, 109
Trd, 4319039.543, 140
Trd, 4319040.293, 140
Trd, 4319041.043, 89
Trd, 4319043.743, 119
Trd, 4319045.693, 130
Trd, 4319046.043, 128
Trd, 4319046.193, 121
Trd, 4319046.393, 94
Trd, 4319049.593, 136
Trd, 4319049.943, 132
Trd, 4319050.243, 122
Trd, 4319050.743, 130
Trd, 4319050.893, 110
Trd, 4319051.643, 118
Trd, 4319051.943, 88
Trd, 4319052.493, 109
Trd, 4319052.843, 103
Trd, 4319053.843, 95
Trd, 4319054.543, 130
Trd, 4319054.843, 109
Trd, 4319055.193, 130
Trd, 4319055.593, 113
Trd, 4319055.643, 112
Trd, 4319057.093, 100
Trd, 4319057.943, 140
Trd, 4319058.843, 129
Trd, 4319059.493, 130
Trd, 4319060.943, 114
Trd, 4319061.693, 120
Trd, 4319062.043, 129
Trd, 4319062.193, 101
Trd, 4319062.593, 73
Trd, 4319063.143, 113
Trd, 4319064.493, 138
Trd, 4319064.543, 131
Trd, 4319064.943, 125
Trd, 4319065.293, 118
Trd, 4319066.043, 63
Trd, 4319067.243, 95
Trd, 4319068.343, 106
Trd, 4319068.743, 105
Trd, 4319069.643, 92
Trd, 4319069.843, 97
Trd, 4319071.293, 103
Trd, 4319073.243, 129
Trd, 4319074.143, 133
Trd, 4319077.493, 116
Trd, 4319077.843, 118
Trd, 4319078.643, 138
Trd, 4319080.293, 115
Trd, 4319081.543, 123
Trd, 4319082.143, 99
Trd, 4319082.393, 97
Trd, 4319082.843, 89
Trd, 4319083.143, 88
Trd, 4319083.843, 136
Trd, 4319083.893, 114
Trd, 4319083.993, 77
Trd, 4319085.893, 135
Trd, 4319087.143, 123
Trd, 4319087.343, 121
Trd, 4319087.993, 118
Trd, 4319088.693, 130
Trd, 4319089.693, 133
Trd, 4319090.643, 137
Trd, 4319091.393, 129
Trd, 4319092.493, 90
Trd, 4319093.293, 115
Trd, 4319093.443, 114
Trd, 4319094.943, 113
Trd, 4319095.643, 96
Trd, 4319096.093, 132
Trd, 4319096.543, 121
Trd, 4319096.993, 122
Trd, 4319097.293, 140
Trd, 4319097.443, 103
Trd, 4319098.343, 100
Trd, 4319099.893, 131
Trd, 4319100.043, 127
Trd, 4319101.193, 116
Trd, 4319102.343, 108
Trd, 4319102.693, 88
Trd, 4319103.293, 127
Trd, 4319104.243, 101
Trd, 4319104.943, 117
Trd, 4319105.893, 116
Trd, 4319106.343, 110
Trd, 4319108.393, 107
Trd, 4319108.743, 100
Trd, 4319109.043, 126
Trd, 4319109.293, 113
Trd, 4319110.093, 133
Trd, 4319110.343, 140
Trd, 4319111.093, 82
Trd, 4319111.593, 108
Trd, 4319112.393, 118
Trd, 4319113.343, 131
Trd, 4319114.793, 129
Trd, 4319115.043, 137
Trd, 4319115.343, 127
Trd, 4319115.543, 125
Trd, 4319117.993, 140
Trd, 4319118.743, 122
Trd, 4319119.543, 130
Trd, 4319120.243, 128
Trd, 4319121.543, 121
Trd, 4319121.743, 107
Trd, 4319122.593, 125
Trd, 4319122.743, 111
Trd, 4319123.343, 97
Trd, 4319124.593, 136
Trd, 4319125.343, 130
Trd, 4319125.443, 118
Trd, 4319125.843, 112
Trd, 4319126.843, 139
Trd, 4319127.443, 94
Trd, 4319128.593, 74
Trd, 4319129.493, 112
Trd, 4319130.843, 61
Trd, 4319130.993, 76
Trd, 4319131.293, 104
Trd, 4319132.343, 79
Trd, 4319133.243, 87
Trd, 4319133.993, 82
Trd, 4319134.893, 111
Trd, 4319135.743, 115
Trd, 4319136.043, 139
Trd, 4319137.043, 92
Trd, 4319138.093, 91
Trd, 4319139.093, 105
Trd, 4319139.443, 126
Trd, 4319140.193, 125
Trd, 4319141.293, 123
Trd, 4319141.943, 118
Trd, 4319142.643, 108
Trd, 4319145.743, 133
Trd, 4319146.343, 128
Trd, 4319146.543, 115
Trd, 4319146.593, 107
Trd, 4319146.793, 131
Trd, 4319147.593, 90
Trd, 4319148.143, 98
Trd, 4319148.793, 127
Trd, 4319149.293, 95
Trd, 4319149.443, 131
Trd, 4319150.943, 72
Trd, 4319151.493, 109
Trd, 4319152.843, 104
Trd, 4319153.793, 120
Trd, 4319153.893, 99
Trd, 4319153.993, 94
Trd, 4319155.293, 111
Trd, 4319155.743, 89
Trd, 4319155.993, 118
Trd, 4319156.793, 120
Trd, 4319157.393, 89
Trd, 4319158.143, 85
Trd, 4319159.693, 88
Trd, 4319159.793, 122
Trd, 4319160.743, 110
Trd, 4319161.843, 105
Trd, 4319161.993, 87
Trd, 4319162.543, 113
Trd, 4319163.093, 104
Trd, 4319164.743, 100
Trd, 4319164.843, 91
Trd, 4319165.143, 97
Trd, 4319165.743, 109
Trd, 4319165.993, 124
Trd, 4319167.993, 106
Trd, 4319169.493, 137
Trd, 4319169.693, 104
Trd, 4319170.943, 81
Trd, 4319171.243, 77
Trd, 4319173.143, 132
Trd, 4319173.243, 131
Trd, 4319174.543, 128
Trd, 4319175.193, 114
Trd, 4319175.643, 131
Trd, 4319175.693, 100
Trd, 4319175.943, 129
Trd, 4319176.893, 126
Trd, 4319178.293, 130
Trd, 4319179.793, 100
Trd, 4319180.043, 93
Trd, 4319180.443, 80
Trd, 4319182.993, 117
Trd, 4319183.293, 88
Trd, 4319183.793, 99
Trd, 4319185.743, 140
Trd, 4319186.243, 130
Trd, 4319186.493, 94
Trd, 4319186.993, 139
Trd, 4319187.043, 79
Trd, 4319187.943, 80
Trd, 4319188.593, 115
Trd, 4319189.293, 121
Trd, 4319190.893, 137
Trd, 4319192.443, 124
Trd, 4319192.693, 71
Trd, 4319193.043, 140
Trd, 4319193.543, 94
Trd, 4319194.193, 134
Trd, 4319194.993, 102
Trd, 4319196.293, 117
Trd, 4319197.293, 108
Trd, 4319197.443, 107
Trd, 4319197.593, 104
Trd, 4319197.643, 127
Trd, 4319198.093, 118
Trd, 4319198.343, 114
Trd, 4319199.093, 106
Trd, 4319200.243, 130
Trd, 4319201.643, 82
Trd, 4319202.193, 109
Trd, 4319203.193, 77
Trd, 4319203.943, 75
Trd, 4319204.393, 109
Trd, 4319205.043, 114
Trd, 4319205.743, 60
Trd, 4319206.243, 90
Trd, 4319207.093, 94
Trd, 4319208.343, 78
Trd, 4319209.943, 133
Trd, 4319210.293, 132
Trd, 4319210.793, 130
Trd, 4319211.343, 128
Trd, 4319212.343, 121
Trd, 4319214.243, 129
Trd, 4319214.943, 140
Trd, 4319214.993, 137
Trd, 4319215.543, 109
Trd, 4319215.793, 89
Trd, 4319215.893, 116
Trd, 4319216.693, 110
Trd, 4319217.143, 79
Trd, 4319218.243, 95
Trd, 4319218.943, 113
Trd, 4319219.293, 81
Trd, 4319219.943, 104
Trd, 4319220.993, 86
Trd, 4319221.343, 68
Trd, 4319221.793, 113
Trd, 4319223.043, 62
Trd, 4319223.993, 118
Trd, 4319224.743, 100
Trd, 4319225.393, 88
Trd, 4319225.493, 88
Trd, 4319225.793, 111
Trd, 4319227.543, 131
Trd, 4319229.843, 134
Trd, 4319229.943, 132
Trd, 4319229.993, 116
Trd, 4319231.343, 106
Trd, 4319232.543, 106
Trd, 4319232.793, 88
Trd, 4319234.893, 138
Trd, 4319235.693, 126
Trd, 4319236.393, 109
Trd, 4319236.593, 131
Trd, 4319237.243, 108
Trd, 4319238.993, 127
Trd, 4319239.193, 127
Trd, 4319239.843, 93
Trd, 4319240.893, 131
Trd, 4319241.193, 127
Trd, 4319241.293, 87
Trd, 4319242.093, 108
Trd, 4319242.643, 118
Trd, 4319243.043, 121
Trd, 4319244.593, 139
Trd, 4319245.543, 111
Trd, 4319246.093, 112
Trd, 4319246.243, 107
Trd, 4319246.293, 117
Trd, 4319248.343, 138
Trd, 4319248.993, 124
Trd, 4319250.443, 123
Trd, 4319251.593, 116
Trd, 4319252.343, 111
Trd, 4319252.443, 110
Trd, 4319253.443, 87
Trd, 4319253.843, 118
Trd, 4319254.293, 101
Trd, 4319255.193, 102
Trd, 4319256.193, 106
Trd, 4319256.593, 87
Trd, 4319256.993, 126
Trd, 4319258.293, 98
Trd, 4319259.043, 94
Trd, 4319260.093, 135
Trd, 4319260.543, 120
Trd, 4319261.743, 134
Trd, 4319262.993, 121
Trd, 4319263.193, 120
Trd, 4319263.243, 109
Trd, 4319264.543, 84
Trd, 4319265.293, 97
Trd, 4319265.593, 90
Trd, 4319266.543, 68
Trd, 4319266.993, 104
Trd, 4319270.193, 130
Trd, 4319270.693, 122
Trd, 4319271.093, 112
Trd, 4319272.143, 116
Trd, 4319272.543, 137
Trd, 4319272.993, 116
Trd, 4319273.793, 88
Trd, 4319275.343, 86
Trd, 4319276.443, 116
Trd, 4319276.543, 87
Trd, 4319277.393, 89
Trd, 4319277.693, 96
Trd, 4319277.843, 105
Trd, 4319278.493, 130
Trd, 4319280.593, 115
Trd, 4319281.693, 137
Trd, 4319282.693, 126
Trd, 4319283.543, 126
Trd, 4319283.743, 124
Trd, 4319284.443, 140
Trd, 4319285.293, 119
Trd, 4319286.093, 124
Trd, 4319286.143, 102
Trd, 4319287.493, 122
Trd, 4319287.943, 117
Trd, 4319288.943, 116
Trd, 4319289.243, 110
Trd, 4319289.493, 99
Trd, 4319290.293, 102
Trd, 4319291.293, 104
Trd, 4319291.793, 104
Trd, 4319294.293, 111
Trd, 4319294.593, 139
Trd, 4319294.893, 106
Trd, 4319296.443, 115
Trd, 4319296.543, 84
Trd, 4319297.243, 95
Trd, 4319298.793, 107
Trd, 4319299.343, 75
Trd, 4319299.593, 80
Trd, 4319300.593, 100
Trd, 4319300.943, 139
Trd, 4319301.543, 101
Trd, 4319303.343, 126
Trd, 4319303.943, 110
Trd, 4319304.093, 77
Trd, 4319304.493, 103
Trd, 4319305.043, 90
Trd, 4319305.643, 77
Trd, 4319305.793, 109
Trd, 4319305.993, 119
Trd, 4319307.943, 115
Trd, 4319308.643, 64
Trd, 4319308.693, 93
Trd, 4319308.943, 102
Trd, 4319309.643, 124
Trd, 4319309.693, 122
Trd, 4319311.143, 100
Trd, 4319311.693, 105
Trd, 4319312.293, 96
Trd, 4319312.743, 119
Trd, 4319313.793, 103
Trd, 4319315.143, 85
Trd, 4319315.543, 138
Trd, 4319316.143, 139
Trd, 4319317.143, 118
Trd, 4319318.043, 119
Trd, 4319318.643, 103
Trd, 4319319.843, 84
Trd, 4319321.093, 102
Trd, 4319321.193, 112
Trd, 4319321.593, 117
Trd, 4319321.793, 107
Trd, 4319322.243, 88
Trd, 4319323.793, 87
Trd, 4319324.093, 83
Trd, 4319324.693, 130
Trd, 4319326.143, 133
Trd, 4319326.493, 129
Trd, 4319328.543, 130
Trd, 4319328.893, 123
Trd, 4319329.743, 125
Trd, 4319329.893, 110
Trd, 4319329.943, 109
Trd, 4319330.693, 132
Trd, 4319331.493, 126
Trd, 4319332.193, 118
Trd, 4319332.543, 128
Trd, 4319333.293, 89
Trd, 4319333.743, 91
Trd, 4319335.593, 129
Trd, 4319335.693, 100
Trd, 4319335.993, 130
Trd, 4319337.693, 99
Trd, 4319339.143, 75
Trd, 4319339.693, 79
Trd, 4319340.243, 114
Trd, 4319341.093, 136
Trd, 4319341.493, 129
Trd, 4319341.993, 127
Trd, 4319342.593, 123
Trd, 4319342.893, 128
Trd, 4319343.893, 126
Trd, 4319344.193, 90
Trd, 4319344.593, 111
Trd, 4319345.143, 86
Trd, 4319346.093, 91
Trd, 4319347.393, 100
Trd, 4319348.393, 124
Trd, 4319348.793, 122
Trd, 4319349.593, 89
Trd, 4319349.843, 133
Trd, 4319350.143, 129
Trd, 4319351.293, 90
Trd, 4319351.893, 106
Trd, 4319352.343, 74
Trd, 4319353.993, 117
Trd, 4319354.593, 129
Trd, 4319355.243, 90
Trd, 4319356.143, 81
Trd, 4319356.493, 96
Trd, 4319357.293, 81
Trd, 4319357.343, 113
Trd, 4319358.393, 82
Trd, 4319359.493, 101
Trd, 4319360.193, 103
Trd, 4319360.643, 85
Trd, 4319360.993, 126
Trd, 4319361.793, 95
Trd, 4319362.293, 92
Trd, 4319362.993, 79
Trd, 4319363.693, 98
Trd, 4319363.943, 92
Trd, 4319365.093, 130
Trd, 4319365.143, 79
Trd, 4319366.843, 130
Trd, 4319369.143, 109
Trd, 4319369.243, 121
Trd, 4319370.693, 116
Trd, 4319371.093, 90
Trd, 4319372.043, 136
Trd, 4319372.143, 77
Trd, 4319372.993, 81
Trd, 4319373.593, 101
Trd, 4319373.693, 129
Trd, 4319374.043, 132
Trd, 4319374.293, 120
Trd, 4319375.193, 137
Trd, 4319375.793, 108
Trd, 4319377.443, 131
Trd, 4319377.593, 130
Trd, 4319378.593, 127
Trd, 4319379.143, 137
Trd, 4319379.493, 116
Trd, 4319379.693, 99
Trd, 4319380.793, 132
Trd, 4319381.193, 117
Trd, 4319382.243, 69
Trd, 4319383.193, 92
Trd, 4319384.243, 86
Trd, 4319384.443, 85
Trd, 4319386.143, 133
Trd, 4319386.543, 126
Trd, 4319387.693, 104
Trd, 4319389.143, 117
Trd, 4319389.793, 78
Trd, 4319390.243, 73
Trd, 4319390.793, 87
Trd, 4319392.693, 132
Trd, 4319392.943, 121
Trd, 4319393.643, 133
Trd, 4319394.743, 108
Trd, 4319395.593, 103
Trd, 4319396.143, 65
Trd, 4319396.493, 110
Trd, 4319397.043, 134
Trd, 4319397.093, 121
Trd, 4319398.893, 116
Trd, 4319399.543, 90
Trd, 4319401.193, 81
Trd, 4319402.943, 107
Trd, 4319403.493, 133
Trd, 4319404.293, 119
Trd, 4319404.593, 121
Trd, 4319404.743, 125
Trd, 4319405.443, 125
Trd, 4319406.543, 117
Trd, 4319406.993, 140
Trd, 4319407.843, 106
Trd, 4319408.043, 89
Trd, 4319409.043, 128
Trd, 4319409.393, 123
Trd, 4319409.793, 121
Trd, 4319410.843, 82
Trd, 4319412.793, 121
Trd, 4319413.293, 112
Trd, 4319414.543, 118
Trd, 4319415.793, 128
Trd, 4319415.993, 105
Trd, 4319416.593, 118
Trd, 4319416.693, 105
Trd, 4319416.993, 82
Trd, 4319417.443, 82
Trd, 4319418.543, 90
Trd, 4319419.793, 114
Trd, 4319419.843, 90
Trd, 4319420.893, 89
Trd, 4319421.843, 113
Trd, 4319423.643, 123
Trd, 4319424.393, 129
Trd, 4319424.443, 119
Trd, 4319424.593, 100
Trd, 4319425.293, 97
Trd, 4319425.643, 132
Trd, 4319427.743, 105
Trd, 4319429.293, 128
Trd, 4319429.793, 120
Trd, 4319430.993, 122
Trd, 4319431.343, 126
Trd, 4319431.493, 113
Trd, 4319432.593, 111
Trd, 4319433.193, 132
Trd, 4319433.243, 123
Trd, 4319435.393, 100
Trd, 4319436.193, 118
Trd, 4319436.393, 100
Trd, 4319437.443, 110
Trd, 4319438.443, 121
Trd, 4319438.493, 111
Trd, 4319439.743, 122
Trd, 4319441.943, 133
Trd, 4319442.093, 115
Trd, 4319442.693, 136
Trd, 4319444.293, 125
Trd, 4319445.743, 128
Trd, 4319445.993, 108
Trd, 4319446.193, 101
Trd, 4319447.393, 122
Trd, 4319448.443, 132
Trd, 4319448.693, 119
Trd, 4319448.743, 110
Trd, 4319449.443, 101
Trd, 4319450.993, 108
Trd, 4319452.793, 134
Trd, 4319453.343, 112
Trd, 4319453.393, 106
Trd, 4319454.143, 121
Trd, 4319454.393, 114
Trd, 4319455.193, 123
Trd, 4319455.793, 136
Trd, 4319456.593, 135
Trd, 4319456.743, 135
Trd, 4319456.843, 109
Trd, 4319457.243, 102
Trd, 4319458.043, 79
Trd, 4319459.643, 97
Trd, 4319460.143, 89
Trd, 4319460.993, 118
Trd, 4319461.943, 93
Trd, 4319464.243, 134
Trd, 4319464.943, 130
Trd, 4319466.643, 118
Trd, 4319466.793, 106
Trd, 4319466.993, 96
Trd, 4319467.193, 94
Trd, 4319467.543, 138
Trd, 4319468.943, 121
Trd, 4319469.843, 120
Trd, 4319469.943, 93
Trd, 4319470.243, 92
Trd, 4319470.743, 113
Trd, 4319472.893, 136
Trd, 4319475.243, 124
Trd, 4319475.443, 121
Trd, 4319475.593, 105
Trd, 4319476.793, 103
Trd, 4319477.993, 139
Trd, 4319478.443, 108
Trd, 4319479.643, 93
Trd, 4319480.043, 85
Trd, 4319480.843, 60
Trd, 4319481.593, 91
Trd, 4319481.793, 98
Trd, 4319481.943, 119
Trd, 4319482.093, 119
Trd, 4319483.543, 116
Trd, 4319484.993, 129
Trd, 4319485.493, 109
Trd, 4319486.393, 90
Trd, 4319486.793, 91
Trd, 4319487.893, 87
Trd, 4319488.243, 86
Trd, 4319490.243, 121
Trd, 4319490.643, 112
Trd, 4319491.843, 111
Trd, 4319491.993, 116
Trd, 4319492.393, 106
Trd, 4319492.643, 77
Trd, 4319493.943, 140
Trd, 4319494.893, 98
Trd, 4319496.443, 125
Trd, 4319496.493, 123
Trd, 4319496.993, 95
Trd, 4319497.293, 90
Trd, 4319497.893, 120
Trd, 4319498.093, 78
Trd, 4319499.393, 93
Trd, 4319500.743, 114
Trd, 4319501.493, 132
Trd, 4319501.593, 110
Trd, 4319502.043, 130
Trd, 4319502.143, 92
Trd, 4319502.793, 90
Trd, 4319503.443, 92
Trd, 4319503.843, 76
Trd, 4319504.093, 100
Trd, 4319506.293, 119
Trd, 4319506.493, 107
Trd, 4319507.293, 129
Trd, 4319508.193, 121
Trd, 4319508.843, 119
Trd, 4319510.143, 104
Trd, 4319510.843, 96
Trd, 4319511.043, 136
Trd, 4319511.643, 101
Trd, 4319512.693, 113
Trd, 4319513.143, 97
Trd, 4319514.193, 138
Trd, 4319514.543, 111
Trd, 4319514.943, 110
Trd, 4319515.943, 111
Trd, 4319516.843, 119
Trd, 4319516.993, 119
Trd, 4319519.243, 122
Trd, 4319519.593, 134
Trd, 4319520.193, 130
Trd, 4319520.343, 126
Trd, 4319521.243, 122
Trd, 4319521.443, 127
Trd, 4319522.543, 123
Trd, 4319522.893, 123
Trd, 4319523.993, 132
Trd, 4319524.693, 130
Trd, 4319524.993, 130
Trd, 4319525.143, 117
Trd, 4319526.343, 137
Trd, 4319527.093, 117
Trd, 4319527.293, 132
Trd, 4319528.593, 118
Trd, 4319530.193, 134
Trd, 4319531.893, 126
Trd, 4319533.193, 112
Trd, 4319533.293, 75
Trd, 4319533.543, 96
Trd, 4319535.343, 133
Trd, 4319536.393, 123
Trd, 4319537.493, 127
Trd, 4319537.993, 129
Trd, 4319538.343, 127
Trd, 4319539.193, 120
Trd, 4319539.743, 110
Trd, 4319541.243, 124
Trd, 4319541.743, 121
Trd, 4319541.943, 129
Trd, 4319542.593, 132
Trd, 4319542.793, 116
Trd, 4319543.543, 121
Trd, 4319543.693, 92
Trd, 4319545.293, 87
Trd, 4319545.893, 135
Trd, 4319546.343, 133
Trd, 4319546.743, 131
Trd, 4319547.343, 101
Trd, 4319548.743, 122
Trd, 4319549.443, 137
Trd, 4319549.643, 120
Trd, 4319551.193, 76
Trd, 4319551.993, 133
Trd, 4319552.093, 116
Trd, 4319552.743, 135
Trd, 4319552.943, 101
Trd, 4319554.793, 127
Trd, 4319555.493, 125
Trd, 4319555.793, 124
Trd, 4319556.393, 92
Trd, 4319557.043, 134
Trd, 4319557.393, 133
Trd, 4319557.443, 124
Trd, 4319558.343, 116
Trd, 4319558.443, 99
Trd, 4319558.743, 117
Trd, 4319559.093, 108
Trd, 4319559.693, 118
Trd, 4319561.743, 128
Trd, 4319562.443, 118
Trd, 4319562.693, 115
Trd, 4319564.193, 131
Trd, 4319565.893, 121
Trd, 4319566.093, 105
Trd, 4319566.593, 99
Trd, 4319567.143, 79
Trd, 4319567.293, 114
Trd, 4319568.193, 115
Trd, 4319570.693, 104
Trd, 4319571.543, 102
Trd, 4319573.043, 107
Trd, 4319573.443, 108
Trd, 4319574.043, 140
Trd, 4319574.493, 130
Trd, 4319574.893, 134
Trd, 4319575.843, 117
Trd, 4319575.993, 119
Trd, 4319577.043, 128
Trd, 4319577.893, 104
Trd, 4319578.143, 102
Trd, 4319578.293, 90
Trd, 4319581.843, 135
Trd, 4319582.343, 136
Trd, 4319583.243, 116
Trd, 4319583.843, 125
Trd, 4319584.093, 106
Trd, 4319584.543, 108
Trd, 4319584.743, 106
Trd, 4319585.093, 140
Trd, 4319587.443, 119
Trd, 4319587.493, 112
Trd, 4319587.643, 91
Trd, 4319588.393, 78
Trd, 4319588.893, 68
Trd, 4319589.493, 66
Trd, 4319591.543, 95
Trd, 4319591.593, 130
Trd, 4319592.993, 123
Trd, 4319593.243, 112
Trd, 4319593.743, 100
Trd, 4319594.893, 111
Trd, 4319596.593, 126
Trd, 4319597.993, 135
Trd, 4319598.693, 131
Trd, 4319599.793, 133
Trd, 4319600.543, 113
Trd, 4319600.893, 105
Trd, 4319601.393, 109
Trd, 4319602.093, 125
Trd, 4319602.743, 107
Trd, 4319603.143, 129
Trd, 4319604.093, 92
Trd, 4319605.343, 131
Trd, 4319605.443, 117
Trd, 4319605.793, 109
Trd, 4319608.093, 139
Trd, 4319608.193, 125
Trd, 4319609.993, 130
Trd, 4319610.043, 128
Trd, 4319611.043, 116
Trd, 4319612.093, 88
Trd, 4319612.343, 86
Trd, 4319612.593, 98
Trd, 4319613.143, 116
Trd, 4319613.743, 87
Trd, 4319613.943, 124
Trd, 4319614.443, 111
Trd, 4319615.393, 130
Trd, 4319616.343, 112
Trd, 4319616.643, 123
Trd, 4319618.843, 108
Trd, 4319619.093, 82
Trd, 4319619.743, 79
Trd, 4319620.243, 135
Trd, 4319620.743, 131
Trd, 4319621.243, 83
Trd, 4319622.843, 132
Trd, 4319624.043, 123
Trd, 4319625.393, 111
Trd, 4319627.193, 125
Trd, 4319628.143, 131
Trd, 4319628.293, 124
Trd, 4319628.593, 122
Trd, 4319629.243, 114
Trd, 4319629.293, 109
Trd, 4319629.593, 131
Trd, 4319629.743, 90
Trd, 4319630.643, 81
Trd, 4319631.743, 106
Trd, 4319631.793, 98
Trd, 4319633.243, 99
Trd, 4319633.943, 113
Trd, 4319634.393, 114
Trd, 4319635.443, 119
Trd, 4319636.943, 102
Trd, 4319637.193, 103
Trd, 4319638.043, 108
Trd, 4319638.893, 107
Trd, 4319640.143, 89
Trd, 4319640.493, 71
Trd, 4319641.643, 135
Trd, 4319642.443, 129
Trd, 4319642.543, 81
Trd, 4319644.843, 127
Trd, 4319645.143, 94
Trd, 4319645.593, 130
Trd, 4319646.143, 133
Trd, 4319647.393, 123
Trd, 4319648.393, 108
Trd, 4319648.643, 109
Trd, 4319649.043, 95
Trd, 4319651.843, 140
Trd, 4319652.593, 140
Trd, 4319652.843, 115
Trd, 4319653.243, 97
Trd, 4319654.493, 108
Trd, 4319654.543, 93
Trd, 4319654.993, 93
Trd, 4319656.143, 129
Trd, 4319656.543, 123
Trd, 4319657.193, 105
Trd, 4319658.343, 87
Trd, 4319659.343, 128
Trd, 4319660.943, 125
Trd, 4319660.993, 122
Trd, 4319662.243, 110
Trd, 4319662.893, 122
Trd, 4319663.743, 131
Trd, 4319664.143, 136
Trd, 4319664.693, 124
Trd, 4319666.143, 131
Trd, 4319666.193, 129
Trd, 4319666.293, 123
Trd, 4319666.493, 90
Trd, 4319668.493, 118
Trd, 4319668.793, 101
Trd, 4319670.993, 133
Trd, 4319671.043, 137
Trd, 4319671.893, 108
Trd, 4319673.193, 139
Trd, 4319673.743, 138
Trd, 4319675.293, 137
Trd, 4319675.343, 137
Trd, 4319675.893, 112
Trd, 4319677.593, 111
Trd, 4319679.293, 136
Trd, 4319679.393, 124
Trd, 4319680.993, 133
Trd, 4319682.043, 135
Trd, 4319682.193, 133
Trd, 4319682.443, 127
Trd, 4319682.493, 104
Trd, 4319684.743, 117
Trd, 4319685.543, 114
Trd, 4319686.343, 114
Trd, 4319686.743, 95
Trd, 4319687.593, 128
Trd, 4319688.643, 129
Trd, 4319688.893, 104
Trd, 4319690.143, 122
Trd, 4319690.793, 116
Trd, 4319692.243, 110
Trd, 4319692.393, 127
Trd, 4319694.343, 124
Trd, 4319695.393, 128
Trd, 4319695.743, 122
Trd, 4319696.043, 127
Trd, 4319696.143, 105
Trd, 4319696.843, 103
Trd, 4319697.393, 120
Trd, 4319699.143, 106
Trd, 4319699.443, 137
Trd, 4319699.943, 132
Trd, 4319700.093, 130
Trd, 4319702.293, 104
Trd, 4319702.593, 112
Trd, 4319703.943, 107
Trd, 4319704.693, 96
Trd, 4319705.843, 140
Trd, 4319705.943, 137
Trd, 4319708.143, 116
Trd, 4319708.343, 119
Trd, 4319709.793, 121
Trd, 4319709.893, 110
Trd, 4319710.543, 128
Trd, 4319711.193, 137
Trd, 4319711.243, 128
Trd, 4319711.543, 119
Trd, 4319712.993, 115
Trd, 4319713.443, 120
Trd, 4319715.643, 108
Trd, 4319715.943, 121
Trd, 4319718.793, 124
Trd, 4319719.243, 114
Trd, 4319719.693, 120
Trd, 4319720.693, 123
Trd, 4319720.843, 112
Trd, 4319722.693, 140
Trd, 4319723.493, 137
Trd, 4319724.043, 131
Trd, 4319726.343, 118
Trd, 4319726.943, 108
Trd, 4319727.043, 104
Trd, 4319727.243, 140
Trd, 4319728.493, 129
Trd, 4319728.843, 96
Trd, 4319730.643, 114
Trd, 4319731.043, 113
Trd, 4319731.143, 128
Trd, 4319731.693, 123
Trd, 4319731.893, 130
Trd, 4319733.343, 117
Trd, 4319735.043, 119
Trd, 4319735.093, 110
Trd, 4319735.643, 63
Trd, 4319736.493, 107
Trd, 4319737.943, 113
Trd, 4319739.293, 135
Trd, 4319739.693, 133
Trd, 4319740.343, 131
Trd, 4319740.943, 111
Trd, 4319741.843, 122
Trd, 4319742.543, 86
Trd, 4319742.593, 98
Trd, 4319743.593, 133
Trd, 4319744.643, 106
Trd, 4319745.193, 79
Trd, 4319745.893, 99
Trd, 4319746.643, 106
Trd, 4319747.443, 88
Trd, 4319749.493, 134
Trd, 4319749.743, 119
Trd, 4319751.143, 138
Trd, 4319751.193, 135
Trd, 4319751.593, 137
Trd, 4319752.343, 113
Trd, 4319753.343, 70
Trd, 4319754.593, 123
Trd, 4319754.943, 119
Trd, 4319756.193, 83
Trd, 4319756.393, 115
Trd, 4319756.843, 73
Trd, 4319757.143, 85
Trd, 4319757.893, 114
Trd, 4319758.793, 133
Trd, 4319759.093, 104
Trd, 4319760.693, 114
Trd, 4319760.893, 106
Trd, 4319761.643, 126
Trd, 4319762.943, 115
Trd, 4319763.193, 104
Trd, 4319763.493, 101
Trd, 4319765.043, 124
Trd, 4319766.093, 121
Trd, 4319766.293, 112
Trd, 4319767.993, 99
Trd, 4319769.093, 95
Trd, 4319769.193, 100
Trd, 4319769.693, 112
Trd, 4319771.043, 137
Trd, 4319772.343, 90
Trd, 4319773.693, 108
Trd, 4319773.993, 116
Trd, 4319774.643, 112
Trd, 4319775.093, 119
Trd, 4319777.443, 97
Trd, 4319777.593, 71
Trd, 4319778.943, 86
Trd, 4319779.193, 75
Trd, 4319779.743, 63
Trd, 4319781.043, 129
Trd, 4319782.943, 121
Trd, 4319783.393, 100
Trd, 4319783.543, 92
Trd, 4319785.443, 110
Trd, 4319785.743, 134
Trd, 4319786.543, 108
Trd, 4319786.593, 104
Trd, 4319787.043, 82
Trd, 4319787.693, 140
Trd, 4319788.043, 93
Trd, 4319790.093, 135
Trd, 4319790.443, 132
Trd, 4319791.293, 102
Trd, 4319791.743, 126
Trd, 4319793.043, 129
Trd, 4319793.243, 98
Trd, 4319793.843, 132
Trd, 4319793.893, 124
Trd, 4319794.243, 139
Trd, 4319794.693, 121
Trd, 4319796.293, 84
Trd, 4319797.043, 134
Trd, 4319797.293, 82
Trd, 4319798.193, 131
Trd, 4319798.693, 131
Trd, 4319799.193, 130
Trd, 4319799.293, 120
Trd, 4319799.793, 109
Trd, 4319800.543, 115
Trd, 4319803.043, 86
Trd, 4319804.143, 111
Trd, 4319804.593, 97
Trd, 4319804.943, 94
Trd, 4319805.743, 88
Trd, 4319805.993, 125
Trd, 4319806.343, 87
Trd, 4319806.693, 83
Trd, 4319810.593, 107
Trd, 4319810.943, 106
Trd, 4319810.993, 110
Trd, 4319811.593, 103
Trd, 4319811.843, 118
Trd, 4319813.643, 131
Trd, 4319815.043, 93
Trd, 4319816.443, 98
Trd, 4319816.593, 101
Trd, 4319816.893, 103
Trd, 4319817.793, 108
Trd, 4319818.543, 93
Trd, 4319819.043, 104
Trd, 4319819.443, 129
Trd, 4319821.743, 117
Trd, 4319822.093, 107
Trd, 4319822.243, 98
Trd, 4319823.193, 116
Trd, 4319823.593, 94
Trd, 4319824.093, 118
Trd, 4319824.693, 136
Trd, 4319824.793, 138
Trd, 4319826.343, 132
Trd, 4319827.243, 122
Trd, 4319827.843, 126
Trd, 4319827.943, 99
Trd, 4319828.343, 140
Trd, 4319829.143, 84
Trd, 4319830.393, 125
Trd, 4319831.093, 115
Trd, 4319831.643, 108
Trd, 4319832.393, 124
Trd, 4319834.193, 129
Trd, 4319834.543, 127
Trd, 4319835.993, 135
Trd, 4319836.043, 118
Trd, 4319837.293, 96
Trd, 4319837.443, 104
Trd, 4319838.243, 103
Trd, 4319838.493, 101
Trd, 4319838.543, 123
Trd, 4319840.493, 94
Trd, 4319840.543, 92
Trd, 4319840.693, 89
Trd, 4319841.793, 76
Trd, 4319842.243, 85
Trd, 4319844.793, 109
Trd, 4319846.143, 111
Trd, 4319847.143, 76
Trd, 4319847.593, 126
Trd, 4319848.143, 96
Trd, 4319848.593, 116
Trd, 4319850.143, 123
Trd, 4319850.443, 131
Trd, 4319851.043, 134
Trd, 4319852.543, 136
Trd, 4319853.293, 119
Trd, 4319853.743, 101
Trd, 4319854.393, 137
Trd, 4319854.543, 135
Trd, 4319854.793, 90
Trd, 4319856.243, 115
Trd, 4319856.693, 127
Trd, 4319858.343, 124
Trd, 4319858.943, 93
Trd, 4319859.343, 122
Trd, 4319859.443, 124
Trd, 4319860.893, 106
Trd, 4319860.993, 104
Trd, 4319861.343, 103
Trd, 4319861.443, 79
Trd, 4319861.743, 94
Trd, 4319862.643, 140
Trd, 4319862.793, 122
Trd, 4319864.143, 106
Trd, 4319864.643, 104
Trd, 4319865.293, 75
Trd, 4319866.293, 138
Trd, 4319868.143, 125
Trd, 4319868.493, 123
Trd, 4319868.693, 119
Trd, 4319869.343, 98
Trd, 4319870.143, 117
Trd, 4319870.393, 102
Trd, 4319871.293, 125
Trd, 4319872.293, 94
Trd, 4319872.393, 94
Trd, 4319873.293, 137
Trd, 4319874.843, 101
Trd, 4319875.293, 97
Trd, 4319875.743, 88
Trd, 4319877.193, 123
Trd, 4319877.843, 104
Trd, 4319877.943, 105
Trd, 4319878.443, 100
Trd, 4319879.443, 85
Trd, 4319880.193, 98
Trd, 4319880.243, 119
Trd, 4319880.843, 135
Trd, 4319881.443, 133
Trd, 4319881.593, 125
Trd, 4319881.793, 134
Trd, 4319882.643, 129
Trd, 4319883.043, 92
Trd, 4319884.393, 75
Trd, 4319885.993, 121
Trd, 4319886.243, 123
Trd, 4319886.893, 124
Trd, 4319887.493, 116
Trd, 4319888.393, 118
Trd, 4319888.693, 91
Trd, 4319890.443, 139
Trd, 4319891.093, 135
Trd, 4319892.093, 131
Trd, 4319893.093, 119
Trd, 4319894.693, 112
Trd, 4319895.793, 131
Trd, 4319896.393, 88
Trd, 4319897.093, 123
Trd, 4319897.293, 76
Trd, 4319897.893, 137
Trd, 4319899.143, 94
Trd, 4319899.193, 90
Trd, 4319900.743, 120
Trd, 4319901.993, 128
Trd, 4319902.143, 115
Trd, 4319902.893, 114
Trd, 4319904.243, 110
Trd, 4319904.893, 124
Trd, 4319905.393, 113
Trd, 4319906.293, 93
Trd, 4319906.593, 140
Trd, 4319907.793, 107
Trd, 4319908.193, 112
Trd, 4319908.293, 103
Trd, 4319908.693, 138
Trd, 4319909.743, 123
Trd, 4319910.143, 122
Trd, 4319912.643, 131
Trd, 4319912.693, 125
Trd, 4319913.193, 125
Trd, 4319913.393, 121
Trd, 4319914.343, 83
Trd, 4319915.543, 129
Trd, 4319915.793, 129
Trd, 4319916.593, 99
Trd, 4319917.393, 113
Trd, 4319917.443, 98
Trd, 4319917.693, 84
Trd, 4319919.093, 104
Trd, 4319919.793, 124
Trd, 4319921.043, 130
Trd, 4319922.393, 137
Trd, 4319923.393, 108
Trd, 4319923.643, 129
Trd, 4319924.593, 91
Trd, 4319925.393, 98
Trd, 4319926.693, 133
Trd, 4319926.893, 121
Trd, 4319927.243, 119
Trd, 4319927.643, 118
Trd, 4319928.143, 103
Trd, 4319928.793, 89
Trd, 4319929.143, 110
Trd, 4319929.493, 86
Trd, 4319930.693, 85
Trd, 4319931.693, 129
Trd, 4319932.043, 134
Trd, 4319933.343, 125
Trd, 4319933.543, 100
Trd, 4319934.143, 97
Trd, 4319935.393, 108
Trd, 4319935.793, 101
Trd, 4319936.643, 109
Trd, 4319938.493, 134
Trd, 4319939.743, 91
Trd, 4319940.593, 115
Trd, 4319940.643, 83
Trd, 4319940.943, 132
Trd, 4319942.343, 81
Trd, 4319943.743, 69
Trd, 4319944.143, 109
Trd, 4319944.493, 122
Trd, 4319945.843, 125
Trd, 4319946.093, 121
Trd, 4319946.143, 94
Trd, 4319947.143, 128
Trd, 4319948.243, 97
Trd, 4319948.493, 126
Trd, 4319949.093, 79
Trd, 4319949.693, 128
Trd, 4319950.593, 131
Trd, 4319951.043, 95
Trd, 4319951.743, 120
Trd, 4319952.693, 114
Trd, 4319954.443, 126
Trd, 4319955.243, 114
Trd, 4319955.493, 119
Trd, 4319955.843, 106
Trd, 4319958.093, 136
Trd, 4319958.743, 131
Trd, 4319959.043, 120
Trd, 4319959.643, 131
Trd, 4319960.793, 108
Trd, 4319960.943, 106
Trd, 4319961.143, 132
Trd, 4319961.493, 128
Trd, 4319962.443, 104
Trd, 4319963.793, 115
Trd, 4319963.943, 128
Trd, 4319964.443, 135
Trd, 4319965.143, 101
Trd, 4319966.843, 103
Trd, 4319967.493, 120
Trd, 4319968.293, 93
Trd, 4319968.693, 130
Trd, 4319968.743, 128
Trd, 4319969.293, 106
Trd, 4319970.493, 108
Trd, 4319971.343, 102
Trd, 4319972.293, 130
Trd, 4319973.043, 137
Trd, 4319973.593, 129
Trd, 4319973.643, 117
Trd, 4319973.993, 110
Trd, 4319974.993, 83
Trd, 4319976.743, 126
Trd, 4319977.043, 125
Trd, 4319977.193, 123
Trd, 4319978.893, 101
Trd, 4319979.343, 122
Trd, 4319979.943, 99
Trd, 4319980.093, 106
Trd, 4319980.193, 91
Trd, 4319980.493, 82
Trd, 4319981.193, 123
Trd, 4319982.293, 79
Trd, 4319982.593, 137
Trd, 4319984.593, 92
Trd, 4319987.593, 128
Trd, 4319988.193, 89
Trd, 4319988.243, 106
Trd, 4319988.943, 125
Trd, 4319989.343, 117
Trd, 4319990.493, 117
Trd, 4319991.243, 115
Trd, 4319991.543, 86
Trd, 4319991.793, 92
Trd, 4319992.893, 103
Trd, 4319993.043, 97
Trd, 4319993.843, 131
Trd, 4319994.343, 129
Trd, 4319994.893, 103
Trd, 4319995.893, 119
Trd, 4319997.543, 129
Trd, 4319997.993, 129
Trd, 4319998.893, 128
Trd, 4319999.093, 124
Trd, 4319999.893, 117
