Trd, 4318165.243, 140
Trd, 4318165.343, 140
Trd, 4318166.043, 140
Trd, 4318166.893, 140
Trd, 4318167.643, 140
Trd, 4318167.793, 140
Trd, 4318168.893, 140
Trd, 4318168.943, 140
Trd, 4318169.093, 134
Trd, 4318170.443, 140
Trd, 4318170.993, 139
Trd, 4318171.943, 139
Trd, 4318172.493, 129
Trd, 4318172.693, 128
Trd, 4318173.243, 139
Trd, 4318173.593, 139
Trd, 4318174.793, 140
Trd, 4318175.443, 140
Trd, 4318175.643, 140
Trd, 4318175.693, 69
Trd, 4318176.293, 140
Trd, 4318177.043, 94
Trd, 4318178.493, 140
Trd, 4318178.643, 139
Trd, 4318180.593, 140
Trd, 4318181.243, 140
Trd, 4318181.643, 140
Trd, 4318181.843, 139
Trd, 4318182.493, 126
Trd, 4318183.943, 140
Trd, 4318184.443, 136
Trd, 4318184.493, 135
Trd, 4318185.743, 67
Trd, 4318186.643, 140
Trd, 4318187.643, 140
Trd, 4318187.893, 140
Trd, 4318188.743, 135
Trd, 4318188.843, 111
Trd, 4318189.493, 140
Trd, 4318189.543, 138
Trd, 4318190.343, 124
Trd, 4318191.293, 83
Trd, 4318192.593, 140
Trd, 4318193.093, 140
Trd, 4318193.293, 140
Trd, 4318193.843, 139
Trd, 4318194.343, 139
Trd, 4318194.793, 139
Trd, 4318195.343, 140
Trd, 4318197.643, 140
Trd, 4318198.293, 140
Trd, 4318198.793, 140
Trd, 4318199.143, 140
Trd, 4318199.643, 140
Trd, 4318200.093, 140
Trd, 4318200.843, 126
Trd, 4318201.993, 135
Trd, 4318202.543, 140
Trd, 4318202.793, 114
Trd, 4318204.043, 140
Trd, 4318204.693, 140
Trd, 4318205.293, 140
Trd, 4318205.343, 140
Trd, 4318205.743, 140
Trd, 4318207.093, 138
Trd, 4318208.343, 63
Trd, 4318209.143, 140
Trd, 4318209.193, 139
Trd, 4318209.593, 72
Trd, 4318210.343, 140
Trd, 4318210.893, 137
Trd, 4318211.593, 138
Trd, 4318213.143, 140
Trd, 4318213.493, 139
Trd, 4318213.843, 140
Trd, 4318213.943, 139
Trd, 4318214.093, 138
Trd, 4318215.093, 139
Trd, 4318216.343, 140
Trd, 4318217.693, 140
Trd, 4318218.543, 140
Trd, 4318218.743, 140
Trd, 4318218.993, 139
Trd, 4318219.043, 129
Trd, 4318219.093, 122
Trd, 4318220.443, 112
Trd, 4318221.443, 129
Trd, 4318222.493, 140
Trd, 4318223.493, 140
Trd, 4318223.943, 139
Trd, 4318224.493, 140
Trd, 4318224.593, 132
Trd, 4318225.993, 140
Trd, 4318226.243, 140
Trd, 4318227.093, 140
Trd, 4318227.743, 139
Trd, 4318228.443, 140
Trd, 4318228.543, 139
Trd, 4318229.093, 130
Trd, 4318230.143, 138
Trd, 4318230.893, 140
Trd, 4318231.443, 139
Trd, 4318231.843, 115
Trd, 4318232.293, 107
Trd, 4318233.493, 139
Trd, 4318233.643, 139
Trd, 4318235.743, 140
Trd, 4318236.543, 139
Trd, 4318237.043, 139
Trd, 4318237.093, 111
Trd, 4318237.543, 67
Trd, 4318239.043, 140
Trd, 4318240.193, 140
Trd, 4318240.343, 140
Trd, 4318240.943, 136
Trd, 4318241.193, 140
Trd, 4318241.943, 139
Trd, 4318242.943, 140
Trd, 4318243.443, 140
Trd, 4318243.693, 140
Trd, 4318245.593, 129
Trd, 4318246.093, 139
Trd, 4318247.043, 136
Trd, 4318247.193, 135
Trd, 4318247.543, 134
Trd, 4318248.093, 140
Trd, 4318249.643, 140
Trd, 4318250.243, 140
Trd, 4318250.493, 139
Trd, 4318250.843, 139
Trd, 4318250.943, 137
Trd, 4318251.343, 117
Trd, 4318253.043, 140
Trd, 4318253.293, 140
Trd, 4318255.243, 140
Trd, 4318255.893, 140
Trd, 4318256.093, 140
Trd, 4318257.143, 140
Trd, 4318257.293, 140
Trd, 4318257.993, 140
Trd, 4318258.793, 140
Trd, 4318259.593, 140
Trd, 4318260.243, 139
Trd, 4318260.293, 106
Trd, 4318261.343, 140
Trd, 4318262.143, 140
Trd, 4318263.543, 140
Trd, 4318263.793, 140
Trd, 4318264.043, 140
Trd, 4318265.093, 106
Trd, 4318265.293, 103
Trd, 4318265.843, 140
Trd, 4318266.793, 140
Trd, 4318267.393, 126
Trd, 4318267.893, 140
Trd, 4318268.893, 90
Trd, 4318270.143, 140
Trd, 4318270.193, 140
Trd, 4318271.293, 140
Trd, 4318271.943, 140
Trd, 4318272.843, 140
Trd, 4318273.593, 139
Trd, 4318274.193, 140
Trd, 4318274.243, 131
Trd, 4318274.893, 89
Trd, 4318276.143, 140
Trd, 4318276.643, 140
Trd, 4318276.993, 140
Trd, 4318277.393, 140
Trd, 4318278.043, 140
Trd, 4318278.293, 140
Trd, 4318279.393, 140
Trd, 4318279.893, 139
Trd, 4318280.043, 94
Trd, 4318281.943, 60
Trd, 4318282.093, 61
Trd, 4318282.993, 61
Trd, 4318283.343, 62
Trd, 4318283.643, 63
Trd, 4318284.643, 60
Trd, 4318284.993, 66
Trd, 4318285.443, 67
Trd, 4318285.543, 79
Trd, 4318285.943, 125
Trd, 4318286.093, 139
Trd, 4318287.343, 117
Trd, 4318287.443, 123
Trd, 4318288.443, 60
Trd, 4318288.643, 60
Trd, 4318289.393, 60
Trd, 4318289.643, 60
Trd, 4318291.443, 60
Trd, 4318291.793, 61
Trd, 4318292.143, 60
Trd, 4318292.793, 61
Trd, 4318292.993, 62
Trd, 4318293.493, 140
Trd, 4318294.143, 65
Trd, 4318295.543, 61
Trd, 4318296.393, 64
Trd, 4318296.743, 60
Trd, 4318297.793, 63
Trd, 4318297.993, 63
Trd, 4318298.193, 65
Trd, 4318299.193, 66
Trd, 4318299.893, 65
Trd, 4318300.343, 61
Trd, 4318301.243, 61
Trd, 4318301.793, 62
Trd, 4318302.543, 69
Trd, 4318304.943, 140
Trd, 4318305.693, 140
Trd, 4318306.043, 140
Trd, 4318306.143, 140
Trd, 4318306.843, 140
Trd, 4318306.893, 138
Trd, 4318307.293, 140
Trd, 4318307.393, 136
Trd, 4318308.593, 140
Trd, 4318310.543, 140
Trd, 4318311.193, 140
Trd, 4318311.743, 140
Trd, 4318312.443, 140
Trd, 4318312.943, 140
Trd, 4318313.593, 140
Trd, 4318313.893, 139
Trd, 4318314.143, 135
Trd, 4318315.543, 140
Trd, 4318315.593, 115
Trd, 4318316.443, 138
Trd, 4318316.643, 139
Trd, 4318317.493, 139
Trd, 4318318.393, 61
Trd, 4318318.593, 70
Trd, 4318319.043, 127
Trd, 4318319.893, 138
Trd, 4318319.943, 64
Trd, 4318320.043, 61
Trd, 4318321.793, 65
Trd, 4318322.143, 65
Trd, 4318322.843, 60
Trd, 4318323.393, 60
Trd, 4318324.243, 64
Trd, 4318325.493, 60
Trd, 4318325.843, 62
Trd, 4318325.893, 65
Trd, 4318327.143, 78
Trd, 4318327.693, 78
Trd, 4318328.393, 100
Trd, 4318328.893, 60
Trd, 4318329.393, 60
Trd, 4318330.293, 60
Trd, 4318330.443, 60
Trd, 4318331.243, 60
Trd, 4318331.843, 60
Trd, 4318332.093, 63
Trd, 4318334.943, 60
Trd, 4318334.993, 66
Trd, 4318335.343, 119
Trd, 4318335.893, 61
Trd, 4318336.543, 64
Trd, 4318336.793, 65
Trd, 4318337.143, 138
Trd, 4318339.293, 140
Trd, 4318339.493, 140
Trd, 4318339.743, 139
Trd, 4318341.193, 139
Trd, 4318341.743, 139
Trd, 4318342.143, 140
Trd, 4318342.343, 128
Trd, 4318342.993, 114
Trd, 4318344.043, 140
Trd, 4318344.293, 124
Trd, 4318345.993, 140
Trd, 4318346.493, 140
Trd, 4318346.543, 138
Trd, 4318347.393, 140
Trd, 4318348.343, 137
Trd, 4318348.593, 136
Trd, 4318348.993, 135
Trd, 4318349.643, 61
Trd, 4318349.743, 62
Trd, 4318351.293, 140
Trd, 4318351.743, 140
Trd, 4318351.893, 136
Trd, 4318352.493, 98
Trd, 4318353.443, 139
Trd, 4318354.443, 66
Trd, 4318354.793, 60
Trd, 4318354.943, 60
Trd, 4318355.943, 67
Trd, 4318356.943, 137
Trd, 4318356.993, 107
Trd, 4318357.293, 77
Trd, 4318358.493, 68
Trd, 4318359.693, 93
Trd, 4318359.943, 60
Trd, 4318360.293, 95
Trd, 4318360.643, 62
Trd, 4318361.543, 140
Trd, 4318362.043, 138
Trd, 4318362.393, 60
Trd, 4318362.543, 102
Trd, 4318364.093, 140
Trd, 4318365.693, 140
Trd, 4318366.443, 139
Trd, 4318367.493, 139
Trd, 4318367.943, 140
Trd, 4318368.293, 140
Trd, 4318368.343, 140
Trd, 4318369.593, 140
Trd, 4318369.743, 140
Trd, 4318369.943, 93
Trd, 4318370.743, 119
Trd, 4318372.543, 138
Trd, 4318372.693, 136
Trd, 4318373.043, 139
Trd, 4318373.793, 140
Trd, 4318373.993, 137
Trd, 4318375.243, 137
Trd, 4318376.193, 140
Trd, 4318378.293, 140
Trd, 4318378.393, 140
Trd, 4318378.693, 140
Trd, 4318378.843, 139
Trd, 4318380.743, 135
Trd, 4318380.893, 80
Trd, 4318381.193, 140
Trd, 4318381.543, 140
Trd, 4318383.993, 140
Trd, 4318385.293, 140
Trd, 4318385.643, 137
Trd, 4318386.043, 85
Trd, 4318386.443, 82
Trd, 4318386.693, 105
Trd, 4318387.243, 71
Trd, 4318387.643, 139
Trd, 4318388.493, 140
Trd, 4318388.943, 140
Trd, 4318389.143, 140
Trd, 4318389.743, 139
Trd, 4318390.593, 132
Trd, 4318391.493, 137
Trd, 4318391.993, 130
Trd, 4318392.143, 129
Trd, 4318393.393, 60
Trd, 4318393.743, 61
Trd, 4318393.943, 63
Trd, 4318394.793, 139
Trd, 4318395.943, 138
Trd, 4318396.643, 60
Trd, 4318396.843, 68
Trd, 4318397.543, 140
Trd, 4318398.093, 139
Trd, 4318398.643, 137
Trd, 4318399.243, 74
Trd, 4318400.143, 60
Trd, 4318400.943, 60
Trd, 4318401.793, 60
Trd, 4318402.993, 60
Trd, 4318403.143, 60
Trd, 4318404.093, 60
Trd, 4318404.443, 62
Trd, 4318404.643, 62
Trd, 4318405.093, 64
Trd, 4318405.243, 60
Trd, 4318405.443, 75
Trd, 4318406.343, 60
Trd, 4318406.693, 139
Trd, 4318407.593, 128
Trd, 4318408.643, 60
Trd, 4318409.343, 62
Trd, 4318409.743, 63
Trd, 4318409.793, 64
Trd, 4318409.993, 67
Trd, 4318410.093, 61
Trd, 4318410.743, 90
Trd, 4318411.493, 66
Trd, 4318412.343, 140
Trd, 4318414.343, 140
Trd, 4318415.693, 140
Trd, 4318415.843, 140
Trd, 4318416.193, 139
Trd, 4318416.693, 140
Trd, 4318417.343, 140
Trd, 4318418.543, 93
Trd, 4318419.693, 140
Trd, 4318419.893, 140
Trd, 4318420.193, 138
Trd, 4318420.893, 61
Trd, 4318421.243, 66
Trd, 4318421.843, 134
Trd, 4318421.893, 91
Trd, 4318422.993, 73
Trd, 4318423.293, 140
Trd, 4318424.593, 63
Trd, 4318425.693, 60
Trd, 4318425.893, 64
Trd, 4318426.143, 65
Trd, 4318426.693, 63
Trd, 4318427.243, 63
Trd, 4318427.743, 67
Trd, 4318428.293, 61
Trd, 4318428.393, 68
Trd, 4318430.543, 61
Trd, 4318430.743, 116
Trd, 4318433.443, 60
Trd, 4318433.593, 63
Trd, 4318434.443, 62
Trd, 4318435.293, 60
Trd, 4318435.343, 63
Trd, 4318435.893, 60
Trd, 4318436.143, 61
Trd, 4318436.593, 61
Trd, 4318436.693, 65
Trd, 4318437.543, 114
Trd, 4318438.043, 140
Trd, 4318439.593, 60
Trd, 4318440.443, 61
Trd, 4318441.193, 67
Trd, 4318442.393, 60
Trd, 4318442.493, 60
Trd, 4318443.143, 63
Trd, 4318443.493, 61
Trd, 4318443.543, 62
Trd, 4318444.843, 62
Trd, 4318445.043, 61
Trd, 4318445.443, 64
Trd, 4318446.293, 61
Trd, 4318447.343, 60
Trd, 4318448.043, 140
Trd, 4318448.543, 77
Trd, 4318449.343, 140
Trd, 4318449.443, 140
Trd, 4318449.993, 138
Trd, 4318450.243, 76
Trd, 4318450.643, 61
Trd, 4318450.943, 67
Trd, 4318451.343, 67
Trd, 4318451.693, 72
Trd, 4318452.293, 139
Trd, 4318452.993, 68
Trd, 4318453.893, 140
Trd, 4318454.293, 60
Trd, 4318456.893, 62
Trd, 4318457.493, 60
Trd, 4318457.543, 60
Trd, 4318457.643, 62
Trd, 4318457.693, 62
Trd, 4318458.793, 64
Trd, 4318460.493, 60
Trd, 4318460.593, 65
Trd, 4318460.893, 69
Trd, 4318461.043, 99
Trd, 4318461.443, 61
Trd, 4318462.193, 61
Trd, 4318462.243, 62
Trd, 4318463.843, 64
Trd, 4318464.993, 60
Trd, 4318465.193, 62
Trd, 4318466.193, 60
Trd, 4318466.593, 65
Trd, 4318466.893, 87
Trd, 4318467.143, 130
Trd, 4318467.893, 61
Trd, 4318468.593, 63
Trd, 4318469.243, 61
Trd, 4318470.743, 60
Trd, 4318471.593, 60
Trd, 4318472.343, 60
Trd, 4318472.493, 60
Trd, 4318473.693, 60
Trd, 4318474.993, 60
Trd, 4318475.293, 60
Trd, 4318475.593, 60
Trd, 4318477.593, 60
Trd, 4318478.443, 61
Trd, 4318479.493, 60
Trd, 4318479.643, 61
Trd, 4318479.743, 61
Trd, 4318480.893, 60
Trd, 4318480.993, 64
Trd, 4318482.093, 61
Trd, 4318482.543, 65
Trd, 4318482.793, 69
Trd, 4318483.043, 124
Trd, 4318483.793, 136
Trd, 4318484.593, 112
Trd, 4318485.043, 63
Trd, 4318485.593, 64
Trd, 4318486.693, 62
Trd, 4318487.193, 60
Trd, 4318487.493, 64
Trd, 4318488.493, 61
Trd, 4318489.393, 61
Trd, 4318489.443, 62
Trd, 4318490.393, 60
Trd, 4318490.693, 64
Trd, 4318491.893, 60
Trd, 4318492.643, 60
Trd, 4318493.943, 60
Trd, 4318494.043, 60
Trd, 4318494.743, 67
Trd, 4318495.043, 72
Trd, 4318496.593, 61
Trd, 4318496.643, 63
Trd, 4318497.693, 62
Trd, 4318498.393, 67
Trd, 4318498.543, 65
Trd, 4318498.843, 63
Trd, 4318498.943, 64
Trd, 4318499.243, 68
Trd, 4318500.443, 136
Trd, 4318501.043, 140
Trd, 4318501.443, 96
Trd, 4318501.993, 136
Trd, 4318502.593, 140
Trd, 4318502.743, 139
Trd, 4318504.343, 139
Trd, 4318504.493, 60
Trd, 4318505.243, 60
Trd, 4318505.693, 61
Trd, 4318505.893, 62
Trd, 4318506.143, 122
Trd, 4318507.093, 139
Trd, 4318508.043, 139
Trd, 4318508.843, 140
Trd, 4318509.543, 139
Trd, 4318510.443, 139
Trd, 4318511.343, 139
Trd, 4318511.393, 135
Trd, 4318511.543, 101
Trd, 4318512.493, 63
Trd, 4318514.493, 140
Trd, 4318514.643, 140
Trd, 4318515.093, 140
Trd, 4318515.193, 140
Trd, 4318515.343, 140
Trd, 4318515.793, 140
Trd, 4318517.093, 132
Trd, 4318517.343, 110
Trd, 4318517.543, 60
Trd, 4318517.743, 60
Trd, 4318518.543, 62
Trd, 4318519.193, 60
Trd, 4318520.043, 60
Trd, 4318520.093, 63
Trd, 4318520.493, 71
Trd, 4318522.493, 140
Trd, 4318522.993, 73
Trd, 4318523.643, 60
Trd, 4318523.943, 60
Trd, 4318524.193, 61
Trd, 4318526.843, 63
Trd, 4318527.543, 60
Trd, 4318527.843, 60
Trd, 4318527.893, 64
Trd, 4318528.043, 69
Trd, 4318528.843, 136
Trd, 4318529.893, 138
Trd, 4318530.143, 112
Trd, 4318531.543, 62
Trd, 4318531.943, 140
Trd, 4318532.343, 140
Trd, 4318532.393, 139
Trd, 4318534.493, 140
Trd, 4318534.643, 139
Trd, 4318534.893, 140
Trd, 4318535.543, 139
Trd, 4318536.043, 140
Trd, 4318536.993, 140
Trd, 4318537.293, 139
Trd, 4318538.093, 140
Trd, 4318538.143, 139
Trd, 4318539.143, 60
Trd, 4318539.593, 61
Trd, 4318540.843, 140
Trd, 4318542.043, 140
Trd, 4318542.243, 140
Trd, 4318543.393, 139
Trd, 4318544.293, 140
Trd, 4318544.793, 131
Trd, 4318545.043, 140
Trd, 4318545.643, 140
Trd, 4318546.493, 140
Trd, 4318547.043, 140
Trd, 4318547.943, 139
Trd, 4318548.243, 139
Trd, 4318548.293, 137
Trd, 4318550.443, 140
Trd, 4318550.593, 140
Trd, 4318551.043, 140
Trd, 4318551.793, 140
Trd, 4318552.393, 139
Trd, 4318553.243, 140
Trd, 4318553.593, 139
Trd, 4318554.543, 140
Trd, 4318554.693, 137
Trd, 4318555.593, 90
Trd, 4318556.293, 113
Trd, 4318556.593, 138
Trd, 4318557.193, 140
Trd, 4318558.293, 140
Trd, 4318558.893, 140
Trd, 4318559.343, 140
Trd, 4318559.593, 139
Trd, 4318560.893, 131
Trd, 4318561.993, 139
Trd, 4318562.643, 138
Trd, 4318563.393, 139
Trd, 4318563.743, 127
Trd, 4318564.593, 139
Trd, 4318564.793, 138
Trd, 4318566.043, 113
Trd, 4318566.243, 62
Trd, 4318567.593, 72
Trd, 4318568.243, 117
Trd, 4318568.943, 140
Trd, 4318568.993, 63
Trd, 4318570.693, 139
Trd, 4318571.043, 140
Trd, 4318571.543, 135
Trd, 4318572.493, 82
Trd, 4318573.593, 140
Trd, 4318575.243, 140
Trd, 4318575.743, 140
Trd, 4318575.793, 140
Trd, 4318576.293, 140
Trd, 4318577.593, 140
Trd, 4318577.793, 140
Trd, 4318577.943, 139
Trd, 4318578.843, 103
Trd, 4318578.943, 94
Trd, 4318579.893, 140
Trd, 4318580.293, 140
Trd, 4318581.343, 140
Trd, 4318582.143, 139
Trd, 4318583.493, 133
Trd, 4318583.943, 137
Trd, 4318584.393, 102
Trd, 4318584.443, 94
Trd, 4318585.093, 139
Trd, 4318585.293, 109
Trd, 4318585.343, 84
Trd, 4318586.743, 140
Trd, 4318586.943, 140
Trd, 4318586.993, 140
Trd, 4318587.593, 140
Trd, 4318588.343, 60
Trd, 4318588.543, 60
Trd, 4318588.793, 61
Trd, 4318588.993, 66
Trd, 4318590.143, 63
Trd, 4318590.943, 60
Trd, 4318593.193, 60
Trd, 4318593.493, 60
Trd, 4318593.543, 60
Trd, 4318593.893, 60
Trd, 4318594.393, 60
Trd, 4318594.593, 66
Trd, 4318595.043, 68
Trd, 4318595.943, 66
Trd, 4318596.293, 62
Trd, 4318597.243, 61
Trd, 4318598.193, 60
Trd, 4318598.443, 60
Trd, 4318599.193, 62
Trd, 4318599.693, 70
Trd, 4318600.493, 60
Trd, 4318601.543, 60
Trd, 4318601.793, 60
Trd, 4318601.993, 61
Trd, 4318603.143, 140
Trd, 4318603.743, 140
Trd, 4318603.993, 139
Trd, 4318604.093, 130
Trd, 4318605.893, 60
Trd, 4318606.093, 60
Trd, 4318606.543, 68
Trd, 4318606.843, 64
Trd, 4318608.243, 63
Trd, 4318608.793, 60
Trd, 4318609.193, 66
Trd, 4318609.943, 140
Trd, 4318610.993, 140
Trd, 4318611.593, 140
Trd, 4318612.093, 140
Trd, 4318612.293, 138
Trd, 4318612.943, 138
Trd, 4318613.093, 134
Trd, 4318614.643, 123
Trd, 4318614.743, 113
Trd, 4318615.143, 113
Trd, 4318615.643, 112
Trd, 4318616.943, 140
Trd, 4318617.343, 140
Trd, 4318617.543, 140
Trd, 4318618.293, 60
Trd, 4318618.393, 60
Trd, 4318619.543, 61
Trd, 4318619.993, 79
Trd, 4318621.343, 61
Trd, 4318622.343, 63
Trd, 4318622.643, 60
Trd, 4318623.193, 60
Trd, 4318623.693, 60
Trd, 4318624.443, 60
Trd, 4318625.343, 60
Trd, 4318625.393, 61
Trd, 4318625.743, 63
Trd, 4318626.843, 62
Trd, 4318627.493, 62
Trd, 4318627.693, 63
Trd, 4318628.943, 68
Trd, 4318629.343, 62
Trd, 4318629.693, 64
Trd, 4318629.743, 70
Trd, 4318630.243, 140
Trd, 4318630.493, 138
Trd, 4318631.543, 62
Trd, 4318631.643, 63
Trd, 4318632.443, 133
Trd, 4318633.893, 67
Trd, 4318634.493, 63
Trd, 4318634.793, 60
Trd, 4318636.143, 62
Trd, 4318636.543, 60
Trd, 4318637.943, 60
Trd, 4318637.993, 60
Trd, 4318638.343, 62
Trd, 4318638.443, 63
Trd, 4318639.043, 63
Trd, 4318640.143, 60
Trd, 4318640.293, 60
Trd, 4318641.393, 60
Trd, 4318642.543, 62
Trd, 4318643.343, 60
Trd, 4318643.843, 60
Trd, 4318645.193, 60
Trd, 4318645.993, 60
Trd, 4318646.043, 62
Trd, 4318646.243, 63
Trd, 4318646.393, 76
Trd, 4318646.743, 61
Trd, 4318647.643, 64
Trd, 4318648.443, 75
Trd, 4318650.193, 61
Trd, 4318650.993, 63
Trd, 4318651.193, 65
Trd, 4318652.043, 63
Trd, 4318652.193, 70
Trd, 4318652.393, 60
Trd, 4318652.493, 65
Trd, 4318652.593, 140
Trd, 4318653.093, 140
Trd, 4318653.493, 140
Trd, 4318656.793, 140
Trd, 4318656.843, 138
Trd, 4318657.043, 138
Trd, 4318657.243, 138
Trd, 4318657.943, 139
Trd, 4318658.243, 140
Trd, 4318658.593, 138
Trd, 4318659.043, 80
Trd, 4318660.643, 139
Trd, 4318661.743, 131
Trd, 4318662.543, 130
Trd, 4318663.543, 66
Trd, 4318663.893, 140
Trd, 4318663.993, 140
Trd, 4318664.893, 140
Trd, 4318665.193, 140
Trd, 4318668.643, 140
Trd, 4318669.393, 140
Trd, 4318669.593, 140
Trd, 4318669.843, 140
Trd, 4318670.493, 140
Trd, 4318670.893, 140
Trd, 4318671.043, 139
Trd, 4318672.243, 139
Trd, 4318673.743, 140
Trd, 4318674.343, 140
Trd, 4318674.593, 140
Trd, 4318674.993, 140
Trd, 4318675.043, 123
Trd, 4318676.093, 140
Trd, 4318676.343, 140
Trd, 4318676.593, 99
Trd, 4318678.293, 140
Trd, 4318678.543, 121
Trd, 4318678.693, 94
Trd, 4318679.143, 140
Trd, 4318679.193, 140
Trd, 4318679.693, 134
Trd, 4318681.693, 60
Trd, 4318682.143, 139
Trd, 4318682.993, 60
Trd, 4318683.093, 63
Trd, 4318683.643, 60
Trd, 4318684.793, 60
Trd, 4318685.993, 60
Trd, 4318686.243, 60
Trd, 4318686.493, 68
Trd, 4318687.593, 69
Trd, 4318687.893, 60
Trd, 4318688.593, 60
Trd, 4318689.543, 60
Trd, 4318690.843, 63
Trd, 4318691.643, 62
Trd, 4318691.843, 63
Trd, 4318692.493, 65
Trd, 4318693.343, 140
Trd, 4318693.493, 137
Trd, 4318693.993, 132
Trd, 4318694.843, 60
Trd, 4318694.893, 60
Trd, 4318695.543, 60
Trd, 4318695.643, 74
Trd, 4318697.243, 140
Trd, 4318697.293, 140
Trd, 4318697.693, 140
Trd, 4318697.843, 138
Trd, 4318699.893, 140
Trd, 4318699.943, 140
Trd, 4318700.593, 139
Trd, 4318700.643, 136
Trd, 4318700.743, 96
Trd, 4318702.893, 140
Trd, 4318703.093, 139
Trd, 4318703.943, 139
Trd, 4318703.993, 138
Trd, 4318706.143, 140
Trd, 4318706.393, 140
Trd, 4318706.693, 140
Trd, 4318707.143, 140
Trd, 4318708.243, 140
Trd, 4318708.593, 137
Trd, 4318709.743, 109
Trd, 4318709.993, 110
Trd, 4318710.793, 140
Trd, 4318711.293, 140
Trd, 4318712.293, 140
Trd, 4318713.443, 139
Trd, 4318713.893, 138
Trd, 4318714.043, 95
Trd, 4318714.843, 140
Trd, 4318715.743, 140
Trd, 4318716.293, 139
Trd, 4318716.943, 133
Trd, 4318717.443, 140
Trd, 4318718.043, 132
Trd, 4318718.793, 60
Trd, 4318719.193, 60
Trd, 4318720.143, 60
Trd, 4318720.593, 68
Trd, 4318721.793, 60
Trd, 4318721.893, 60
Trd, 4318722.193, 63
Trd, 4318722.243, 66
Trd, 4318722.643, 60
Trd, 4318724.143, 139
Trd, 4318725.143, 61
Trd, 4318725.393, 110
Trd, 4318725.893, 140
Trd, 4318726.343, 126
Trd, 4318727.993, 125
Trd, 4318728.693, 74
Trd, 4318729.443, 139
Trd, 4318729.843, 138
Trd, 4318730.243, 139
Trd, 4318730.993, 71
Trd, 4318731.293, 140
Trd, 4318731.593, 140
Trd, 4318732.393, 108
Trd, 4318733.493, 60
Trd, 4318734.443, 60
Trd, 4318734.843, 60
Trd, 4318735.793, 60
Trd, 4318736.243, 61
Trd, 4318736.343, 62
Trd, 4318736.693, 63
Trd, 4318736.843, 66
Trd, 4318737.343, 60
Trd, 4318737.843, 60
Trd, 4318738.293, 60
Trd, 4318738.743, 62
Trd, 4318739.993, 84
Trd, 4318740.493, 105
Trd, 4318741.093, 101
Trd, 4318741.443, 139
Trd, 4318742.093, 137
Trd, 4318742.343, 112
Trd, 4318742.843, 138
Trd, 4318744.043, 139
Trd, 4318744.693, 120
Trd, 4318745.643, 130
Trd, 4318746.043, 140
Trd, 4318746.543, 140
Trd, 4318746.843, 140
Trd, 4318748.293, 140
Trd, 4318749.593, 140
Trd, 4318749.893, 140
Trd, 4318750.343, 138
Trd, 4318750.993, 134
Trd, 4318751.343, 139
Trd, 4318752.393, 120
Trd, 4318752.693, 136
Trd, 4318752.843, 118
Trd, 4318753.343, 60
Trd, 4318754.593, 137
Trd, 4318754.893, 140
Trd, 4318755.593, 140
Trd, 4318755.743, 137
Trd, 4318756.193, 111
Trd, 4318756.593, 112
Trd, 4318758.393, 140
Trd, 4318758.693, 140
Trd, 4318759.143, 140
Trd, 4318759.193, 132
Trd, 4318760.643, 140
Trd, 4318761.743, 140
Trd, 4318761.893, 139
Trd, 4318762.993, 140
Trd, 4318763.243, 140
Trd, 4318763.443, 140
Trd, 4318763.843, 136
Trd, 4318764.293, 137
Trd, 4318764.893, 128
Trd, 4318766.243, 140
Trd, 4318766.793, 140
Trd, 4318767.093, 138
Trd, 4318767.443, 131
Trd, 4318768.593, 61
Trd, 4318768.843, 117
Trd, 4318771.243, 60
Trd, 4318771.743, 62
Trd, 4318771.893, 74
Trd, 4318771.943, 111
Trd, 4318773.293, 140
Trd, 4318773.643, 132
Trd, 4318773.943, 118
Trd, 4318774.993, 140
Trd, 4318775.143, 100
Trd, 4318775.643, 140
Trd, 4318776.543, 60
Trd, 4318776.793, 67
Trd, 4318777.843, 60
Trd, 4318779.043, 60
Trd, 4318780.043, 60
Trd, 4318780.493, 60
Trd, 4318780.743, 60
Trd, 4318780.893, 61
Trd, 4318782.243, 60
Trd, 4318783.293, 61
Trd, 4318784.293, 61
Trd, 4318785.093, 61
Trd, 4318785.343, 62
Trd, 4318785.493, 62
Trd, 4318786.593, 63
Trd, 4318786.643, 68
Trd, 4318787.243, 106
Trd, 4318787.843, 140
Trd, 4318788.993, 112
Trd, 4318789.143, 111
Trd, 4318789.593, 139
Trd, 4318790.843, 140
Trd, 4318791.743, 140
Trd, 4318791.993, 140
Trd, 4318792.443, 140
Trd, 4318793.793, 140
Trd, 4318794.493, 139
Trd, 4318794.643, 135
Trd, 4318794.843, 130
Trd, 4318795.443, 140
Trd, 4318797.993, 139
Trd, 4318798.893, 140
Trd, 4318799.243, 140
Trd, 4318799.993, 140
Trd, 4318801.043, 140
Trd, 4318802.143, 139
Trd, 4318802.293, 136
Trd, 4318802.493, 62
Trd, 4318802.893, 62
Trd, 4318802.943, 63
Trd, 4318803.993, 60
Trd, 4318804.943, 60
Trd, 4318805.193, 61
Trd, 4318805.593, 60
Trd, 4318806.193, 60
Trd, 4318806.543, 60
Trd, 4318806.793, 64
Trd, 4318807.693, 61
Trd, 4318808.293, 60
Trd, 4318808.343, 61
Trd, 4318808.793, 66
Trd, 4318810.293, 137
Trd, 4318810.543, 136
Trd, 4318812.243, 140
Trd, 4318812.643, 134
Trd, 4318812.793, 80
Trd, 4318813.693, 140
Trd, 4318814.343, 65
Trd, 4318815.443, 140
Trd, 4318815.843, 139
Trd, 4318816.493, 140
Trd, 4318817.293, 72
Trd, 4318817.643, 98
Trd, 4318817.943, 136
Trd, 4318818.243, 62
Trd, 4318818.693, 60
Trd, 4318819.443, 139
Trd, 4318819.643, 122
Trd, 4318820.493, 140
Trd, 4318821.543, 140
Trd, 4318821.993, 140
Trd, 4318823.493, 140
Trd, 4318823.793, 140
Trd, 4318823.893, 140
Trd, 4318824.393, 68
Trd, 4318825.093, 68
Trd, 4318825.143, 69
Trd, 4318826.743, 60
Trd, 4318826.943, 62
Trd, 4318827.693, 125
Trd, 4318827.993, 121
Trd, 4318828.193, 138
Trd, 4318829.343, 139
Trd, 4318829.643, 79
Trd, 4318830.493, 81
Trd, 4318831.393, 138
Trd, 4318831.843, 140
Trd, 4318832.043, 116
Trd, 4318834.143, 140
Trd, 4318835.393, 140
Trd, 4318835.793, 140
Trd, 4318836.093, 140
Trd, 4318836.193, 140
Trd, 4318836.993, 140
Trd, 4318837.093, 140
Trd, 4318837.143, 140
Trd, 4318838.043, 134
Trd, 4318838.243, 138
Trd, 4318840.193, 139
Trd, 4318841.143, 140
Trd, 4318841.543, 140
Trd, 4318842.443, 138
Trd, 4318842.793, 137
Trd, 4318843.293, 127
Trd, 4318844.393, 140
Trd, 4318845.093, 140
Trd, 4318845.843, 140
Trd, 4318846.293, 140
Trd, 4318846.893, 140
Trd, 4318847.893, 139
Trd, 4318848.443, 138
Trd, 4318849.543, 139
Trd, 4318850.693, 131
Trd, 4318850.943, 130
Trd, 4318851.143, 86
Trd, 4318851.343, 74
Trd, 4318852.593, 140
Trd, 4318853.993, 140
Trd, 4318854.193, 140
Trd, 4318854.493, 139
Trd, 4318854.643, 138
Trd, 4318856.343, 140
Trd, 4318857.093, 139
Trd, 4318857.443, 139
Trd, 4318857.493, 138
Trd, 4318858.093, 137
Trd, 4318858.693, 138
Trd, 4318859.693, 139
Trd, 4318860.093, 139
Trd, 4318860.893, 140
Trd, 4318861.043, 139
Trd, 4318861.893, 83
Trd, 4318862.593, 136
Trd, 4318863.693, 140
Trd, 4318865.643, 60
Trd, 4318865.993, 60
Trd, 4318866.543, 60
Trd, 4318866.593, 61
Trd, 4318866.793, 60
Trd, 4318867.793, 132
Trd, 4318868.343, 140
Trd, 4318869.443, 94
Trd, 4318869.643, 75
Trd, 4318870.743, 140
Trd, 4318871.343, 74
Trd, 4318871.593, 64
Trd, 4318872.793, 133
Trd, 4318873.243, 138
Trd, 4318873.443, 113
Trd, 4318873.643, 140
Trd, 4318873.743, 139
Trd, 4318874.243, 60
Trd, 4318874.893, 60
Trd, 4318875.743, 60
Trd, 4318876.343, 138
Trd, 4318877.193, 140
Trd, 4318877.693, 139
Trd, 4318878.243, 67
Trd, 4318880.193, 140
Trd, 4318880.243, 140
Trd, 4318880.343, 97
Trd, 4318881.293, 140
Trd, 4318882.893, 140
Trd, 4318882.943, 140
Trd, 4318883.993, 140
Trd, 4318884.543, 136
Trd, 4318885.243, 136
Trd, 4318886.143, 137
Trd, 4318886.293, 140
Trd, 4318887.343, 139
Trd, 4318888.293, 140
Trd, 4318888.543, 140
Trd, 4318889.143, 140
Trd, 4318890.143, 140
Trd, 4318890.793, 140
Trd, 4318890.993, 139
Trd, 4318891.093, 83
Trd, 4318892.993, 140
Trd, 4318893.543, 140
Trd, 4318893.593, 134
Trd, 4318893.643, 130
Trd, 4318894.493, 83
Trd, 4318894.743, 84
Trd, 4318895.793, 105
Trd, 4318895.943, 117
Trd, 4318896.593, 105
Trd, 4318896.943, 132
Trd, 4318897.443, 140
Trd, 4318898.093, 139
Trd, 4318898.193, 103
Trd, 4318898.443, 79
Trd, 4318898.993, 140
Trd, 4318900.693, 126
Trd, 4318901.093, 138
Trd, 4318901.693, 120
Trd, 4318902.643, 140
Trd, 4318903.093, 139
Trd, 4318904.893, 140
Trd, 4318905.243, 107
Trd, 4318905.343, 97
Trd, 4318905.893, 60
Trd, 4318906.393, 60
Trd, 4318906.593, 60
Trd, 4318906.793, 67
Trd, 4318907.943, 61
Trd, 4318908.543, 62
Trd, 4318909.243, 61
Trd, 4318909.543, 64
Trd, 4318911.393, 61
Trd, 4318912.493, 62
Trd, 4318913.543, 62
Trd, 4318913.643, 67
Trd, 4318914.143, 60
Trd, 4318915.493, 60
Trd, 4318915.693, 64
Trd, 4318915.893, 69
Trd, 4318916.143, 70
Trd, 4318918.393, 140
Trd, 4318918.743, 140
Trd, 4318919.043, 140
Trd, 4318919.493, 140
Trd, 4318919.693, 140
Trd, 4318920.743, 140
Trd, 4318921.593, 138
Trd, 4318922.093, 139
Trd, 4318923.143, 140
Trd, 4318924.243, 140
Trd, 4318924.293, 140
Trd, 4318925.593, 140
Trd, 4318925.893, 138
Trd, 4318926.543, 140
Trd, 4318926.643, 114
Trd, 4318927.343, 131
Trd, 4318928.043, 115
Trd, 4318929.793, 60
Trd, 4318929.993, 60
Trd, 4318930.043, 71
Trd, 4318930.593, 140
Trd, 4318930.693, 122
Trd, 4318931.393, 140
Trd, 4318932.493, 140
Trd, 4318932.893, 140
Trd, 4318934.993, 140
Trd, 4318935.543, 140
Trd, 4318936.093, 139
Trd, 4318937.193, 140
Trd, 4318937.493, 133
Trd, 4318939.643, 140
Trd, 4318939.693, 140
Trd, 4318940.193, 139
Trd, 4318941.743, 137
Trd, 4318942.193, 140
Trd, 4318943.193, 140
Trd, 4318943.893, 140
Trd, 4318943.943, 139
Trd, 4318945.643, 139
Trd, 4318945.893, 139
Trd, 4318946.093, 68
Trd, 4318946.443, 65
Trd, 4318947.243, 75
Trd, 4318948.843, 61
Trd, 4318948.993, 62
Trd, 4318949.093, 87
Trd, 4318950.743, 62
Trd, 4318951.093, 65
Trd, 4318951.793, 70
Trd, 4318952.743, 63
Trd, 4318953.393, 60
Trd, 4318953.443, 63
Trd, 4318954.293, 62
Trd, 4318954.943, 60
Trd, 4318955.293, 63
Trd, 4318956.143, 61
Trd, 4318957.193, 62
Trd, 4318957.393, 61
Trd, 4318958.243, 67
Trd, 4318959.193, 61
Trd, 4318960.393, 60
Trd, 4318961.293, 61
Trd, 4318961.793, 62
Trd, 4318961.893, 63
Trd, 4318962.643, 66
Trd, 4318963.343, 60
Trd, 4318963.793, 63
Trd, 4318964.393, 65
Trd, 4318964.493, 120
Trd, 4318965.243, 63
Trd, 4318965.493, 81
Trd, 4318966.743, 139
Trd, 4318966.843, 61
Trd, 4318967.293, 137
Trd, 4318968.493, 69
Trd, 4318968.843, 96
Trd, 4318969.143, 99
Trd, 4318969.643, 63
Trd, 4318970.593, 62
Trd, 4318970.643, 67
Trd, 4318971.493, 61
Trd, 4318972.793, 92
Trd, 4318972.893, 66
Trd, 4318974.093, 140
Trd, 4318975.393, 139
Trd, 4318975.443, 136
Trd, 4318975.643, 72
Trd, 4318976.343, 61
Trd, 4318977.543, 60
Trd, 4318978.243, 61
Trd, 4318978.443, 62
Trd, 4318979.293, 60
Trd, 4318979.343, 97
Trd, 4318980.693, 60
Trd, 4318981.943, 60
Trd, 4318983.593, 60
Trd, 4318983.943, 60
Trd, 4318984.393, 60
Trd, 4318984.693, 60
Trd, 4318985.393, 60
Trd, 4318985.693, 64
Trd, 4318986.093, 66
Trd, 4318986.493, 63
Trd, 4318986.743, 69
Trd, 4318987.193, 60
Trd, 4318988.093, 60
Trd, 4318989.943, 60
Trd, 4318990.643, 61
Trd, 4318991.243, 63
Trd, 4318991.743, 63
Trd, 4318992.643, 60
Trd, 4318993.243, 65
Trd, 4318994.193, 61
Trd, 4318994.643, 66
Trd, 4318994.793, 60
Trd, 4318995.243, 139
Trd, 4318995.793, 140
Trd, 4318996.493, 139
Trd, 4318998.193, 140
Trd, 4318998.543, 139
Trd, 4318998.793, 90
Trd, 4318999.193, 114
Trd, 4318999.293, 89
Trd, 4318999.993, 124
Trd, 4319001.093, 140
Trd, 4319001.143, 118
Trd, 4319002.493, 60
Trd, 4319002.743, 60
Trd, 4319003.643, 68
Trd, 4319004.093, 119
Trd, 4319006.643, 60
Trd, 4319006.893, 60
Trd, 4319007.543, 61
Trd, 4319007.643, 62
Trd, 4319008.593, 140
Trd, 4319009.193, 140
Trd, 4319009.743, 140
Trd, 4319009.993, 117
Trd, 4319010.143, 77
Trd, 4319011.443, 140
Trd, 4319011.693, 139
Trd, 4319011.793, 140
Trd, 4319012.643, 68
Trd, 4319013.893, 140
Trd, 4319013.993, 139
Trd, 4319014.443, 140
Trd, 4319014.493, 138
Trd, 4319015.193, 74
Trd, 4319015.893, 61
Trd, 4319016.443, 68
Trd, 4319016.843, 65
Trd, 4319017.293, 62
Trd, 4319018.393, 63
Trd, 4319019.043, 61
Trd, 4319019.493, 129
Trd, 4319019.843, 136
Trd, 4319021.593, 140
Trd, 4319022.693, 140
Trd, 4319022.793, 139
Trd, 4319023.093, 140
Trd, 4319023.343, 124
Trd, 4319024.443, 64
Trd, 4319024.493, 90
Trd, 4319024.693, 66
Trd, 4319025.243, 73
Trd, 4319025.693, 68
Trd, 4319027.493, 60
Trd, 4319028.093, 61
Trd, 4319028.493, 62
Trd, 4319030.293, 73
Trd, 4319030.643, 138
Trd, 4319030.993, 78
Trd, 4319031.193, 77
Trd, 4319032.743, 62
Trd, 4319033.993, 61
Trd, 4319034.143, 62
Trd, 4319034.593, 105
Trd, 4319034.943, 65
Trd, 4319036.093, 63
Trd, 4319036.293, 66
Trd, 4319037.243, 65
Trd, 4319037.893, 140
Trd, 4319038.943, 60
Trd, 4319039.743, 60
Trd, 4319039.793, 67
Trd, 4319040.293, 60
Trd, 4319040.343, 67
Trd, 4319041.593, 60
Trd, 4319042.343, 60
Trd, 4319043.743, 140
Trd, 4319043.943, 140
Trd, 4319045.243, 140
Trd, 4319046.093, 140
Trd, 4319046.543, 140
Trd, 4319046.843, 137
Trd, 4319046.943, 90
Trd, 4319048.143, 140
Trd, 4319048.393, 140
Trd, 4319048.843, 139
Trd, 4319050.343, 140
Trd, 4319051.093, 140
Trd, 4319051.893, 140
Trd, 4319052.243, 130
Trd, 4319052.393, 139
Trd, 4319053.093, 137
Trd, 4319054.293, 140
Trd, 4319054.743, 140
Trd, 4319054.893, 140
Trd, 4319056.043, 112
Trd, 4319056.793, 140
Trd, 4319057.493, 140
Trd, 4319057.793, 139
Trd, 4319058.243, 140
Trd, 4319060.093, 140
Trd, 4319060.193, 128
Trd, 4319060.493, 110
Trd, 4319061.943, 140
Trd, 4319063.043, 140
Trd, 4319063.893, 140
Trd, 4319064.193, 128
Trd, 4319064.543, 136
Trd, 4319064.793, 137
Trd, 4319064.943, 139
Trd, 4319066.493, 140
Trd, 4319066.593, 140
Trd, 4319067.343, 138
Trd, 4319068.493, 140
Trd, 4319069.643, 139
Trd, 4319069.843, 140
Trd, 4319071.093, 139
Trd, 4319071.593, 140
Trd, 4319071.693, 140
Trd, 4319072.793, 104
Trd, 4319072.993, 73
Trd, 4319073.193, 107
Trd, 4319073.693, 140
Trd, 4319074.393, 112
Trd, 4319075.193, 61
Trd, 4319076.593, 60
Trd, 4319077.693, 60
Trd, 4319077.993, 63
Trd, 4319078.093, 73
Trd, 4319078.293, 99
Trd, 4319078.793, 132
Trd, 4319080.193, 140
Trd, 4319080.943, 99
Trd, 4319081.193, 78
Trd, 4319082.293, 140
Trd, 4319082.693, 140
Trd, 4319083.043, 139
Trd, 4319083.843, 140
Trd, 4319084.243, 139
Trd, 4319085.293, 139
Trd, 4319085.393, 138
Trd, 4319085.793, 116
Trd, 4319087.493, 140
Trd, 4319087.893, 140
Trd, 4319088.593, 140
Trd, 4319088.643, 136
Trd, 4319090.143, 140
Trd, 4319090.393, 60
Trd, 4319091.143, 135
Trd, 4319091.493, 140
Trd, 4319091.743, 139
Trd, 4319092.243, 63
Trd, 4319092.393, 63
Trd, 4319093.643, 60
Trd, 4319093.793, 60
Trd, 4319094.043, 61
Trd, 4319096.193, 61
Trd, 4319096.443, 65
Trd, 4319096.543, 81
Trd, 4319097.193, 117
Trd, 4319097.393, 68
Trd, 4319097.993, 67
Trd, 4319098.393, 62
Trd, 4319099.743, 140
Trd, 4319100.293, 140
Trd, 4319100.643, 123
Trd, 4319100.793, 115
Trd, 4319100.993, 70
Trd, 4319101.593, 140
Trd, 4319102.243, 139
Trd, 4319103.393, 138
Trd, 4319103.443, 136
Trd, 4319104.543, 60
Trd, 4319105.043, 60
Trd, 4319105.643, 63
Trd, 4319105.893, 63
Trd, 4319106.293, 66
Trd, 4319107.943, 139
Trd, 4319108.393, 138
Trd, 4319108.593, 139
Trd, 4319108.693, 99
Trd, 4319110.443, 140
Trd, 4319110.693, 69
Trd, 4319111.843, 140
Trd, 4319111.943, 140
Trd, 4319111.993, 130
Trd, 4319113.043, 64
Trd, 4319113.643, 62
Trd, 4319113.843, 63
Trd, 4319113.893, 65
Trd, 4319115.343, 109
Trd, 4319116.143, 60
Trd, 4319116.893, 61
Trd, 4319117.343, 140
Trd, 4319117.543, 138
Trd, 4319118.243, 62
Trd, 4319118.443, 66
Trd, 4319119.643, 63
Trd, 4319120.143, 62
Trd, 4319120.543, 105
Trd, 4319122.443, 140
Trd, 4319122.543, 140
Trd, 4319122.893, 140
Trd, 4319123.393, 140
Trd, 4319123.493, 105
Trd, 4319124.343, 140
Trd, 4319125.193, 65
Trd, 4319125.993, 140
Trd, 4319126.143, 140
Trd, 4319127.143, 70
Trd, 4319127.693, 60
Trd, 4319128.143, 86
Trd, 4319128.693, 83
Trd, 4319129.043, 85
Trd, 4319129.193, 64
Trd, 4319129.593, 87
Trd, 4319130.743, 61
Trd, 4319131.943, 61
Trd, 4319132.043, 68
Trd, 4319133.193, 61
Trd, 4319133.393, 62
Trd, 4319133.643, 94
Trd, 4319134.343, 63
Trd, 4319134.593, 138
Trd, 4319134.693, 64
Trd, 4319135.993, 91
Trd, 4319136.593, 135
Trd, 4319137.893, 140
Trd, 4319138.093, 139
Trd, 4319138.743, 62
Trd, 4319139.493, 60
Trd, 4319140.493, 60
Trd, 4319140.743, 62
Trd, 4319140.943, 65
Trd, 4319141.243, 63
Trd, 4319142.593, 63
Trd, 4319142.943, 64
Trd, 4319143.043, 65
Trd, 4319143.343, 140
Trd, 4319143.393, 139
Trd, 4319144.493, 138
Trd, 4319146.343, 140
Trd, 4319146.593, 140
Trd, 4319148.143, 140
Trd, 4319148.393, 123
Trd, 4319149.443, 60
Trd, 4319150.293, 60
Trd, 4319150.393, 60
Trd, 4319151.543, 60
Trd, 4319151.993, 63
Trd, 4319152.843, 60
Trd, 4319153.043, 65
Trd, 4319153.193, 65
Trd, 4319154.243, 94
Trd, 4319155.493, 140
Trd, 4319155.543, 139
Trd, 4319155.793, 109
Trd, 4319156.843, 63
Trd, 4319156.893, 67
Trd, 4319157.393, 61
Trd, 4319158.193, 61
Trd, 4319159.543, 63
Trd, 4319160.343, 116
Trd, 4319160.443, 115
Trd, 4319160.793, 81
Trd, 4319161.543, 140
Trd, 4319161.693, 138
Trd, 4319163.043, 139
Trd, 4319163.743, 140
Trd, 4319164.293, 140
Trd, 4319164.393, 139
Trd, 4319165.693, 140
Trd, 4319166.043, 72
Trd, 4319166.993, 60
Trd, 4319167.643, 62
Trd, 4319168.493, 60
Trd, 4319169.293, 61
Trd, 4319169.993, 60
Trd, 4319170.393, 62
Trd, 4319170.693, 60
Trd, 4319170.993, 60
Trd, 4319171.343, 67
Trd, 4319173.493, 140
Trd, 4319174.243, 140
Trd, 4319175.493, 140
Trd, 4319175.543, 140
Trd, 4319177.043, 140
Trd, 4319177.093, 140
Trd, 4319177.843, 140
Trd, 4319178.043, 140
Trd, 4319178.193, 140
Trd, 4319178.443, 140
Trd, 4319178.643, 139
Trd, 4319178.743, 136
Trd, 4319180.043, 140
Trd, 4319180.743, 140
Trd, 4319181.593, 140
Trd, 4319181.943, 140
Trd, 4319182.143, 64
Trd, 4319183.193, 60
Trd, 4319183.393, 61
Trd, 4319183.643, 73
Trd, 4319184.543, 60
Trd, 4319186.443, 60
Trd, 4319186.943, 60
Trd, 4319186.993, 63
Trd, 4319187.493, 140
Trd, 4319188.043, 140
Trd, 4319188.343, 139
Trd, 4319188.493, 140
Trd, 4319190.293, 61
Trd, 4319190.493, 62
Trd, 4319190.593, 66
Trd, 4319191.643, 60
Trd, 4319192.093, 60
Trd, 4319192.793, 60
Trd, 4319193.243, 61
Trd, 4319193.493, 65
Trd, 4319194.443, 60
Trd, 4319196.493, 60
Trd, 4319196.643, 60
Trd, 4319196.893, 61
Trd, 4319197.343, 60
Trd, 4319198.043, 140
Trd, 4319198.093, 140
Trd, 4319199.243, 61
Trd, 4319200.543, 140
Trd, 4319200.993, 140
Trd, 4319202.893, 140
Trd, 4319203.293, 140
Trd, 4319203.543, 140
Trd, 4319203.693, 140
Trd, 4319203.943, 61
Trd, 4319204.793, 77
Trd, 4319204.843, 78
Trd, 4319205.593, 62
Trd, 4319206.693, 140
Trd, 4319206.743, 139
Trd, 4319207.843, 60
Trd, 4319208.043, 138
Trd, 4319209.043, 118
Trd, 4319209.493, 139
Trd, 4319210.293, 140
Trd, 4319210.893, 67
Trd, 4319211.443, 72
Trd, 4319213.193, 140
Trd, 4319214.693, 140
Trd, 4319214.993, 140
Trd, 4319216.093, 140
Trd, 4319216.543, 139
Trd, 4319218.093, 140
Trd, 4319218.493, 136
Trd, 4319219.593, 136
Trd, 4319219.893, 131
Trd, 4319220.993, 140
Trd, 4319221.693, 140
Trd, 4319222.293, 140
Trd, 4319222.843, 139
Trd, 4319223.543, 140
Trd, 4319224.293, 140
Trd, 4319224.593, 140
Trd, 4319225.393, 139
Trd, 4319226.443, 140
Trd, 4319227.593, 138
Trd, 4319227.843, 140
Trd, 4319228.093, 135
Trd, 4319228.243, 138
Trd, 4319229.193, 137
Trd, 4319229.743, 139
Trd, 4319230.193, 138
Trd, 4319230.493, 139
Trd, 4319231.043, 138
Trd, 4319232.293, 139
Trd, 4319232.793, 139
Trd, 4319233.443, 140
Trd, 4319233.743, 74
Trd, 4319235.243, 140
Trd, 4319235.693, 140
Trd, 4319236.343, 139
Trd, 4319236.393, 136
Trd, 4319237.343, 66
Trd, 4319237.543, 65
Trd, 4319238.843, 139
Trd, 4319239.643, 140
Trd, 4319239.843, 140
Trd, 4319240.193, 140
Trd, 4319240.893, 136
Trd, 4319241.093, 103
Trd, 4319243.443, 140
Trd, 4319243.593, 140
Trd, 4319244.093, 140
Trd, 4319244.843, 139
Trd, 4319245.293, 140
Trd, 4319245.543, 139
Trd, 4319246.193, 140
Trd, 4319247.443, 140
Trd, 4319247.993, 140
Trd, 4319248.243, 139
Trd, 4319249.843, 139
Trd, 4319251.093, 140
Trd, 4319252.143, 88
Trd, 4319253.243, 140
Trd, 4319253.493, 135
Trd, 4319253.643, 122
Trd, 4319254.543, 140
Trd, 4319255.643, 140
Trd, 4319256.043, 140
Trd, 4319256.343, 140
Trd, 4319256.943, 140
Trd, 4319257.643, 140
Trd, 4319258.043, 126
Trd, 4319258.893, 140
Trd, 4319259.543, 140
Trd, 4319259.943, 97
Trd, 4319260.593, 140
Trd, 4319261.843, 140
Trd, 4319262.593, 139
Trd, 4319263.293, 140
Trd, 4319263.493, 138
Trd, 4319263.643, 61
Trd, 4319265.393, 63
Trd, 4319265.693, 60
Trd, 4319266.043, 61
Trd, 4319266.343, 62
Trd, 4319268.443, 138
Trd, 4319268.743, 140
Trd, 4319269.543, 140
Trd, 4319270.643, 140
Trd, 4319270.893, 140
Trd, 4319270.993, 140
Trd, 4319271.593, 139
Trd, 4319272.543, 140
Trd, 4319273.193, 139
Trd, 4319273.643, 139
Trd, 4319273.693, 136
Trd, 4319274.543, 138
Trd, 4319276.443, 60
Trd, 4319276.693, 138
Trd, 4319277.043, 72
Trd, 4319277.643, 76
Trd, 4319279.243, 139
Trd, 4319279.293, 139
Trd, 4319279.843, 69
Trd, 4319280.893, 60
Trd, 4319281.243, 79
Trd, 4319281.493, 138
Trd, 4319282.893, 140
Trd, 4319283.343, 140
Trd, 4319283.693, 139
Trd, 4319284.343, 140
Trd, 4319284.893, 138
Trd, 4319285.543, 130
Trd, 4319286.093, 102
Trd, 4319286.693, 140
Trd, 4319286.993, 139
Trd, 4319287.543, 69
Trd, 4319287.743, 70
Trd, 4319288.593, 61
Trd, 4319288.693, 60
Trd, 4319289.343, 61
Trd, 4319290.343, 64
Trd, 4319290.743, 98
Trd, 4319293.843, 63
Trd, 4319294.643, 60
Trd, 4319295.493, 60
Trd, 4319296.443, 60
Trd, 4319296.743, 60
Trd, 4319296.793, 60
Trd, 4319297.293, 61
Trd, 4319297.543, 65
Trd, 4319298.593, 61
Trd, 4319299.343, 64
Trd, 4319299.493, 65
Trd, 4319300.443, 60
Trd, 4319301.043, 69
Trd, 4319301.593, 65
Trd, 4319301.693, 61
Trd, 4319303.493, 61
Trd, 4319304.843, 62
Trd, 4319305.293, 110
Trd, 4319305.843, 138
Trd, 4319307.043, 140
Trd, 4319307.643, 140
Trd, 4319307.943, 137
Trd, 4319307.993, 134
Trd, 4319308.243, 60
Trd, 4319310.343, 60
Trd, 4319310.793, 60
Trd, 4319310.993, 61
Trd, 4319311.443, 60
Trd, 4319311.843, 68
Trd, 4319312.543, 133
Trd, 4319312.793, 68
Trd, 4319313.943, 62
Trd, 4319314.993, 60
Trd, 4319315.693, 60
Trd, 4319315.843, 61
Trd, 4319317.193, 65
Trd, 4319317.443, 76
Trd, 4319317.593, 75
Trd, 4319317.943, 97
Trd, 4319317.993, 98
Trd, 4319318.643, 64
Trd, 4319319.243, 104
Trd, 4319319.743, 62
Trd, 4319320.443, 77
Trd, 4319321.793, 60
Trd, 4319322.943, 60
Trd, 4319323.293, 61
Trd, 4319324.193, 63
Trd, 4319324.993, 64
Trd, 4319325.643, 65
Trd, 4319325.693, 65
Trd, 4319326.493, 79
Trd, 4319327.293, 98
Trd, 4319327.443, 139
Trd, 4319327.993, 60
Trd, 4319329.493, 60
Trd, 4319329.643, 60
Trd, 4319330.443, 62
Trd, 4319330.993, 61
Trd, 4319331.293, 66
Trd, 4319331.743, 61
Trd, 4319332.843, 61
Trd, 4319333.393, 61
Trd, 4319333.643, 61
Trd, 4319333.943, 61
Trd, 4319334.343, 76
Trd, 4319335.743, 60
Trd, 4319336.093, 60
Trd, 4319337.543, 60
Trd, 4319338.243, 60
Trd, 4319338.593, 64
Trd, 4319339.243, 140
Trd, 4319339.993, 60
Trd, 4319340.593, 65
Trd, 4319341.893, 62
Trd, 4319342.143, 64
Trd, 4319342.593, 65
Trd, 4319342.743, 78
Trd, 4319343.343, 61
Trd, 4319344.543, 60
Trd, 4319345.043, 62
Trd, 4319345.593, 64
Trd, 4319345.893, 64
Trd, 4319346.243, 84
Trd, 4319347.543, 61
Trd, 4319347.943, 62
Trd, 4319348.293, 81
Trd, 4319348.643, 60
Trd, 4319348.693, 67
Trd, 4319349.593, 123
Trd, 4319350.243, 123
Trd, 4319350.793, 140
Trd, 4319352.893, 62
Trd, 4319353.243, 67
Trd, 4319353.693, 140
Trd, 4319353.893, 140
Trd, 4319354.493, 138
Trd, 4319354.793, 140
Trd, 4319354.943, 138
Trd, 4319355.343, 61
Trd, 4319357.043, 79
Trd, 4319357.393, 67
Trd, 4319357.443, 138
Trd, 4319357.743, 139
Trd, 4319359.343, 138
Trd, 4319359.993, 140
Trd, 4319360.993, 140
Trd, 4319361.343, 140
Trd, 4319363.093, 140
Trd, 4319363.243, 139
Trd, 4319363.293, 139
Trd, 4319363.643, 119
Trd, 4319365.693, 140
Trd, 4319365.893, 140
Trd, 4319366.093, 137
Trd, 4319366.743, 136
Trd, 4319367.093, 137
Trd, 4319367.443, 90
Trd, 4319367.643, 69
Trd, 4319368.043, 134
Trd, 4319368.743, 93
Trd, 4319369.593, 61
Trd, 4319370.143, 62
Trd, 4319371.143, 62
Trd, 4319371.543, 62
Trd, 4319372.943, 61
Trd, 4319373.743, 61
Trd, 4319373.993, 74
Trd, 4319374.743, 140
Trd, 4319375.993, 60
Trd, 4319376.943, 60
Trd, 4319377.443, 60
Trd, 4319377.543, 60
Trd, 4319379.293, 60
Trd, 4319379.343, 61
Trd, 4319379.693, 63
Trd, 4319380.443, 60
Trd, 4319380.643, 61
Trd, 4319381.043, 73
Trd, 4319382.443, 60
Trd, 4319382.893, 60
Trd, 4319383.093, 63
Trd, 4319383.393, 140
Trd, 4319383.893, 64
Trd, 4319386.193, 60
Trd, 4319386.593, 60
Trd, 4319386.643, 65
Trd, 4319387.043, 62
Trd, 4319387.643, 140
Trd, 4319388.343, 135
Trd, 4319389.393, 61
Trd, 4319389.443, 61
Trd, 4319389.793, 67
Trd, 4319389.843, 119
Trd, 4319390.593, 135
Trd, 4319391.543, 138
Trd, 4319392.393, 140
Trd, 4319392.843, 89
Trd, 4319394.543, 140
Trd, 4319394.843, 139
Trd, 4319395.293, 139
Trd, 4319395.343, 130
Trd, 4319395.943, 140
Trd, 4319396.443, 139
Trd, 4319396.593, 138
Trd, 4319396.743, 67
Trd, 4319397.943, 129
Trd, 4319398.743, 124
Trd, 4319398.843, 123
Trd, 4319400.043, 140
Trd, 4319402.243, 140
Trd, 4319402.343, 140
Trd, 4319402.893, 138
Trd, 4319403.893, 135
Trd, 4319404.343, 139
Trd, 4319405.443, 139
Trd, 4319405.993, 140
Trd, 4319406.143, 140
Trd, 4319406.443, 131
Trd, 4319406.943, 115
Trd, 4319407.693, 140
Trd, 4319407.993, 140
Trd, 4319409.043, 66
Trd, 4319409.893, 62
Trd, 4319410.243, 63
Trd, 4319411.043, 68
Trd, 4319411.493, 70
Trd, 4319411.593, 104
Trd, 4319412.243, 140
Trd, 4319412.443, 139
Trd, 4319412.843, 110
Trd, 4319413.743, 140
Trd, 4319414.893, 140
Trd, 4319415.593, 140
Trd, 4319416.143, 140
Trd, 4319416.843, 140
Trd, 4319417.043, 140
Trd, 4319417.693, 140
Trd, 4319418.143, 140
Trd, 4319419.193, 133
Trd, 4319419.243, 133
Trd, 4319420.393, 140
Trd, 4319421.043, 133
Trd, 4319421.343, 126
Trd, 4319421.693, 93
Trd, 4319423.943, 140
Trd, 4319424.543, 140
Trd, 4319424.793, 140
Trd, 4319425.643, 140
Trd, 4319425.693, 140
Trd, 4319426.593, 139
Trd, 4319427.843, 139
Trd, 4319428.193, 132
Trd, 4319429.043, 140
Trd, 4319429.393, 140
Trd, 4319429.993, 140
Trd, 4319430.993, 113
Trd, 4319431.093, 107
Trd, 4319432.093, 60
Trd, 4319433.193, 60
Trd, 4319433.893, 60
Trd, 4319434.143, 60
Trd, 4319434.293, 61
Trd, 4319435.543, 63
Trd, 4319435.993, 63
Trd, 4319437.593, 64
Trd, 4319437.643, 66
Trd, 4319438.043, 109
Trd, 4319438.843, 138
Trd, 4319439.393, 60
Trd, 4319439.843, 73
Trd, 4319440.793, 60
Trd, 4319440.893, 61
Trd, 4319442.293, 63
Trd, 4319443.093, 64
Trd, 4319444.293, 63
Trd, 4319445.043, 60
Trd, 4319445.143, 60
Trd, 4319445.443, 62
Trd, 4319446.043, 61
Trd, 4319446.293, 60
Trd, 4319446.843, 66
Trd, 4319448.393, 61
Trd, 4319449.043, 60
Trd, 4319449.193, 60
Trd, 4319449.693, 63
Trd, 4319451.093, 65
Trd, 4319451.143, 68
Trd, 4319451.493, 62
Trd, 4319453.843, 60
Trd, 4319454.193, 61
Trd, 4319454.443, 64
Trd, 4319454.843, 97
Trd, 4319455.443, 99
Trd, 4319457.643, 60
Trd, 4319457.743, 60
Trd, 4319457.943, 60
Trd, 4319458.643, 69
Trd, 4319460.193, 60
Trd, 4319460.293, 61
Trd, 4319460.743, 68
Trd, 4319460.893, 71
Trd, 4319461.643, 60
Trd, 4319461.893, 66
Trd, 4319462.193, 117
Trd, 4319464.643, 60
Trd, 4319464.893, 67
Trd, 4319464.993, 60
Trd, 4319465.343, 61
Trd, 4319465.643, 71
Trd, 4319465.943, 76
Trd, 4319466.593, 82
Trd, 4319467.493, 60
Trd, 4319468.443, 62
Trd, 4319468.543, 62
Trd, 4319470.643, 60
Trd, 4319470.793, 60
Trd, 4319470.943, 61
Trd, 4319471.843, 64
Trd, 4319473.093, 63
Trd, 4319474.543, 60
Trd, 4319475.493, 60
Trd, 4319475.743, 60
Trd, 4319477.293, 62
Trd, 4319477.443, 60
Trd, 4319478.643, 60
Trd, 4319478.793, 69
Trd, 4319479.293, 73
Trd, 4319480.243, 68
Trd, 4319480.393, 64
Trd, 4319482.243, 60
Trd, 4319482.343, 62
Trd, 4319482.843, 64
Trd, 4319483.493, 64
Trd, 4319483.743, 68
Trd, 4319485.743, 60
Trd, 4319485.843, 60
Trd, 4319486.093, 61
Trd, 4319486.743, 60
Trd, 4319487.243, 61
Trd, 4319488.543, 62
Trd, 4319489.193, 61
Trd, 4319490.443, 60
Trd, 4319490.643, 61
Trd, 4319490.993, 61
Trd, 4319491.193, 62
Trd, 4319491.393, 65
Trd, 4319492.143, 127
Trd, 4319493.293, 62
Trd, 4319494.093, 140
Trd, 4319494.343, 125
Trd, 4319494.943, 140
Trd, 4319495.393, 137
Trd, 4319495.893, 120
Trd, 4319496.643, 61
Trd, 4319496.893, 61
Trd, 4319497.493, 65
Trd, 4319499.093, 61
Trd, 4319499.593, 61
Trd, 4319499.793, 62
Trd, 4319499.893, 64
Trd, 4319500.793, 61
Trd, 4319501.143, 68
Trd, 4319501.843, 140
Trd, 4319501.943, 140
Trd, 4319503.393, 140
Trd, 4319504.343, 140
Trd, 4319504.393, 140
Trd, 4319504.593, 140
Trd, 4319505.643, 140
Trd, 4319506.693, 140
Trd, 4319506.993, 139
Trd, 4319507.693, 140
Trd, 4319507.993, 139
Trd, 4319508.743, 140
Trd, 4319509.043, 140
Trd, 4319509.743, 63
Trd, 4319509.793, 64
Trd, 4319510.243, 140
Trd, 4319510.943, 61
Trd, 4319513.343, 140
Trd, 4319513.593, 140
Trd, 4319514.293, 139
Trd, 4319514.743, 137
Trd, 4319515.393, 97
Trd, 4319515.993, 138
Trd, 4319516.643, 139
Trd, 4319517.593, 115
Trd, 4319517.943, 108
Trd, 4319518.993, 140
Trd, 4319519.043, 139
Trd, 4319520.543, 140
Trd, 4319522.093, 140
Trd, 4319522.143, 140
Trd, 4319522.343, 140
Trd, 4319523.093, 138
Trd, 4319523.443, 137
Trd, 4319523.843, 139
Trd, 4319524.943, 140
Trd, 4319525.993, 140
Trd, 4319526.593, 136
Trd, 4319526.893, 140
Trd, 4319528.193, 137
Trd, 4319528.393, 120
Trd, 4319528.793, 139
Trd, 4319529.243, 138
Trd, 4319529.993, 122
Trd, 4319531.243, 139
Trd, 4319531.793, 140
Trd, 4319532.643, 123
Trd, 4319533.443, 140
Trd, 4319534.643, 139
Trd, 4319535.043, 140
Trd, 4319535.193, 140
Trd, 4319536.193, 128
Trd, 4319536.993, 138
Trd, 4319537.643, 138
Trd, 4319539.743, 140
Trd, 4319540.093, 140
Trd, 4319540.293, 139
Trd, 4319540.543, 140
Trd, 4319540.993, 134
Trd, 4319541.943, 70
Trd, 4319542.843, 140
Trd, 4319542.893, 140
Trd, 4319544.193, 140
Trd, 4319544.743, 140
Trd, 4319546.643, 140
Trd, 4319547.143, 140
Trd, 4319547.643, 140
Trd, 4319548.093, 140
Trd, 4319548.843, 140
Trd, 4319549.143, 140
Trd, 4319549.743, 130
Trd, 4319550.043, 140
Trd, 4319550.093, 94
Trd, 4319550.543, 140
Trd, 4319552.093, 140
Trd, 4319552.293, 138
Trd, 4319552.943, 140
Trd, 4319552.993, 139
Trd, 4319553.093, 88
Trd, 4319554.543, 140
Trd, 4319555.593, 139
Trd, 4319555.743, 135
Trd, 4319556.843, 140
Trd, 4319557.043, 107
Trd, 4319557.943, 140
Trd, 4319559.143, 139
Trd, 4319559.893, 140
Trd, 4319560.343, 138
Trd, 4319560.643, 140
Trd, 4319561.593, 74
Trd, 4319562.293, 61
Trd, 4319563.443, 140
Trd, 4319564.043, 140
Trd, 4319565.393, 140
Trd, 4319566.143, 140
Trd, 4319567.193, 140
Trd, 4319568.293, 131
Trd, 4319569.493, 140
Trd, 4319570.643, 140
Trd, 4319570.793, 140
Trd, 4319571.693, 140
Trd, 4319572.693, 140
Trd, 4319573.143, 140
Trd, 4319573.193, 138
Trd, 4319573.643, 128
Trd, 4319573.843, 72
Trd, 4319574.293, 120
Trd, 4319574.743, 76
Trd, 4319575.443, 62
Trd, 4319575.593, 121
Trd, 4319575.693, 137
Trd, 4319577.743, 140
Trd, 4319578.093, 133
Trd, 4319578.193, 123
Trd, 4319579.543, 139
Trd, 4319580.093, 130
Trd, 4319580.393, 140
Trd, 4319581.043, 140
Trd, 4319581.743, 139
Trd, 4319582.993, 140
Trd, 4319583.743, 140
Trd, 4319583.793, 139
Trd, 4319583.943, 134
Trd, 4319584.393, 140
Trd, 4319586.243, 139
Trd, 4319588.043, 140
Trd, 4319588.343, 140
Trd, 4319588.543, 135
Trd, 4319588.993, 105
Trd, 4319589.443, 140
Trd, 4319590.793, 140
Trd, 4319591.793, 140
Trd, 4319593.243, 140
Trd, 4319593.993, 140
Trd, 4319594.593, 140
Trd, 4319595.043, 140
Trd, 4319595.393, 140
Trd, 4319595.843, 140
Trd, 4319598.093, 140
Trd, 4319598.543, 138
Trd, 4319598.743, 87
Trd, 4319599.843, 76
Trd, 4319601.193, 140
Trd, 4319601.343, 139
Trd, 4319602.643, 140
Trd, 4319603.493, 140
Trd, 4319603.543, 139
Trd, 4319603.893, 140
Trd, 4319603.993, 136
Trd, 4319605.443, 139
Trd, 4319605.593, 108
Trd, 4319606.293, 139
Trd, 4319606.943, 140
Trd, 4319607.943, 140
Trd, 4319608.043, 123
Trd, 4319608.643, 138
Trd, 4319611.143, 140
Trd, 4319611.243, 139
Trd, 4319611.893, 139
Trd, 4319612.643, 139
Trd, 4319612.793, 140
Trd, 4319614.143, 139
Trd, 4319614.843, 140
Trd, 4319615.843, 140
Trd, 4319616.393, 140
Trd, 4319616.843, 140
Trd, 4319617.043, 140
Trd, 4319617.793, 140
Trd, 4319618.243, 140
Trd, 4319618.743, 138
Trd, 4319619.043, 140
Trd, 4319619.943, 139
Trd, 4319620.093, 138
Trd, 4319620.443, 61
Trd, 4319621.793, 140
Trd, 4319622.743, 140
Trd, 4319622.793, 140
Trd, 4319623.793, 138
Trd, 4319624.493, 132
Trd, 4319626.743, 140
Trd, 4319627.593, 140
Trd, 4319627.843, 140
Trd, 4319628.043, 140
Trd, 4319628.543, 140
Trd, 4319628.643, 139
Trd, 4319629.693, 140
Trd, 4319629.843, 139
Trd, 4319630.893, 138
Trd, 4319631.443, 112
Trd, 4319631.743, 136
Trd, 4319632.093, 140
Trd, 4319633.293, 134
Trd, 4319634.543, 140
Trd, 4319634.593, 140
Trd, 4319634.993, 140
Trd, 4319635.793, 140
Trd, 4319636.193, 132
Trd, 4319638.093, 140
Trd, 4319638.743, 140
Trd, 4319639.143, 135
Trd, 4319639.793, 140
Trd, 4319642.043, 140
Trd, 4319642.143, 140
Trd, 4319642.343, 116
Trd, 4319643.243, 140
Trd, 4319643.793, 137
Trd, 4319644.143, 99
Trd, 4319645.243, 140
Trd, 4319646.393, 140
Trd, 4319646.743, 139
Trd, 4319647.643, 139
Trd, 4319648.693, 135
Trd, 4319648.743, 134
Trd, 4319650.043, 140
Trd, 4319650.693, 140
Trd, 4319651.443, 140
Trd, 4319652.293, 140
Trd, 4319652.893, 140
Trd, 4319653.093, 71
Trd, 4319654.293, 61
Trd, 4319655.093, 60
Trd, 4319655.443, 62
Trd, 4319655.893, 60
Trd, 4319656.343, 61
Trd, 4319656.793, 62
Trd, 4319656.843, 63
Trd, 4319657.093, 62
Trd, 4319658.343, 140
Trd, 4319658.793, 62
Trd, 4319660.743, 60
Trd, 4319660.843, 60
Trd, 4319661.293, 60
Trd, 4319663.843, 60
Trd, 4319664.193, 60
Trd, 4319664.393, 61
Trd, 4319664.993, 61
Trd, 4319665.093, 70
Trd, 4319665.593, 69
Trd, 4319666.693, 139
Trd, 4319667.043, 138
Trd, 4319667.093, 137
Trd, 4319668.043, 68
Trd, 4319668.943, 64
Trd, 4319669.393, 118
Trd, 4319670.143, 118
Trd, 4319670.643, 62
Trd, 4319671.543, 140
Trd, 4319671.643, 140
Trd, 4319671.793, 140
Trd, 4319672.293, 139
Trd, 4319672.543, 138
Trd, 4319673.043, 100
Trd, 4319674.643, 140
Trd, 4319674.743, 120
Trd, 4319675.643, 140
Trd, 4319676.593, 140
Trd, 4319677.743, 140
Trd, 4319678.543, 140
Trd, 4319678.593, 132
Trd, 4319679.443, 139
Trd, 4319680.193, 139
Trd, 4319680.743, 140
Trd, 4319682.643, 140
Trd, 4319682.943, 140
Trd, 4319682.993, 140
Trd, 4319683.143, 134
Trd, 4319684.843, 140
Trd, 4319685.343, 140
Trd, 4319686.943, 140
Trd, 4319687.543, 140
Trd, 4319687.993, 140
Trd, 4319688.093, 140
Trd, 4319689.443, 138
Trd, 4319689.893, 140
Trd, 4319690.443, 132
Trd, 4319691.143, 139
Trd, 4319692.193, 96
Trd, 4319693.493, 140
Trd, 4319693.943, 140
Trd, 4319694.043, 133
Trd, 4319694.593, 105
Trd, 4319695.343, 140
Trd, 4319695.943, 140
Trd, 4319696.193, 140
Trd, 4319696.643, 63
Trd, 4319697.093, 61
Trd, 4319697.843, 140
Trd, 4319699.293, 60
Trd, 4319700.543, 140
Trd, 4319701.793, 140
Trd, 4319702.243, 140
Trd, 4319702.743, 140
Trd, 4319702.793, 139
Trd, 4319703.093, 112
Trd, 4319703.743, 140
Trd, 4319704.193, 140
Trd, 4319705.043, 139
Trd, 4319705.293, 139
Trd, 4319705.443, 100
Trd, 4319706.093, 69
Trd, 4319706.643, 70
Trd, 4319706.843, 94
Trd, 4319708.143, 66
Trd, 4319709.193, 60
Trd, 4319709.293, 60
Trd, 4319709.543, 115
Trd, 4319710.543, 64
Trd, 4319710.693, 65
Trd, 4319711.343, 138
Trd, 4319711.743, 140
Trd, 4319712.793, 140
Trd, 4319713.793, 140
Trd, 4319715.693, 140
Trd, 4319715.793, 64
Trd, 4319716.393, 138
Trd, 4319716.993, 67
Trd, 4319717.993, 60
Trd, 4319718.043, 63
Trd, 4319718.243, 68
Trd, 4319719.343, 62
Trd, 4319719.643, 64
Trd, 4319720.693, 60
Trd, 4319721.643, 140
Trd, 4319721.793, 135
Trd, 4319723.043, 140
Trd, 4319723.543, 140
Trd, 4319723.893, 139
Trd, 4319724.343, 139
Trd, 4319725.043, 140
Trd, 4319725.193, 139
Trd, 4319726.343, 140
Trd, 4319727.893, 140
Trd, 4319728.493, 140
Trd, 4319729.043, 137
Trd, 4319729.193, 120
Trd, 4319729.443, 61
Trd, 4319729.743, 111
Trd, 4319730.843, 66
Trd, 4319732.443, 140
Trd, 4319732.493, 140
Trd, 4319733.043, 140
Trd, 4319734.793, 140
Trd, 4319735.443, 140
Trd, 4319737.043, 140
Trd, 4319737.193, 140
Trd, 4319737.343, 139
Trd, 4319737.743, 134
Trd, 4319738.393, 139
Trd, 4319740.343, 140
Trd, 4319740.643, 140
Trd, 4319741.943, 140
Trd, 4319742.693, 140
Trd, 4319742.843, 140
Trd, 4319743.043, 139
Trd, 4319743.943, 138
Trd, 4319744.093, 114
Trd, 4319745.193, 98
Trd, 4319745.643, 140
Trd, 4319746.043, 140
Trd, 4319746.943, 138
Trd, 4319747.143, 64
Trd, 4319748.493, 60
Trd, 4319748.543, 70
Trd, 4319749.393, 67
Trd, 4319749.443, 68
Trd, 4319749.593, 92
Trd, 4319749.743, 139
Trd, 4319751.943, 62
Trd, 4319753.193, 138
Trd, 4319753.943, 140
Trd, 4319755.093, 140
Trd, 4319755.443, 140
Trd, 4319756.193, 140
Trd, 4319756.243, 140
Trd, 4319756.543, 139
Trd, 4319756.893, 140
Trd, 4319757.443, 140
Trd, 4319758.293, 140
Trd, 4319759.193, 140
Trd, 4319759.993, 140
Trd, 4319760.793, 140
Trd, 4319760.893, 135
Trd, 4319760.993, 125
Trd, 4319761.843, 140
Trd, 4319762.543, 139
Trd, 4319762.693, 113
Trd, 4319763.293, 139
Trd, 4319764.543, 140
Trd, 4319764.743, 138
Trd, 4319764.993, 133
Trd, 4319765.443, 75
Trd, 4319766.843, 140
Trd, 4319767.193, 140
Trd, 4319768.243, 140
Trd, 4319768.343, 140
Trd, 4319768.593, 139
Trd, 4319769.343, 133
Trd, 4319769.943, 68
Trd, 4319771.193, 140
Trd, 4319771.893, 140
Trd, 4319772.393, 139
Trd, 4319772.693, 140
Trd, 4319774.443, 140
Trd, 4319774.893, 140
Trd, 4319774.943, 139
Trd, 4319775.793, 138
Trd, 4319776.593, 140
Trd, 4319778.043, 140
Trd, 4319778.443, 140
Trd, 4319778.543, 140
Trd, 4319779.443, 119
Trd, 4319779.793, 102
Trd, 4319781.893, 140
Trd, 4319782.143, 140
Trd, 4319782.293, 139
Trd, 4319782.743, 140
Trd, 4319783.643, 140
Trd, 4319785.843, 140
Trd, 4319786.343, 140
Trd, 4319786.893, 140
Trd, 4319787.093, 139
Trd, 4319787.493, 139
Trd, 4319787.843, 138
Trd, 4319788.893, 139
Trd, 4319789.143, 140
Trd, 4319789.843, 139
Trd, 4319790.043, 140
Trd, 4319791.293, 140
Trd, 4319791.543, 140
Trd, 4319791.893, 98
Trd, 4319793.193, 140
Trd, 4319794.043, 117
Trd, 4319794.193, 116
Trd, 4319794.743, 139
Trd, 4319797.393, 140
Trd, 4319797.443, 140
Trd, 4319798.243, 140
Trd, 4319798.543, 140
Trd, 4319799.193, 103
Trd, 4319800.843, 63
Trd, 4319801.143, 65
Trd, 4319801.443, 60
Trd, 4319801.693, 140
Trd, 4319802.143, 123
Trd, 4319803.393, 81
Trd, 4319803.493, 140
Trd, 4319804.693, 60
Trd, 4319804.943, 86
Trd, 4319805.843, 60
Trd, 4319807.043, 140
Trd, 4319807.443, 140
Trd, 4319808.593, 140
Trd, 4319809.043, 140
Trd, 4319809.343, 93
Trd, 4319809.543, 137
Trd, 4319810.693, 111
Trd, 4319810.793, 110
Trd, 4319812.193, 139
Trd, 4319812.993, 138
Trd, 4319813.543, 140
Trd, 4319813.643, 139
Trd, 4319813.693, 137
Trd, 4319814.343, 140
Trd, 4319815.543, 139
Trd, 4319815.693, 139
Trd, 4319815.993, 140
Trd, 4319816.243, 139
Trd, 4319816.993, 140
Trd, 4319818.343, 140
Trd, 4319818.393, 140
Trd, 4319818.793, 116
Trd, 4319819.593, 140
Trd, 4319819.643, 107
Trd, 4319820.543, 137
Trd, 4319821.293, 139
Trd, 4319823.093, 140
Trd, 4319823.793, 140
Trd, 4319824.243, 140
Trd, 4319824.743, 140
Trd, 4319825.443, 136
Trd, 4319826.893, 140
Trd, 4319827.443, 135
Trd, 4319828.043, 139
Trd, 4319830.043, 135
Trd, 4319830.693, 138
Trd, 4319831.043, 139
Trd, 4319831.093, 137
Trd, 4319832.293, 140
Trd, 4319832.643, 136
Trd, 4319833.693, 133
Trd, 4319833.743, 132
Trd, 4319834.593, 139
Trd, 4319834.743, 138
Trd, 4319835.143, 138
Trd, 4319835.843, 133
Trd, 4319835.893, 121
Trd, 4319836.543, 139
Trd, 4319838.093, 140
Trd, 4319838.743, 140
Trd, 4319839.293, 140
Trd, 4319840.293, 140
Trd, 4319840.493, 140
Trd, 4319841.493, 140
Trd, 4319842.043, 140
Trd, 4319842.943, 140
Trd, 4319843.493, 140
Trd, 4319845.193, 140
Trd, 4319845.393, 140
Trd, 4319845.743, 140
Trd, 4319846.343, 139
Trd, 4319846.943, 137
Trd, 4319846.993, 136
Trd, 4319848.193, 140
Trd, 4319850.893, 140
Trd, 4319851.243, 139
Trd, 4319851.743, 140
Trd, 4319852.193, 138
Trd, 4319852.243, 111
Trd, 4319852.293, 95
Trd, 4319852.843, 61
Trd, 4319852.893, 67
Trd, 4319853.993, 78
Trd, 4319854.593, 139
Trd, 4319854.943, 120
Trd, 4319855.393, 140
Trd, 4319856.093, 140
Trd, 4319856.543, 140
Trd, 4319857.193, 139
Trd, 4319860.443, 140
Trd, 4319860.743, 139
Trd, 4319861.393, 138
Trd, 4319861.793, 139
Trd, 4319862.043, 138
Trd, 4319862.943, 138
Trd, 4319863.193, 131
Trd, 4319863.843, 140
Trd, 4319864.043, 139
Trd, 4319864.943, 138
Trd, 4319865.193, 140
Trd, 4319865.693, 131
Trd, 4319866.343, 138
Trd, 4319867.093, 71
Trd, 4319868.043, 113
Trd, 4319868.493, 140
Trd, 4319869.243, 140
Trd, 4319869.993, 111
Trd, 4319870.343, 115
Trd, 4319871.243, 125
Trd, 4319871.893, 65
Trd, 4319872.543, 73
Trd, 4319874.693, 140
Trd, 4319875.193, 140
Trd, 4319875.843, 140
Trd, 4319875.993, 140
Trd, 4319876.293, 139
Trd, 4319877.493, 140
Trd, 4319878.493, 140
Trd, 4319879.743, 140
Trd, 4319880.093, 140
Trd, 4319880.893, 140
Trd, 4319881.843, 140
Trd, 4319881.993, 134
Trd, 4319882.443, 131
Trd, 4319882.893, 73
Trd, 4319883.793, 133
Trd, 4319884.993, 109
Trd, 4319885.793, 138
Trd, 4319885.993, 136
Trd, 4319886.243, 80
Trd, 4319886.993, 104
Trd, 4319887.893, 127
Trd, 4319888.743, 135
Trd, 4319889.393, 136
Trd, 4319890.743, 140
Trd, 4319893.043, 140
Trd, 4319893.293, 140
Trd, 4319895.043, 140
Trd, 4319895.343, 140
Trd, 4319895.843, 139
Trd, 4319896.043, 136
Trd, 4319896.543, 140
Trd, 4319897.043, 140
Trd, 4319898.043, 139
Trd, 4319898.793, 139
Trd, 4319899.093, 111
Trd, 4319900.143, 127
Trd, 4319900.443, 122
Trd, 4319900.843, 140
Trd, 4319902.393, 140
Trd, 4319904.293, 140
Trd, 4319904.993, 140
Trd, 4319905.243, 140
Trd, 4319905.793, 140
Trd, 4319906.393, 138
Trd, 4319906.643, 132
Trd, 4319907.393, 139
Trd, 4319907.693, 110
Trd, 4319908.343, 104
Trd, 4319908.393, 106
Trd, 4319909.093, 85
Trd, 4319909.693, 75
Trd, 4319910.543, 140
Trd, 4319910.893, 140
Trd, 4319910.943, 139
Trd, 4319911.843, 136
Trd, 4319912.643, 127
Trd, 4319912.793, 125
Trd, 4319913.993, 70
Trd, 4319914.343, 102
Trd, 4319914.593, 103
Trd, 4319915.193, 96
Trd, 4319916.143, 139
Trd, 4319916.843, 140
Trd, 4319917.243, 140
Trd, 4319918.193, 140
Trd, 4319918.643, 139
Trd, 4319918.693, 139
Trd, 4319919.043, 132
Trd, 4319920.893, 126
Trd, 4319921.093, 125
Trd, 4319921.843, 139
Trd, 4319922.593, 140
Trd, 4319922.793, 140
Trd, 4319923.143, 134
Trd, 4319923.493, 66
Trd, 4319924.193, 140
Trd, 4319924.443, 135
Trd, 4319926.093, 137
Trd, 4319927.993, 140
Trd, 4319928.543, 140
Trd, 4319928.643, 136
Trd, 4319928.943, 137
Trd, 4319929.893, 140
Trd, 4319930.593, 140
Trd, 4319931.493, 140
Trd, 4319932.193, 139
Trd, 4319932.943, 139
Trd, 4319934.193, 140
Trd, 4319935.993, 140
Trd, 4319936.093, 140
Trd, 4319936.243, 140
Trd, 4319936.593, 139
Trd, 4319937.143, 84
Trd, 4319937.743, 139
Trd, 4319939.143, 128
Trd, 4319939.393, 114
Trd, 4319939.843, 140
Trd, 4319941.893, 140
Trd, 4319942.143, 140
Trd, 4319942.193, 139
Trd, 4319942.393, 139
Trd, 4319943.143, 139
Trd, 4319943.893, 139
Trd, 4319944.393, 139
Trd, 4319945.143, 138
Trd, 4319945.293, 131
Trd, 4319946.193, 80
Trd, 4319947.093, 61
Trd, 4319947.343, 63
Trd, 4319947.643, 65
Trd, 4319947.993, 139
Trd, 4319949.493, 64
Trd, 4319949.543, 96
Trd, 4319951.193, 140
Trd, 4319951.293, 139
Trd, 4319951.443, 129
Trd, 4319951.943, 140
Trd, 4319953.043, 140
Trd, 4319953.193, 140
Trd, 4319953.893, 140
Trd, 4319954.293, 140
Trd, 4319954.493, 139
Trd, 4319955.843, 140
Trd, 4319955.893, 139
Trd, 4319957.543, 140
Trd, 4319957.743, 139
Trd, 4319957.993, 121
Trd, 4319958.143, 88
Trd, 4319958.843, 139
Trd, 4319959.943, 140
Trd, 4319960.293, 139
Trd, 4319961.793, 126
Trd, 4319961.943, 139
Trd, 4319961.993, 113
Trd, 4319962.893, 107
Trd, 4319964.743, 140
Trd, 4319964.843, 105
Trd, 4319965.193, 73
Trd, 4319965.643, 63
Trd, 4319966.843, 140
Trd, 4319967.443, 138
Trd, 4319968.243, 103
Trd, 4319968.793, 62
Trd, 4319969.093, 60
Trd, 4319969.143, 79
Trd, 4319970.243, 62
Trd, 4319970.743, 63
Trd, 4319970.893, 64
Trd, 4319972.093, 60
Trd, 4319972.943, 61
Trd, 4319973.293, 62
Trd, 4319974.343, 63
Trd, 4319974.993, 68
Trd, 4319975.793, 61
Trd, 4319975.843, 62
Trd, 4319976.443, 70
Trd, 4319977.743, 60
Trd, 4319978.243, 60
Trd, 4319979.043, 61
Trd, 4319979.643, 63
Trd, 4319979.843, 63
Trd, 4319980.343, 65
Trd, 4319980.393, 67
Trd, 4319980.493, 60
Trd, 4319980.943, 60
Trd, 4319982.043, 63
Trd, 4319983.193, 140
Trd, 4319983.243, 140
Trd, 4319984.043, 124
Trd, 4319984.393, 123
Trd, 4319985.243, 140
Trd, 4319985.443, 139
Trd, 4319985.843, 139
Trd, 4319986.443, 140
Trd, 4319986.693, 80
Trd, 4319988.193, 140
Trd, 4319988.493, 140
Trd, 4319989.593, 140
Trd, 4319990.243, 138
Trd, 4319990.293, 137
Trd, 4319992.043, 140
Trd, 4319992.143, 139
Trd, 4319992.193, 102
Trd, 4319992.893, 78
Trd, 4319993.243, 140
Trd, 4319993.443, 140
Trd, 4319994.693, 140
Trd, 4319995.693, 140
Trd, 4319996.643, 140
Trd, 4319996.693, 140
Trd, 4319996.943, 139
Trd, 4319997.443, 60
Trd, 4319998.493, 60
Trd, 4319998.743, 60
Trd, 4319998.793, 61
