Trd, 4318153.893, 139
Trd, 4318153.993, 80
Trd, 4318154.393, 80
Trd, 4318155.743, 140
Trd, 4318156.493, 140
Trd, 4318156.743, 139
Trd, 4318156.943, 129
Trd, 4318157.543, 70
Trd, 4318157.893, 140
Trd, 4318158.693, 140
Trd, 4318160.943, 140
Trd, 4318162.343, 140
Trd, 4318162.693, 140
Trd, 4318162.943, 140
Trd, 4318163.443, 140
Trd, 4318164.043, 106
Trd, 4318164.143, 81
Trd, 4318164.643, 93
Trd, 4318165.243, 87
Trd, 4318165.843, 111
Trd, 4318167.843, 60
Trd, 4318168.043, 63
Trd, 4318168.493, 66
Trd, 4318168.993, 86
Trd, 4318170.093, 140
Trd, 4318170.643, 140
Trd, 4318171.143, 140
Trd, 4318171.643, 140
Trd, 4318172.393, 80
Trd, 4318172.743, 69
Trd, 4318173.443, 132
Trd, 4318174.693, 140
Trd, 4318176.143, 140
Trd, 4318176.893, 140
Trd, 4318176.943, 140
Trd, 4318177.193, 139
Trd, 4318177.293, 136
Trd, 4318177.943, 61
Trd, 4318178.943, 106
Trd, 4318179.093, 105
Trd, 4318180.943, 140
Trd, 4318182.843, 140
Trd, 4318183.293, 140
Trd, 4318183.593, 140
Trd, 4318184.093, 135
Trd, 4318184.843, 134
Trd, 4318185.443, 96
Trd, 4318186.343, 99
Trd, 4318186.743, 117
Trd, 4318187.593, 96
Trd, 4318187.843, 96
Trd, 4318188.543, 77
Trd, 4318189.543, 92
Trd, 4318190.643, 127
Trd, 4318191.293, 66
Trd, 4318191.893, 90
Trd, 4318193.043, 140
Trd, 4318193.443, 140
Trd, 4318193.993, 140
Trd, 4318194.393, 140
Trd, 4318195.143, 140
Trd, 4318195.343, 115
Trd, 4318195.993, 139
Trd, 4318196.243, 134
Trd, 4318197.443, 122
Trd, 4318198.043, 64
Trd, 4318199.143, 140
Trd, 4318199.243, 139
Trd, 4318200.393, 139
Trd, 4318200.493, 138
Trd, 4318201.543, 109
Trd, 4318202.193, 135
Trd, 4318202.943, 140
Trd, 4318202.993, 135
Trd, 4318203.643, 127
Trd, 4318203.843, 71
Trd, 4318204.543, 105
Trd, 4318205.393, 140
Trd, 4318206.443, 140
Trd, 4318207.093, 140
Trd, 4318208.743, 140
Trd, 4318209.093, 140
Trd, 4318210.043, 140
Trd, 4318210.493, 140
Trd, 4318210.793, 113
Trd, 4318211.643, 136
Trd, 4318211.893, 110
Trd, 4318212.193, 74
Trd, 4318212.893, 140
Trd, 4318213.943, 61
Trd, 4318214.443, 64
Trd, 4318214.843, 63
Trd, 4318215.293, 72
Trd, 4318217.493, 140
Trd, 4318217.743, 140
Trd, 4318217.793, 140
Trd, 4318217.943, 140
Trd, 4318218.193, 140
Trd, 4318218.943, 107
Trd, 4318219.293, 115
Trd, 4318220.143, 130
Trd, 4318221.293, 62
Trd, 4318222.693, 63
Trd, 4318223.693, 62
Trd, 4318224.693, 139
Trd, 4318224.743, 111
Trd, 4318225.793, 105
Trd, 4318226.343, 139
Trd, 4318226.543, 126
Trd, 4318226.693, 114
Trd, 4318227.443, 140
Trd, 4318229.243, 99
Trd, 4318229.643, 95
Trd, 4318230.743, 129
Trd, 4318231.393, 140
Trd, 4318231.593, 139
Trd, 4318231.693, 131
Trd, 4318233.143, 66
Trd, 4318233.343, 61
Trd, 4318233.543, 98
Trd, 4318234.593, 65
Trd, 4318234.693, 103
Trd, 4318235.043, 60
Trd, 4318236.193, 60
Trd, 4318236.343, 69
Trd, 4318237.343, 62
Trd, 4318238.443, 140
Trd, 4318239.143, 61
Trd, 4318240.043, 61
Trd, 4318241.543, 61
Trd, 4318242.343, 84
Trd, 4318242.643, 139
Trd, 4318242.943, 68
Trd, 4318243.993, 60
Trd, 4318244.443, 104
Trd, 4318244.543, 140
Trd, 4318244.993, 112
Trd, 4318245.593, 60
Trd, 4318246.043, 125
Trd, 4318246.393, 62
Trd, 4318247.893, 95
Trd, 4318248.893, 140
Trd, 4318249.143, 140
Trd, 4318249.893, 140
Trd, 4318250.043, 128
Trd, 4318250.143, 81
Trd, 4318250.693, 135
Trd, 4318250.943, 99
Trd, 4318252.093, 61
Trd, 4318252.543, 139
Trd, 4318252.993, 84
Trd, 4318254.743, 128
Trd, 4318255.193, 137
Trd, 4318256.243, 103
Trd, 4318256.793, 63
Trd, 4318257.143, 114
Trd, 4318257.743, 77
Trd, 4318258.693, 96
Trd, 4318259.093, 114
Trd, 4318260.093, 97
Trd, 4318260.293, 96
Trd, 4318260.443, 63
Trd, 4318261.243, 64
Trd, 4318262.793, 61
Trd, 4318263.643, 61
Trd, 4318263.793, 61
Trd, 4318264.993, 79
Trd, 4318265.093, 93
Trd, 4318265.943, 108
Trd, 4318267.393, 93
Trd, 4318267.543, 93
Trd, 4318267.743, 92
Trd, 4318268.193, 140
Trd, 4318269.093, 82
Trd, 4318269.793, 140
Trd, 4318270.193, 63
Trd, 4318271.293, 140
Trd, 4318271.743, 139
Trd, 4318272.493, 135
Trd, 4318273.143, 137
Trd, 4318273.493, 91
Trd, 4318274.693, 140
Trd, 4318275.893, 139
Trd, 4318276.193, 140
Trd, 4318276.343, 138
Trd, 4318277.493, 121
Trd, 4318277.843, 122
Trd, 4318278.293, 111
Trd, 4318280.193, 140
Trd, 4318280.743, 140
Trd, 4318281.993, 140
Trd, 4318282.093, 140
Trd, 4318282.443, 136
Trd, 4318282.793, 139
Trd, 4318283.393, 127
Trd, 4318283.493, 118
Trd, 4318285.593, 140
Trd, 4318286.043, 120
Trd, 4318286.593, 98
Trd, 4318286.893, 85
Trd, 4318287.593, 140
Trd, 4318288.643, 140
Trd, 4318289.443, 117
Trd, 4318289.693, 113
Trd, 4318289.793, 138
Trd, 4318291.193, 140
Trd, 4318291.493, 140
Trd, 4318291.743, 138
Trd, 4318293.143, 140
Trd, 4318293.193, 135
Trd, 4318293.493, 94
Trd, 4318294.143, 110
Trd, 4318294.793, 86
Trd, 4318295.893, 64
Trd, 4318296.493, 103
Trd, 4318298.293, 139
Trd, 4318298.693, 92
Trd, 4318299.243, 137
Trd, 4318299.343, 137
Trd, 4318299.893, 108
Trd, 4318301.043, 140
Trd, 4318302.143, 140
Trd, 4318303.243, 140
Trd, 4318303.393, 140
Trd, 4318303.493, 133
Trd, 4318303.593, 112
Trd, 4318304.343, 138
Trd, 4318305.043, 138
Trd, 4318305.943, 140
Trd, 4318306.943, 140
Trd, 4318307.143, 140
Trd, 4318308.143, 140
Trd, 4318308.293, 140
Trd, 4318308.643, 140
Trd, 4318308.943, 139
Trd, 4318309.043, 121
Trd, 4318309.143, 73
Trd, 4318311.293, 140
Trd, 4318311.743, 140
Trd, 4318312.693, 139
Trd, 4318312.943, 139
Trd, 4318313.093, 136
Trd, 4318313.493, 127
Trd, 4318314.643, 140
Trd, 4318315.943, 140
Trd, 4318316.593, 140
Trd, 4318316.743, 140
Trd, 4318317.843, 134
Trd, 4318318.493, 135
Trd, 4318318.993, 117
Trd, 4318319.143, 116
Trd, 4318319.693, 140
Trd, 4318320.493, 140
Trd, 4318320.543, 134
Trd, 4318321.893, 115
Trd, 4318322.493, 80
Trd, 4318322.993, 122
Trd, 4318323.293, 72
Trd, 4318323.893, 65
Trd, 4318325.543, 140
Trd, 4318325.643, 140
Trd, 4318327.093, 124
Trd, 4318328.143, 139
Trd, 4318328.543, 95
Trd, 4318329.393, 134
Trd, 4318329.493, 133
Trd, 4318329.593, 124
Trd, 4318330.343, 138
Trd, 4318330.743, 74
Trd, 4318331.093, 140
Trd, 4318331.943, 106
Trd, 4318332.193, 140
Trd, 4318333.743, 113
Trd, 4318334.493, 140
Trd, 4318334.993, 119
Trd, 4318335.393, 122
Trd, 4318335.443, 121
Trd, 4318335.843, 66
Trd, 4318336.143, 139
Trd, 4318338.393, 110
Trd, 4318338.643, 101
Trd, 4318339.193, 126
Trd, 4318339.443, 87
Trd, 4318340.443, 140
Trd, 4318341.743, 140
Trd, 4318342.243, 140
Trd, 4318343.643, 140
Trd, 4318344.093, 140
Trd, 4318344.543, 137
Trd, 4318345.143, 139
Trd, 4318346.743, 140
Trd, 4318346.993, 140
Trd, 4318347.443, 139
Trd, 4318347.593, 114
Trd, 4318348.443, 103
Trd, 4318349.293, 128
Trd, 4318350.043, 75
Trd, 4318350.893, 85
Trd, 4318351.643, 79
Trd, 4318352.143, 110
Trd, 4318352.843, 120
Trd, 4318353.243, 140
Trd, 4318353.643, 139
Trd, 4318354.243, 121
Trd, 4318356.393, 140
Trd, 4318356.993, 140
Trd, 4318357.443, 140
Trd, 4318357.693, 140
Trd, 4318358.593, 140
Trd, 4318359.293, 140
Trd, 4318359.793, 140
Trd, 4318360.193, 127
Trd, 4318360.493, 106
Trd, 4318360.693, 139
Trd, 4318361.193, 106
Trd, 4318362.943, 140
Trd, 4318365.393, 139
Trd, 4318366.193, 140
Trd, 4318366.343, 140
Trd, 4318366.993, 128
Trd, 4318367.193, 106
Trd, 4318367.743, 140
Trd, 4318368.543, 140
Trd, 4318368.743, 139
Trd, 4318368.943, 90
Trd, 4318369.893, 100
Trd, 4318370.093, 90
Trd, 4318370.843, 140
Trd, 4318372.093, 130
Trd, 4318373.193, 138
Trd, 4318373.593, 133
Trd, 4318374.143, 140
Trd, 4318374.993, 140
Trd, 4318375.193, 139
Trd, 4318376.143, 133
Trd, 4318376.443, 135
Trd, 4318377.393, 75
Trd, 4318377.743, 113
Trd, 4318379.393, 138
Trd, 4318379.793, 94
Trd, 4318380.393, 139
Trd, 4318380.493, 93
Trd, 4318382.093, 140
Trd, 4318382.943, 140
Trd, 4318383.393, 140
Trd, 4318383.743, 140
Trd, 4318384.093, 140
Trd, 4318385.393, 140
Trd, 4318385.893, 140
Trd, 4318385.943, 139
Trd, 4318386.243, 119
Trd, 4318386.693, 140
Trd, 4318386.943, 94
Trd, 4318387.643, 139
Trd, 4318388.493, 140
Trd, 4318388.743, 117
Trd, 4318389.043, 72
Trd, 4318389.493, 70
Trd, 4318390.243, 63
Trd, 4318392.543, 138
Trd, 4318392.593, 126
Trd, 4318392.893, 61
Trd, 4318394.343, 121
Trd, 4318395.443, 112
Trd, 4318396.093, 140
Trd, 4318396.493, 111
Trd, 4318396.693, 110
Trd, 4318397.193, 108
Trd, 4318398.093, 140
Trd, 4318398.793, 139
Trd, 4318399.093, 110
Trd, 4318399.393, 80
Trd, 4318399.943, 140
Trd, 4318401.293, 140
Trd, 4318401.393, 139
Trd, 4318401.593, 134
Trd, 4318401.793, 105
Trd, 4318404.093, 140
Trd, 4318404.193, 140
Trd, 4318406.143, 140
Trd, 4318406.243, 140
Trd, 4318406.293, 134
Trd, 4318407.443, 140
Trd, 4318407.793, 140
Trd, 4318408.143, 139
Trd, 4318408.693, 135
Trd, 4318409.343, 135
Trd, 4318410.393, 135
Trd, 4318410.543, 134
Trd, 4318411.693, 119
Trd, 4318412.493, 139
Trd, 4318413.293, 139
Trd, 4318413.343, 136
Trd, 4318414.343, 126
Trd, 4318414.393, 119
Trd, 4318415.843, 99
Trd, 4318416.693, 140
Trd, 4318417.193, 137
Trd, 4318418.193, 138
Trd, 4318418.293, 82
Trd, 4318418.443, 81
Trd, 4318418.593, 122
Trd, 4318419.493, 127
Trd, 4318420.043, 139
Trd, 4318420.343, 140
Trd, 4318421.893, 140
Trd, 4318422.143, 137
Trd, 4318422.293, 61
Trd, 4318423.093, 90
Trd, 4318424.093, 135
Trd, 4318426.093, 140
Trd, 4318426.293, 139
Trd, 4318426.343, 138
Trd, 4318428.443, 140
Trd, 4318428.543, 139
Trd, 4318428.793, 130
Trd, 4318428.943, 123
Trd, 4318430.543, 140
Trd, 4318430.893, 140
Trd, 4318432.243, 140
Trd, 4318432.543, 140
Trd, 4318433.893, 140
Trd, 4318435.493, 140
Trd, 4318436.493, 140
Trd, 4318436.593, 131
Trd, 4318437.043, 138
Trd, 4318437.843, 139
Trd, 4318438.443, 137
Trd, 4318438.893, 140
Trd, 4318439.743, 134
Trd, 4318441.393, 140
Trd, 4318441.543, 118
Trd, 4318441.843, 114
Trd, 4318442.143, 95
Trd, 4318442.593, 140
Trd, 4318443.293, 99
Trd, 4318444.743, 129
Trd, 4318445.843, 140
Trd, 4318446.343, 140
Trd, 4318446.493, 139
Trd, 4318447.393, 132
Trd, 4318447.893, 140
Trd, 4318448.043, 140
Trd, 4318448.743, 139
Trd, 4318448.843, 119
Trd, 4318449.643, 61
Trd, 4318450.693, 139
Trd, 4318453.143, 81
Trd, 4318453.293, 140
Trd, 4318454.043, 120
Trd, 4318454.243, 117
Trd, 4318455.343, 113
Trd, 4318455.843, 140
Trd, 4318455.943, 108
Trd, 4318456.643, 64
Trd, 4318456.743, 65
Trd, 4318457.343, 62
Trd, 4318458.893, 75
Trd, 4318459.643, 61
Trd, 4318461.143, 140
Trd, 4318462.693, 140
Trd, 4318462.743, 140
Trd, 4318463.543, 140
Trd, 4318464.393, 139
Trd, 4318464.643, 136
Trd, 4318466.543, 140
Trd, 4318467.393, 140
Trd, 4318467.593, 140
Trd, 4318468.893, 140
Trd, 4318469.143, 133
Trd, 4318470.743, 140
Trd, 4318472.393, 140
Trd, 4318472.593, 140
Trd, 4318472.943, 81
Trd, 4318473.143, 85
Trd, 4318473.943, 91
Trd, 4318474.043, 78
Trd, 4318474.543, 86
Trd, 4318474.893, 87
Trd, 4318474.943, 86
Trd, 4318476.093, 140
Trd, 4318476.493, 139
Trd, 4318477.793, 100
Trd, 4318478.343, 139
Trd, 4318479.143, 92
Trd, 4318480.693, 140
Trd, 4318481.293, 140
Trd, 4318481.543, 139
Trd, 4318483.343, 140
Trd, 4318483.493, 139
Trd, 4318484.093, 130
Trd, 4318484.643, 138
Trd, 4318485.393, 123
Trd, 4318485.943, 140
Trd, 4318485.993, 140
Trd, 4318488.343, 140
Trd, 4318488.493, 140
Trd, 4318488.893, 139
Trd, 4318489.543, 91
Trd, 4318490.193, 74
Trd, 4318491.443, 78
Trd, 4318491.493, 124
Trd, 4318492.193, 140
Trd, 4318492.393, 140
Trd, 4318492.643, 140
Trd, 4318494.643, 140
Trd, 4318494.743, 138
Trd, 4318494.943, 129
Trd, 4318496.643, 123
Trd, 4318496.793, 121
Trd, 4318497.043, 140
Trd, 4318497.343, 140
Trd, 4318498.693, 138
Trd, 4318498.793, 136
Trd, 4318499.393, 110
Trd, 4318500.643, 140
Trd, 4318501.743, 140
Trd, 4318501.793, 140
Trd, 4318502.593, 121
Trd, 4318503.043, 107
Trd, 4318504.593, 114
Trd, 4318504.643, 133
Trd, 4318505.743, 140
Trd, 4318506.143, 140
Trd, 4318506.343, 140
Trd, 4318506.743, 139
Trd, 4318506.943, 135
Trd, 4318508.093, 140
Trd, 4318509.243, 140
Trd, 4318509.893, 140
Trd, 4318511.243, 140
Trd, 4318511.443, 139
Trd, 4318512.193, 139
Trd, 4318512.593, 116
Trd, 4318513.093, 140
Trd, 4318513.743, 127
Trd, 4318513.943, 111
Trd, 4318515.593, 140
Trd, 4318515.693, 124
Trd, 4318515.993, 104
Trd, 4318516.593, 61
Trd, 4318517.243, 93
Trd, 4318518.643, 138
Trd, 4318519.093, 137
Trd, 4318519.793, 118
Trd, 4318520.143, 116
Trd, 4318521.143, 138
Trd, 4318522.043, 140
Trd, 4318522.143, 139
Trd, 4318522.543, 138
Trd, 4318522.793, 137
Trd, 4318524.043, 94
Trd, 4318524.693, 139
Trd, 4318525.193, 139
Trd, 4318525.943, 140
Trd, 4318526.943, 140
Trd, 4318527.043, 140
Trd, 4318527.343, 140
Trd, 4318528.343, 140
Trd, 4318529.493, 140
Trd, 4318531.743, 140
Trd, 4318532.093, 140
Trd, 4318533.393, 140
Trd, 4318533.443, 140
Trd, 4318534.393, 140
Trd, 4318534.593, 140
Trd, 4318535.943, 140
Trd, 4318536.143, 140
Trd, 4318536.743, 140
Trd, 4318537.443, 117
Trd, 4318538.193, 140
Trd, 4318538.243, 140
Trd, 4318539.893, 140
Trd, 4318540.943, 115
Trd, 4318541.143, 112
Trd, 4318541.543, 112
Trd, 4318541.843, 97
Trd, 4318542.493, 140
Trd, 4318543.143, 140
Trd, 4318543.593, 138
Trd, 4318544.093, 134
Trd, 4318545.393, 63
Trd, 4318545.943, 113
Trd, 4318546.293, 112
Trd, 4318546.493, 102
Trd, 4318547.393, 140
Trd, 4318548.093, 140
Trd, 4318548.243, 138
Trd, 4318549.543, 140
Trd, 4318549.943, 139
Trd, 4318551.043, 140
Trd, 4318551.343, 139
Trd, 4318552.193, 139
Trd, 4318552.243, 132
Trd, 4318552.343, 136
Trd, 4318552.793, 131
Trd, 4318554.243, 138
Trd, 4318554.493, 126
Trd, 4318554.543, 102
Trd, 4318555.243, 97
Trd, 4318555.543, 62
Trd, 4318555.993, 140
Trd, 4318558.693, 140
Trd, 4318558.993, 140
Trd, 4318559.043, 132
Trd, 4318559.093, 114
Trd, 4318560.193, 129
Trd, 4318560.543, 123
Trd, 4318560.993, 140
Trd, 4318561.593, 98
Trd, 4318562.743, 61
Trd, 4318563.243, 69
Trd, 4318565.043, 62
Trd, 4318565.293, 117
Trd, 4318565.943, 140
Trd, 4318567.643, 140
Trd, 4318567.693, 131
Trd, 4318567.743, 124
Trd, 4318567.843, 123
Trd, 4318568.343, 121
Trd, 4318568.443, 74
Trd, 4318568.743, 73
Trd, 4318570.043, 140
Trd, 4318570.693, 139
Trd, 4318571.593, 136
Trd, 4318572.443, 140
Trd, 4318573.143, 132
Trd, 4318573.893, 60
Trd, 4318574.543, 65
Trd, 4318575.093, 140
Trd, 4318575.793, 138
Trd, 4318576.143, 137
Trd, 4318576.293, 122
Trd, 4318577.243, 108
Trd, 4318577.843, 73
Trd, 4318579.393, 60
Trd, 4318579.893, 108
Trd, 4318580.243, 100
Trd, 4318580.493, 99
Trd, 4318581.143, 65
Trd, 4318581.793, 136
Trd, 4318582.943, 140
Trd, 4318583.243, 140
Trd, 4318584.143, 140
Trd, 4318584.343, 140
Trd, 4318584.943, 140
Trd, 4318586.143, 140
Trd, 4318587.343, 140
Trd, 4318588.093, 140
Trd, 4318588.243, 139
Trd, 4318588.343, 137
Trd, 4318589.193, 128
Trd, 4318590.293, 121
Trd, 4318590.393, 131
Trd, 4318590.843, 139
Trd, 4318593.143, 140
Trd, 4318593.193, 140
Trd, 4318594.393, 140
Trd, 4318595.193, 140
Trd, 4318595.493, 139
Trd, 4318595.993, 140
Trd, 4318596.793, 140
Trd, 4318596.943, 137
Trd, 4318597.793, 128
Trd, 4318598.193, 97
Trd, 4318598.743, 131
Trd, 4318598.993, 126
Trd, 4318599.693, 112
Trd, 4318601.193, 136
Trd, 4318601.643, 140
Trd, 4318602.493, 136
Trd, 4318603.343, 117
Trd, 4318603.993, 140
Trd, 4318604.093, 140
Trd, 4318605.343, 139
Trd, 4318605.493, 132
Trd, 4318606.343, 110
Trd, 4318606.943, 108
Trd, 4318607.393, 104
Trd, 4318608.443, 114
Trd, 4318609.643, 140
Trd, 4318610.193, 86
Trd, 4318610.543, 86
Trd, 4318610.993, 123
Trd, 4318611.243, 122
Trd, 4318611.643, 129
Trd, 4318612.043, 71
Trd, 4318612.493, 140
Trd, 4318613.043, 125
Trd, 4318613.793, 140
Trd, 4318614.893, 140
Trd, 4318615.143, 140
Trd, 4318615.393, 72
Trd, 4318616.293, 66
Trd, 4318618.093, 111
Trd, 4318619.093, 89
Trd, 4318619.743, 63
Trd, 4318620.393, 64
Trd, 4318621.143, 139
Trd, 4318621.593, 68
Trd, 4318622.293, 64
Trd, 4318623.043, 140
Trd, 4318623.843, 140
Trd, 4318624.293, 140
Trd, 4318624.643, 140
Trd, 4318626.293, 139
Trd, 4318626.693, 110
Trd, 4318627.793, 140
Trd, 4318627.993, 140
Trd, 4318628.493, 138
Trd, 4318629.143, 121
Trd, 4318629.693, 116
Trd, 4318630.143, 132
Trd, 4318630.843, 140
Trd, 4318631.843, 140
Trd, 4318632.543, 140
Trd, 4318633.143, 140
Trd, 4318633.193, 140
Trd, 4318633.343, 118
Trd, 4318634.443, 100
Trd, 4318635.843, 140
Trd, 4318635.993, 140
Trd, 4318636.093, 113
Trd, 4318636.943, 110
Trd, 4318637.043, 110
Trd, 4318637.893, 140
Trd, 4318638.893, 63
Trd, 4318640.093, 71
Trd, 4318640.243, 69
Trd, 4318641.343, 140
Trd, 4318642.443, 105
Trd, 4318642.693, 101
Trd, 4318643.593, 140
Trd, 4318643.993, 139
Trd, 4318644.843, 139
Trd, 4318644.943, 138
Trd, 4318645.343, 138
Trd, 4318645.743, 138
Trd, 4318646.993, 134
Trd, 4318647.543, 84
Trd, 4318648.493, 139
Trd, 4318649.143, 140
Trd, 4318649.893, 140
Trd, 4318650.143, 138
Trd, 4318650.643, 137
Trd, 4318651.343, 117
Trd, 4318651.643, 61
Trd, 4318653.443, 140
Trd, 4318655.693, 140
Trd, 4318655.793, 140
Trd, 4318656.043, 140
Trd, 4318656.393, 140
Trd, 4318657.143, 140
Trd, 4318657.893, 139
Trd, 4318658.643, 134
Trd, 4318659.843, 138
Trd, 4318661.243, 131
Trd, 4318662.193, 139
Trd, 4318662.643, 140
Trd, 4318663.893, 93
Trd, 4318664.393, 107
Trd, 4318664.543, 92
Trd, 4318664.793, 139
Trd, 4318665.293, 91
Trd, 4318666.243, 98
Trd, 4318666.893, 92
Trd, 4318666.993, 104
Trd, 4318667.043, 91
Trd, 4318667.843, 139
Trd, 4318669.793, 140
Trd, 4318669.893, 81
Trd, 4318671.093, 138
Trd, 4318671.143, 137
Trd, 4318671.393, 140
Trd, 4318671.993, 126
Trd, 4318673.193, 140
Trd, 4318673.593, 137
Trd, 4318674.293, 118
Trd, 4318675.293, 117
Trd, 4318675.593, 129
Trd, 4318676.043, 102
Trd, 4318676.443, 94
Trd, 4318677.343, 63
Trd, 4318678.943, 138
Trd, 4318679.743, 140
Trd, 4318679.793, 102
Trd, 4318679.893, 102
Trd, 4318680.443, 140
Trd, 4318681.243, 115
Trd, 4318681.993, 98
Trd, 4318682.243, 97
Trd, 4318683.043, 131
Trd, 4318683.243, 139
Trd, 4318684.843, 127
Trd, 4318685.443, 140
Trd, 4318687.693, 60
Trd, 4318688.093, 60
Trd, 4318688.493, 89
Trd, 4318689.443, 90
Trd, 4318689.993, 97
Trd, 4318690.393, 109
Trd, 4318691.593, 139
Trd, 4318692.143, 121
Trd, 4318692.693, 114
Trd, 4318693.843, 126
Trd, 4318694.893, 140
Trd, 4318695.193, 140
Trd, 4318695.393, 140
Trd, 4318696.343, 139
Trd, 4318697.093, 138
Trd, 4318697.643, 139
Trd, 4318697.693, 121
Trd, 4318697.893, 121
Trd, 4318698.093, 120
Trd, 4318699.043, 107
Trd, 4318700.443, 126
Trd, 4318700.693, 127
Trd, 4318702.393, 140
Trd, 4318702.943, 140
Trd, 4318703.243, 139
Trd, 4318703.593, 139
Trd, 4318704.993, 140
Trd, 4318705.093, 139
Trd, 4318705.343, 90
Trd, 4318705.993, 133
Trd, 4318706.243, 123
Trd, 4318707.543, 138
Trd, 4318707.593, 122
Trd, 4318709.493, 140
Trd, 4318709.643, 139
Trd, 4318710.943, 130
Trd, 4318711.293, 132
Trd, 4318711.443, 130
Trd, 4318711.893, 80
Trd, 4318712.643, 136
Trd, 4318713.243, 77
Trd, 4318714.243, 139
Trd, 4318714.943, 140
Trd, 4318714.993, 140
Trd, 4318716.343, 127
Trd, 4318716.843, 108
Trd, 4318717.043, 109
Trd, 4318718.093, 140
Trd, 4318718.543, 138
Trd, 4318718.593, 98
Trd, 4318720.843, 140
Trd, 4318720.993, 140
Trd, 4318721.643, 140
Trd, 4318722.443, 140
Trd, 4318722.593, 114
Trd, 4318723.493, 61
Trd, 4318724.043, 61
Trd, 4318725.493, 111
Trd, 4318725.693, 95
Trd, 4318726.443, 62
Trd, 4318727.243, 60
Trd, 4318728.443, 60
Trd, 4318728.743, 62
Trd, 4318730.443, 67
Trd, 4318730.593, 113
Trd, 4318730.843, 128
Trd, 4318732.293, 140
Trd, 4318733.043, 140
Trd, 4318733.593, 140
Trd, 4318733.943, 140
Trd, 4318734.943, 140
Trd, 4318735.193, 140
Trd, 4318736.043, 137
Trd, 4318736.493, 139
Trd, 4318736.593, 131
Trd, 4318737.043, 109
Trd, 4318737.893, 138
Trd, 4318738.593, 125
Trd, 4318738.843, 116
Trd, 4318739.743, 139
Trd, 4318740.843, 140
Trd, 4318741.493, 140
Trd, 4318742.293, 140
Trd, 4318742.393, 139
Trd, 4318742.793, 134
Trd, 4318742.893, 107
Trd, 4318743.543, 140
Trd, 4318745.093, 140
Trd, 4318746.343, 140
Trd, 4318746.543, 140
Trd, 4318746.893, 140
Trd, 4318746.993, 138
Trd, 4318747.443, 128
Trd, 4318748.643, 128
Trd, 4318748.943, 80
Trd, 4318749.793, 78
Trd, 4318749.993, 72
Trd, 4318752.443, 140
Trd, 4318752.643, 140
Trd, 4318752.693, 140
Trd, 4318752.843, 118
Trd, 4318753.493, 129
Trd, 4318756.493, 140
Trd, 4318757.043, 140
Trd, 4318757.293, 140
Trd, 4318757.643, 139
Trd, 4318757.693, 127
Trd, 4318758.243, 140
Trd, 4318758.543, 139
Trd, 4318759.443, 126
Trd, 4318760.443, 115
Trd, 4318760.543, 114
Trd, 4318761.793, 140
Trd, 4318761.843, 139
Trd, 4318762.293, 140
Trd, 4318762.393, 140
Trd, 4318762.693, 139
Trd, 4318763.143, 62
Trd, 4318764.193, 62
Trd, 4318765.543, 71
Trd, 4318765.993, 74
Trd, 4318766.043, 97
Trd, 4318766.543, 140
Trd, 4318767.693, 66
Trd, 4318768.743, 60
Trd, 4318769.293, 69
Trd, 4318769.393, 68
Trd, 4318770.243, 130
Trd, 4318771.093, 140
Trd, 4318771.243, 140
Trd, 4318771.993, 140
Trd, 4318772.443, 139
Trd, 4318772.543, 138
Trd, 4318774.443, 140
Trd, 4318774.643, 140
Trd, 4318775.493, 140
Trd, 4318775.743, 113
Trd, 4318777.193, 139
Trd, 4318777.243, 118
Trd, 4318777.343, 106
Trd, 4318777.443, 88
Trd, 4318778.093, 62
Trd, 4318778.543, 61
Trd, 4318780.293, 69
Trd, 4318781.193, 83
Trd, 4318781.243, 82
Trd, 4318782.043, 67
Trd, 4318782.593, 81
Trd, 4318782.943, 83
Trd, 4318784.293, 140
Trd, 4318784.693, 140
Trd, 4318784.893, 140
Trd, 4318786.593, 105
Trd, 4318787.093, 106
Trd, 4318787.943, 137
Trd, 4318788.993, 88
Trd, 4318789.643, 138
Trd, 4318791.143, 140
Trd, 4318791.743, 140
Trd, 4318792.843, 140
Trd, 4318793.093, 102
Trd, 4318794.943, 140
Trd, 4318795.693, 140
Trd, 4318795.793, 140
Trd, 4318796.043, 140
Trd, 4318796.343, 140
Trd, 4318796.543, 139
Trd, 4318797.043, 103
Trd, 4318797.693, 124
Trd, 4318798.043, 61
Trd, 4318798.143, 62
Trd, 4318798.643, 138
Trd, 4318800.043, 140
Trd, 4318800.443, 117
Trd, 4318801.893, 129
Trd, 4318802.143, 109
Trd, 4318802.243, 91
Trd, 4318802.343, 98
Trd, 4318803.043, 69
Trd, 4318803.543, 124
Trd, 4318805.743, 139
Trd, 4318805.793, 138
Trd, 4318806.793, 122
Trd, 4318807.093, 111
Trd, 4318807.643, 61
Trd, 4318809.293, 139
Trd, 4318810.493, 135
Trd, 4318810.593, 111
Trd, 4318810.893, 110
Trd, 4318810.993, 109
Trd, 4318812.343, 138
Trd, 4318812.893, 111
Trd, 4318813.793, 61
Trd, 4318814.193, 69
Trd, 4318814.843, 62
Trd, 4318815.943, 139
Trd, 4318816.243, 140
Trd, 4318816.493, 139
Trd, 4318816.893, 138
Trd, 4318817.593, 140
Trd, 4318818.643, 111
Trd, 4318818.693, 101
Trd, 4318818.893, 114
Trd, 4318819.993, 78
Trd, 4318820.543, 140
Trd, 4318821.193, 110
Trd, 4318821.543, 61
Trd, 4318823.143, 61
Trd, 4318823.743, 138
Trd, 4318824.693, 134
Trd, 4318824.893, 132
Trd, 4318825.743, 131
Trd, 4318826.093, 130
Trd, 4318826.993, 129
Trd, 4318827.543, 128
Trd, 4318828.243, 139
Trd, 4318828.643, 136
Trd, 4318829.643, 122
Trd, 4318829.843, 87
Trd, 4318830.143, 86
Trd, 4318831.493, 140
Trd, 4318831.643, 140
Trd, 4318831.743, 138
Trd, 4318831.943, 127
Trd, 4318832.843, 61
Trd, 4318833.893, 62
Trd, 4318834.393, 62
Trd, 4318834.493, 84
Trd, 4318835.493, 140
Trd, 4318838.193, 60
Trd, 4318838.293, 61
Trd, 4318838.443, 66
Trd, 4318838.643, 101
Trd, 4318839.993, 66
Trd, 4318840.843, 69
Trd, 4318841.243, 61
Trd, 4318841.993, 78
Trd, 4318842.293, 60
Trd, 4318844.143, 62
Trd, 4318844.193, 65
Trd, 4318845.193, 63
Trd, 4318846.343, 94
Trd, 4318846.743, 112
Trd, 4318848.343, 82
Trd, 4318848.593, 78
Trd, 4318850.143, 114
Trd, 4318850.543, 115
Trd, 4318850.893, 103
Trd, 4318851.043, 130
Trd, 4318851.743, 139
Trd, 4318851.843, 137
Trd, 4318852.543, 63
Trd, 4318853.293, 61
Trd, 4318854.243, 138
Trd, 4318854.843, 110
Trd, 4318854.943, 108
Trd, 4318856.293, 105
Trd, 4318856.393, 97
Trd, 4318857.193, 87
Trd, 4318857.593, 84
Trd, 4318858.193, 139
Trd, 4318858.543, 82
Trd, 4318858.593, 78
Trd, 4318860.543, 61
Trd, 4318861.443, 64
Trd, 4318861.793, 68
Trd, 4318863.193, 135
Trd, 4318863.393, 129
Trd, 4318863.643, 127
Trd, 4318863.993, 127
Trd, 4318864.043, 137
Trd, 4318866.043, 140
Trd, 4318867.043, 140
Trd, 4318867.293, 139
Trd, 4318868.193, 140
Trd, 4318868.793, 138
Trd, 4318869.093, 136
Trd, 4318869.293, 73
Trd, 4318869.943, 65
Trd, 4318870.443, 91
Trd, 4318871.193, 110
Trd, 4318872.043, 60
Trd, 4318873.443, 61
Trd, 4318873.493, 65
Trd, 4318874.443, 139
Trd, 4318875.343, 139
Trd, 4318875.543, 140
Trd, 4318876.943, 140
Trd, 4318876.993, 140
Trd, 4318877.943, 140
Trd, 4318878.643, 140
Trd, 4318879.993, 140
Trd, 4318880.593, 140
Trd, 4318880.893, 139
Trd, 4318881.043, 135
Trd, 4318882.543, 137
Trd, 4318882.743, 135
Trd, 4318883.043, 140
Trd, 4318883.943, 118
Trd, 4318884.143, 135
Trd, 4318884.843, 118
Trd, 4318885.543, 140
Trd, 4318886.643, 140
Trd, 4318886.793, 103
Trd, 4318887.843, 128
Trd, 4318888.043, 115
Trd, 4318888.293, 140
Trd, 4318889.193, 136
Trd, 4318889.793, 139
Trd, 4318891.143, 140
Trd, 4318891.443, 140
Trd, 4318891.693, 140
Trd, 4318891.743, 139
Trd, 4318893.743, 139
Trd, 4318894.543, 140
Trd, 4318894.593, 139
Trd, 4318894.893, 134
Trd, 4318896.093, 140
Trd, 4318896.843, 140
Trd, 4318896.943, 88
Trd, 4318897.243, 63
Trd, 4318897.493, 62
Trd, 4318898.443, 105
Trd, 4318899.193, 134
Trd, 4318899.693, 104
Trd, 4318900.493, 62
Trd, 4318900.843, 64
Trd, 4318901.643, 61
Trd, 4318901.843, 68
Trd, 4318902.643, 140
Trd, 4318903.443, 68
Trd, 4318903.993, 86
Trd, 4318906.543, 140
Trd, 4318907.893, 140
Trd, 4318908.143, 140
Trd, 4318908.293, 140
Trd, 4318909.443, 140
Trd, 4318909.793, 140
Trd, 4318909.893, 139
Trd, 4318909.943, 138
Trd, 4318911.893, 126
Trd, 4318912.543, 139
Trd, 4318912.593, 135
Trd, 4318913.143, 140
Trd, 4318914.943, 140
Trd, 4318915.043, 139
Trd, 4318915.443, 138
Trd, 4318915.543, 137
Trd, 4318916.343, 132
Trd, 4318916.943, 133
Trd, 4318917.643, 132
Trd, 4318918.243, 140
Trd, 4318918.643, 60
Trd, 4318918.993, 96
Trd, 4318919.943, 67
Trd, 4318920.493, 140
Trd, 4318920.943, 140
Trd, 4318920.993, 140
Trd, 4318922.243, 140
Trd, 4318922.293, 140
Trd, 4318922.743, 140
Trd, 4318922.993, 113
Trd, 4318923.193, 124
Trd, 4318924.493, 82
Trd, 4318924.993, 81
Trd, 4318925.393, 79
Trd, 4318926.893, 104
Trd, 4318927.343, 65
Trd, 4318928.393, 73
Trd, 4318929.593, 65
Trd, 4318929.843, 66
Trd, 4318929.943, 68
Trd, 4318930.393, 74
Trd, 4318931.993, 140
Trd, 4318932.343, 140
Trd, 4318932.393, 140
Trd, 4318933.193, 119
Trd, 4318934.343, 78
Trd, 4318934.843, 88
Trd, 4318935.093, 88
Trd, 4318935.843, 136
Trd, 4318937.193, 124
Trd, 4318937.743, 112
Trd, 4318938.493, 94
Trd, 4318938.843, 122
Trd, 4318939.093, 99
Trd, 4318939.743, 135
Trd, 4318940.393, 64
Trd, 4318941.743, 68
Trd, 4318942.543, 139
Trd, 4318942.993, 74
Trd, 4318943.743, 96
Trd, 4318943.793, 129
Trd, 4318943.943, 93
Trd, 4318945.043, 140
Trd, 4318946.293, 130
Trd, 4318946.893, 139
Trd, 4318947.093, 128
Trd, 4318947.693, 61
Trd, 4318949.193, 61
Trd, 4318949.343, 66
Trd, 4318949.443, 67
Trd, 4318950.043, 63
Trd, 4318951.093, 121
Trd, 4318951.543, 67
Trd, 4318951.693, 140
Trd, 4318952.893, 61
Trd, 4318953.343, 81
Trd, 4318954.043, 90
Trd, 4318955.443, 138
Trd, 4318955.543, 137
Trd, 4318956.793, 137
Trd, 4318957.443, 66
Trd, 4318958.543, 139
Trd, 4318960.143, 140
Trd, 4318960.193, 140
Trd, 4318960.343, 122
Trd, 4318961.443, 140
Trd, 4318962.143, 140
Trd, 4318962.793, 140
Trd, 4318963.693, 124
Trd, 4318964.093, 139
Trd, 4318964.593, 140
Trd, 4318966.543, 140
Trd, 4318967.043, 140
Trd, 4318968.093, 140
Trd, 4318968.543, 140
Trd, 4318969.443, 140
Trd, 4318969.943, 140
Trd, 4318970.193, 140
Trd, 4318970.393, 139
Trd, 4318971.243, 129
Trd, 4318971.843, 128
Trd, 4318971.893, 124
Trd, 4318972.443, 139
Trd, 4318972.893, 102
Trd, 4318973.393, 118
Trd, 4318975.593, 140
Trd, 4318975.893, 140
Trd, 4318976.393, 140
Trd, 4318977.093, 78
Trd, 4318978.443, 127
Trd, 4318978.643, 116
Trd, 4318979.343, 139
Trd, 4318981.293, 140
Trd, 4318981.543, 140
Trd, 4318982.143, 132
Trd, 4318982.393, 121
Trd, 4318983.543, 77
Trd, 4318984.693, 129
Trd, 4318985.193, 129
Trd, 4318985.493, 128
Trd, 4318985.543, 127
Trd, 4318985.993, 140
Trd, 4318986.143, 116
Trd, 4318986.593, 114
Trd, 4318986.843, 65
Trd, 4318988.243, 71
Trd, 4318989.593, 118
Trd, 4318990.143, 123
Trd, 4318990.593, 125
Trd, 4318991.043, 140
Trd, 4318991.243, 138
Trd, 4318991.943, 94
Trd, 4318992.593, 135
Trd, 4318993.543, 140
Trd, 4318994.443, 113
Trd, 4318995.243, 113
Trd, 4318995.343, 121
Trd, 4318995.893, 128
Trd, 4318996.993, 91
Trd, 4318997.443, 137
Trd, 4318997.593, 90
Trd, 4318998.043, 72
Trd, 4318999.493, 69
Trd, 4318999.843, 96
Trd, 4319000.193, 119
Trd, 4319000.993, 135
Trd, 4319001.293, 99
Trd, 4319002.093, 139
Trd, 4319002.843, 72
Trd, 4319003.643, 68
Trd, 4319003.993, 64
Trd, 4319004.793, 122
Trd, 4319005.443, 122
Trd, 4319005.843, 139
Trd, 4319007.843, 140
Trd, 4319008.293, 139
Trd, 4319009.593, 106
Trd, 4319009.693, 140
Trd, 4319010.343, 118
Trd, 4319010.493, 117
Trd, 4319011.393, 63
Trd, 4319012.293, 62
Trd, 4319013.193, 69
Trd, 4319013.643, 60
Trd, 4319014.093, 139
Trd, 4319014.943, 139
Trd, 4319015.193, 138
Trd, 4319015.643, 136
Trd, 4319016.443, 81
Trd, 4319016.493, 80
Trd, 4319017.293, 60
Trd, 4319017.343, 113
Trd, 4319017.943, 93
Trd, 4319019.093, 83
Trd, 4319019.443, 75
Trd, 4319021.093, 139
Trd, 4319021.543, 79
Trd, 4319021.793, 84
Trd, 4319022.693, 67
Trd, 4319023.843, 139
Trd, 4319024.093, 72
Trd, 4319025.143, 65
Trd, 4319025.743, 60
Trd, 4319026.193, 137
Trd, 4319027.343, 91
Trd, 4319028.043, 60
Trd, 4319028.843, 85
Trd, 4319029.993, 140
Trd, 4319030.343, 140
Trd, 4319030.743, 139
Trd, 4319030.993, 115
Trd, 4319032.093, 140
Trd, 4319032.743, 140
Trd, 4319033.393, 117
Trd, 4319034.693, 118
Trd, 4319035.043, 116
Trd, 4319035.493, 128
Trd, 4319035.743, 105
Trd, 4319036.843, 140
Trd, 4319037.343, 139
Trd, 4319038.193, 137
Trd, 4319038.543, 108
Trd, 4319038.693, 131
Trd, 4319039.943, 61
Trd, 4319040.043, 65
Trd, 4319040.693, 136
Trd, 4319041.543, 137
Trd, 4319042.243, 80
Trd, 4319042.993, 90
Trd, 4319044.393, 61
Trd, 4319046.043, 60
Trd, 4319046.843, 60
Trd, 4319047.243, 62
Trd, 4319047.393, 66
Trd, 4319047.893, 64
Trd, 4319048.843, 62
Trd, 4319048.993, 66
Trd, 4319049.543, 91
Trd, 4319050.793, 63
Trd, 4319051.093, 68
Trd, 4319051.593, 69
Trd, 4319052.243, 63
Trd, 4319052.693, 67
Trd, 4319053.143, 61
Trd, 4319054.643, 60
Trd, 4319055.293, 80
Trd, 4319055.943, 78
Trd, 4319056.693, 106
Trd, 4319056.993, 69
Trd, 4319057.343, 71
Trd, 4319057.593, 139
Trd, 4319058.993, 136
Trd, 4319060.593, 140
Trd, 4319060.943, 140
Trd, 4319061.593, 140
Trd, 4319061.793, 134
Trd, 4319062.193, 140
Trd, 4319062.493, 133
Trd, 4319064.143, 140
Trd, 4319065.143, 140
Trd, 4319065.543, 138
Trd, 4319065.593, 117
Trd, 4319065.693, 76
Trd, 4319066.743, 140
Trd, 4319068.143, 140
Trd, 4319069.243, 140
Trd, 4319069.343, 140
Trd, 4319069.393, 122
Trd, 4319070.943, 140
Trd, 4319071.343, 139
Trd, 4319072.093, 139
Trd, 4319073.593, 105
Trd, 4319073.993, 94
Trd, 4319074.943, 139
Trd, 4319075.343, 139
Trd, 4319075.493, 138
Trd, 4319076.393, 118
Trd, 4319077.493, 140
Trd, 4319078.593, 140
Trd, 4319079.293, 140
Trd, 4319079.393, 140
Trd, 4319079.493, 139
Trd, 4319080.293, 140
Trd, 4319081.443, 77
Trd, 4319082.093, 139
Trd, 4319082.343, 138
Trd, 4319083.393, 66
Trd, 4319083.493, 67
Trd, 4319084.043, 140
Trd, 4319084.243, 140
Trd, 4319085.743, 140
Trd, 4319087.043, 140
Trd, 4319087.993, 140
Trd, 4319088.393, 140
Trd, 4319088.443, 140
Trd, 4319088.693, 137
Trd, 4319089.443, 112
Trd, 4319090.143, 120
Trd, 4319090.443, 125
Trd, 4319090.843, 84
Trd, 4319092.093, 140
Trd, 4319092.693, 140
Trd, 4319094.793, 140
Trd, 4319094.993, 140
Trd, 4319095.193, 140
Trd, 4319095.893, 140
Trd, 4319096.043, 139
Trd, 4319096.893, 127
Trd, 4319097.993, 140
Trd, 4319098.693, 140
Trd, 4319098.943, 108
Trd, 4319099.193, 140
Trd, 4319099.443, 100
Trd, 4319100.443, 140
Trd, 4319101.193, 138
Trd, 4319101.643, 138
Trd, 4319102.793, 127
Trd, 4319102.843, 124
Trd, 4319103.293, 65
Trd, 4319104.393, 140
Trd, 4319105.093, 135
Trd, 4319105.493, 85
Trd, 4319105.593, 118
Trd, 4319107.243, 140
Trd, 4319107.443, 140
Trd, 4319107.543, 140
Trd, 4319108.343, 112
Trd, 4319109.693, 140
Trd, 4319109.993, 139
Trd, 4319110.643, 140
Trd, 4319111.193, 140
Trd, 4319111.993, 121
Trd, 4319112.593, 119
Trd, 4319113.693, 139
Trd, 4319114.543, 131
Trd, 4319115.543, 126
Trd, 4319115.943, 111
Trd, 4319116.093, 66
Trd, 4319117.443, 64
Trd, 4319117.643, 71
Trd, 4319118.743, 74
Trd, 4319119.843, 95
Trd, 4319120.093, 138
Trd, 4319120.593, 60
Trd, 4319121.843, 127
Trd, 4319122.393, 127
Trd, 4319123.143, 116
Trd, 4319123.343, 108
Trd, 4319123.493, 101
Trd, 4319124.293, 63
Trd, 4319124.393, 131
Trd, 4319125.843, 118
Trd, 4319125.943, 106
Trd, 4319126.243, 101
Trd, 4319126.793, 75
Trd, 4319127.043, 61
Trd, 4319128.693, 140
Trd, 4319128.943, 140
Trd, 4319129.493, 140
Trd, 4319129.843, 140
Trd, 4319130.443, 140
Trd, 4319130.893, 139
Trd, 4319131.543, 81
Trd, 4319131.593, 90
Trd, 4319132.043, 77
Trd, 4319132.493, 92
Trd, 4319133.893, 140
Trd, 4319135.293, 140
Trd, 4319135.943, 140
Trd, 4319136.043, 75
Trd, 4319136.693, 87
Trd, 4319137.143, 74
Trd, 4319137.843, 64
Trd, 4319138.393, 138
Trd, 4319139.443, 140
Trd, 4319139.743, 140
Trd, 4319141.343, 140
Trd, 4319141.643, 140
Trd, 4319142.293, 139
Trd, 4319142.843, 122
Trd, 4319143.593, 137
Trd, 4319145.193, 126
Trd, 4319146.393, 119
Trd, 4319147.043, 130
Trd, 4319147.143, 129
Trd, 4319147.193, 137
Trd, 4319147.793, 135
Trd, 4319147.893, 70
Trd, 4319149.193, 72
Trd, 4319149.593, 69
Trd, 4319150.643, 61
Trd, 4319151.243, 140
Trd, 4319151.793, 129
Trd, 4319152.843, 64
Trd, 4319154.143, 60
Trd, 4319154.943, 124
Trd, 4319155.043, 124
Trd, 4319155.593, 124
Trd, 4319156.543, 140
Trd, 4319157.393, 140
Trd, 4319157.893, 139
Trd, 4319158.093, 76
Trd, 4319158.343, 75
Trd, 4319159.743, 133
Trd, 4319160.293, 110
Trd, 4319161.143, 140
Trd, 4319161.443, 140
Trd, 4319162.243, 80
Trd, 4319163.243, 61
Trd, 4319164.493, 140
Trd, 4319164.843, 140
Trd, 4319165.243, 140
Trd, 4319165.793, 140
Trd, 4319166.993, 140
Trd, 4319167.843, 140
Trd, 4319168.293, 96
Trd, 4319168.543, 115
Trd, 4319168.693, 95
Trd, 4319169.343, 140
Trd, 4319169.893, 138
Trd, 4319170.593, 140
Trd, 4319170.993, 108
Trd, 4319171.243, 105
Trd, 4319171.293, 104
Trd, 4319172.493, 140
Trd, 4319173.943, 139
Trd, 4319174.593, 140
Trd, 4319175.543, 140
Trd, 4319175.693, 140
Trd, 4319176.193, 122
Trd, 4319177.193, 124
Trd, 4319177.943, 137
Trd, 4319178.643, 140
Trd, 4319179.593, 140
Trd, 4319180.593, 139
Trd, 4319181.493, 88
Trd, 4319181.843, 139
Trd, 4319182.093, 140
Trd, 4319182.243, 94
Trd, 4319182.843, 62
Trd, 4319183.493, 62
Trd, 4319183.793, 92
Trd, 4319184.693, 100
Trd, 4319185.143, 140
Trd, 4319185.293, 140
Trd, 4319186.343, 140
Trd, 4319186.393, 140
Trd, 4319187.543, 120
Trd, 4319188.193, 140
Trd, 4319189.043, 140
Trd, 4319190.143, 115
Trd, 4319190.993, 113
Trd, 4319191.193, 116
Trd, 4319191.943, 113
Trd, 4319192.243, 84
Trd, 4319193.393, 139
Trd, 4319193.643, 137
Trd, 4319194.843, 98
Trd, 4319194.993, 60
Trd, 4319197.143, 140
Trd, 4319197.643, 140
Trd, 4319197.743, 140
Trd, 4319197.993, 140
Trd, 4319198.643, 138
Trd, 4319198.743, 125
Trd, 4319199.693, 140
Trd, 4319202.093, 140
Trd, 4319202.293, 140
Trd, 4319202.693, 139
Trd, 4319203.443, 130
Trd, 4319204.293, 126
Trd, 4319205.193, 140
Trd, 4319205.893, 140
Trd, 4319205.993, 140
Trd, 4319206.093, 138
Trd, 4319207.943, 140
Trd, 4319208.393, 139
Trd, 4319209.393, 140
Trd, 4319209.843, 139
Trd, 4319210.043, 134
Trd, 4319210.493, 99
Trd, 4319210.593, 98
Trd, 4319210.843, 65
Trd, 4319211.643, 74
Trd, 4319213.143, 127
Trd, 4319214.093, 61
Trd, 4319214.543, 140
Trd, 4319217.393, 140
Trd, 4319217.793, 140
Trd, 4319218.743, 140
Trd, 4319219.743, 140
Trd, 4319219.993, 139
Trd, 4319220.093, 120
Trd, 4319220.393, 119
Trd, 4319220.493, 110
Trd, 4319222.443, 67
Trd, 4319222.693, 119
Trd, 4319223.693, 140
Trd, 4319224.193, 140
Trd, 4319225.293, 140
Trd, 4319225.343, 140
Trd, 4319225.893, 140
Trd, 4319226.993, 95
Trd, 4319227.343, 138
Trd, 4319227.743, 70
Trd, 4319228.493, 128
Trd, 4319230.843, 64
Trd, 4319231.143, 67
Trd, 4319231.643, 69
Trd, 4319231.743, 66
Trd, 4319232.143, 137
Trd, 4319232.193, 121
Trd, 4319232.943, 140
Trd, 4319233.393, 140
Trd, 4319235.143, 107
Trd, 4319235.193, 87
Trd, 4319236.743, 140
Trd, 4319236.893, 139
Trd, 4319237.543, 139
Trd, 4319238.543, 140
Trd, 4319239.093, 107
Trd, 4319239.543, 93
Trd, 4319240.793, 140
Trd, 4319241.693, 140
Trd, 4319242.143, 115
Trd, 4319242.693, 111
Trd, 4319242.943, 97
Trd, 4319243.493, 80
Trd, 4319243.543, 79
Trd, 4319246.043, 140
Trd, 4319246.643, 140
Trd, 4319246.843, 140
Trd, 4319247.143, 131
Trd, 4319247.843, 140
Trd, 4319249.743, 138
Trd, 4319250.193, 137
Trd, 4319251.393, 139
Trd, 4319251.443, 105
Trd, 4319252.393, 79
Trd, 4319254.043, 140
Trd, 4319254.743, 140
Trd, 4319254.893, 140
Trd, 4319255.343, 140
Trd, 4319255.443, 139
Trd, 4319255.993, 120
Trd, 4319256.843, 138
Trd, 4319257.243, 119
Trd, 4319257.943, 125
Trd, 4319258.793, 140
Trd, 4319259.443, 140
Trd, 4319259.693, 140
Trd, 4319260.693, 140
Trd, 4319260.843, 65
Trd, 4319261.593, 96
Trd, 4319263.143, 138
Trd, 4319263.243, 137
Trd, 4319263.643, 122
Trd, 4319263.843, 140
Trd, 4319265.493, 137
Trd, 4319265.943, 137
Trd, 4319266.043, 136
Trd, 4319266.793, 130
Trd, 4319267.443, 132
Trd, 4319267.643, 133
Trd, 4319268.343, 140
Trd, 4319269.843, 113
Trd, 4319270.193, 140
Trd, 4319270.693, 118
Trd, 4319271.443, 111
Trd, 4319271.843, 79
Trd, 4319272.043, 74
Trd, 4319272.443, 63
Trd, 4319274.143, 123
Trd, 4319274.443, 75
Trd, 4319275.543, 65
Trd, 4319275.693, 71
Trd, 4319275.893, 130
Trd, 4319277.343, 63
Trd, 4319278.643, 60
Trd, 4319279.043, 65
Trd, 4319279.743, 126
Trd, 4319279.893, 125
Trd, 4319280.693, 91
Trd, 4319281.193, 138
Trd, 4319281.543, 103
Trd, 4319283.143, 140
Trd, 4319283.793, 140
Trd, 4319284.343, 84
Trd, 4319284.493, 83
Trd, 4319285.243, 118
Trd, 4319286.093, 101
Trd, 4319286.793, 93
Trd, 4319287.193, 127
Trd, 4319287.743, 140
Trd, 4319288.293, 140
Trd, 4319289.593, 102
Trd, 4319289.693, 63
Trd, 4319290.343, 87
Trd, 4319290.843, 63
Trd, 4319293.443, 61
Trd, 4319293.593, 65
Trd, 4319293.643, 66
Trd, 4319294.193, 140
Trd, 4319295.493, 75
Trd, 4319297.093, 63
Trd, 4319297.143, 69
Trd, 4319297.743, 65
Trd, 4319299.193, 61
Trd, 4319300.093, 60
Trd, 4319300.243, 60
Trd, 4319301.543, 61
Trd, 4319302.343, 60
Trd, 4319303.443, 62
Trd, 4319303.693, 90
Trd, 4319304.443, 65
Trd, 4319305.593, 61
Trd, 4319306.643, 67
Trd, 4319307.593, 60
Trd, 4319307.693, 62
Trd, 4319308.743, 60
Trd, 4319308.843, 67
Trd, 4319310.043, 140
Trd, 4319310.193, 136
Trd, 4319310.643, 80
Trd, 4319310.793, 79
Trd, 4319311.993, 140
Trd, 4319312.743, 60
Trd, 4319313.593, 65
Trd, 4319313.793, 83
Trd, 4319314.743, 61
Trd, 4319314.943, 127
Trd, 4319315.843, 61
Trd, 4319316.093, 61
Trd, 4319317.693, 63
Trd, 4319319.643, 64
Trd, 4319319.993, 62
Trd, 4319321.143, 64
Trd, 4319321.943, 60
Trd, 4319322.443, 61
Trd, 4319322.543, 68
Trd, 4319322.593, 112
Trd, 4319322.793, 135
Trd, 4319323.543, 136
Trd, 4319324.893, 137
Trd, 4319325.093, 134
Trd, 4319325.143, 132
Trd, 4319325.543, 105
Trd, 4319326.093, 140
Trd, 4319327.293, 140
Trd, 4319327.643, 140
Trd, 4319327.793, 107
Trd, 4319329.043, 140
Trd, 4319329.393, 137
Trd, 4319329.793, 129
Trd, 4319330.893, 64
Trd, 4319331.843, 140
Trd, 4319331.893, 140
Trd, 4319332.693, 138
Trd, 4319333.343, 140
Trd, 4319333.693, 140
Trd, 4319334.243, 138
Trd, 4319334.743, 118
Trd, 4319335.143, 105
Trd, 4319337.393, 139
Trd, 4319337.843, 140
Trd, 4319338.043, 140
Trd, 4319338.493, 140
Trd, 4319339.593, 140
Trd, 4319340.493, 139
Trd, 4319340.543, 134
Trd, 4319340.843, 129
Trd, 4319341.193, 139
Trd, 4319342.243, 123
Trd, 4319343.943, 128
Trd, 4319344.093, 136
Trd, 4319345.043, 129
Trd, 4319345.343, 128
Trd, 4319345.543, 118
Trd, 4319345.793, 87
Trd, 4319346.193, 69
Trd, 4319346.443, 66
Trd, 4319346.543, 66
Trd, 4319348.443, 140
Trd, 4319349.043, 140
Trd, 4319351.143, 136
Trd, 4319351.343, 132
Trd, 4319351.843, 129
Trd, 4319353.843, 140
Trd, 4319354.193, 140
Trd, 4319354.743, 140
Trd, 4319355.543, 140
Trd, 4319356.043, 140
Trd, 4319356.393, 139
Trd, 4319356.793, 123
Trd, 4319357.293, 120
Trd, 4319357.343, 74
Trd, 4319358.893, 140
Trd, 4319359.693, 140
Trd, 4319360.043, 140
Trd, 4319360.243, 140
Trd, 4319360.493, 126
Trd, 4319362.593, 140
Trd, 4319362.793, 140
Trd, 4319363.243, 140
Trd, 4319364.143, 140
Trd, 4319364.293, 118
Trd, 4319364.643, 138
Trd, 4319365.193, 98
Trd, 4319366.043, 140
Trd, 4319366.643, 107
Trd, 4319366.843, 104
Trd, 4319367.043, 127
Trd, 4319367.243, 127
Trd, 4319369.793, 119
Trd, 4319370.043, 139
Trd, 4319370.193, 117
Trd, 4319370.893, 139
Trd, 4319370.943, 138
Trd, 4319371.643, 104
Trd, 4319372.893, 110
Trd, 4319373.593, 124
Trd, 4319374.893, 91
Trd, 4319375.443, 140
Trd, 4319375.943, 124
Trd, 4319375.993, 110
Trd, 4319376.093, 70
Trd, 4319377.693, 124
Trd, 4319377.893, 123
Trd, 4319378.593, 140
Trd, 4319380.243, 140
Trd, 4319381.193, 140
Trd, 4319381.493, 138
Trd, 4319382.243, 94
Trd, 4319382.743, 139
Trd, 4319383.043, 139
Trd, 4319384.593, 118
Trd, 4319385.443, 139
Trd, 4319385.643, 105
Trd, 4319387.193, 140
Trd, 4319388.293, 140
Trd, 4319388.843, 140
Trd, 4319388.893, 138
Trd, 4319388.993, 127
Trd, 4319389.593, 110
Trd, 4319389.993, 139
Trd, 4319390.293, 69
Trd, 4319392.143, 64
Trd, 4319392.793, 124
Trd, 4319393.693, 123
Trd, 4319394.493, 139
Trd, 4319394.893, 140
Trd, 4319395.093, 105
Trd, 4319395.693, 68
Trd, 4319396.743, 123
Trd, 4319397.343, 138
Trd, 4319398.643, 138
Trd, 4319398.843, 140
Trd, 4319399.143, 127
Trd, 4319400.443, 139
Trd, 4319400.943, 139
Trd, 4319401.243, 139
Trd, 4319401.693, 138
Trd, 4319402.993, 93
Trd, 4319403.693, 140
Trd, 4319403.843, 83
Trd, 4319404.593, 86
Trd, 4319405.043, 106
Trd, 4319405.443, 92
Trd, 4319406.493, 140
Trd, 4319406.543, 140
Trd, 4319407.393, 140
Trd, 4319407.543, 118
Trd, 4319407.743, 131
Trd, 4319409.143, 64
Trd, 4319410.343, 119
Trd, 4319410.943, 118
Trd, 4319411.043, 134
Trd, 4319413.293, 63
Trd, 4319413.393, 64
Trd, 4319414.643, 140
Trd, 4319416.393, 137
Trd, 4319417.793, 140
Trd, 4319418.593, 140
Trd, 4319418.793, 140
Trd, 4319419.093, 137
Trd, 4319419.843, 138
Trd, 4319419.893, 135
Trd, 4319420.593, 124
Trd, 4319421.243, 135
Trd, 4319422.043, 140
Trd, 4319422.243, 138
Trd, 4319422.343, 120
Trd, 4319423.043, 81
Trd, 4319423.093, 114
Trd, 4319423.693, 139
Trd, 4319425.693, 60
Trd, 4319426.043, 62
Trd, 4319426.393, 62
Trd, 4319427.043, 60
Trd, 4319428.143, 140
Trd, 4319428.993, 140
Trd, 4319429.543, 140
Trd, 4319429.643, 140
Trd, 4319430.943, 140
Trd, 4319431.543, 99
Trd, 4319431.793, 113
Trd, 4319433.093, 114
Trd, 4319433.243, 99
Trd, 4319434.343, 139
Trd, 4319435.143, 140
Trd, 4319435.643, 140
Trd, 4319436.243, 140
Trd, 4319437.493, 118
Trd, 4319437.793, 139
Trd, 4319438.243, 88
Trd, 4319438.743, 76
Trd, 4319439.543, 127
Trd, 4319439.843, 139
Trd, 4319440.443, 131
Trd, 4319440.693, 138
Trd, 4319441.143, 125
Trd, 4319443.293, 120
Trd, 4319443.493, 96
Trd, 4319443.743, 138
Trd, 4319444.993, 71
Trd, 4319446.393, 66
Trd, 4319446.443, 65
Trd, 4319446.793, 111
Trd, 4319447.443, 136
Trd, 4319448.393, 137
Trd, 4319448.643, 132
Trd, 4319449.743, 116
Trd, 4319450.243, 115
Trd, 4319450.543, 113
Trd, 4319451.043, 134
Trd, 4319451.493, 133
Trd, 4319452.443, 140
Trd, 4319453.993, 62
Trd, 4319454.093, 64
Trd, 4319455.193, 140
Trd, 4319455.793, 140
Trd, 4319456.793, 140
Trd, 4319457.643, 140
Trd, 4319459.143, 140
Trd, 4319459.193, 134
Trd, 4319459.243, 110
Trd, 4319460.093, 138
Trd, 4319460.493, 137
Trd, 4319460.893, 93
Trd, 4319462.143, 88
Trd, 4319462.493, 137
Trd, 4319463.193, 68
Trd, 4319464.393, 125
Trd, 4319464.843, 140
Trd, 4319467.143, 140
Trd, 4319467.243, 140
Trd, 4319467.593, 140
Trd, 4319467.943, 140
Trd, 4319468.093, 104
Trd, 4319469.493, 140
Trd, 4319470.793, 130
Trd, 4319470.843, 129
Trd, 4319471.393, 128
Trd, 4319471.643, 120
Trd, 4319472.643, 140
Trd, 4319472.843, 106
Trd, 4319474.193, 140
Trd, 4319474.793, 140
Trd, 4319475.343, 140
Trd, 4319476.743, 140
Trd, 4319476.843, 140
Trd, 4319477.243, 140
Trd, 4319477.343, 132
Trd, 4319479.493, 140
Trd, 4319479.843, 139
Trd, 4319480.143, 137
Trd, 4319480.643, 116
Trd, 4319481.893, 72
Trd, 4319482.393, 97
Trd, 4319482.893, 92
Trd, 4319485.593, 140
Trd, 4319485.693, 140
Trd, 4319485.943, 140
Trd, 4319486.393, 140
Trd, 4319487.193, 140
Trd, 4319488.293, 140
Trd, 4319488.893, 138
Trd, 4319488.943, 125
Trd, 4319489.693, 69
Trd, 4319490.843, 80
Trd, 4319491.543, 74
Trd, 4319491.643, 71
Trd, 4319491.693, 66
Trd, 4319492.293, 65
Trd, 4319492.843, 64
Trd, 4319493.143, 139
Trd, 4319493.793, 93
Trd, 4319495.243, 140
Trd, 4319495.443, 140
Trd, 4319495.993, 113
Trd, 4319497.543, 113
Trd, 4319497.843, 140
Trd, 4319500.143, 140
Trd, 4319500.243, 140
Trd, 4319502.193, 140
Trd, 4319502.493, 140
Trd, 4319502.793, 139
Trd, 4319503.843, 140
Trd, 4319504.143, 140
Trd, 4319505.293, 140
Trd, 4319505.893, 136
Trd, 4319505.943, 99
Trd, 4319506.493, 60
Trd, 4319507.143, 60
Trd, 4319508.143, 140
Trd, 4319509.743, 140
Trd, 4319510.143, 140
Trd, 4319510.293, 139
Trd, 4319510.393, 130
Trd, 4319510.543, 122
Trd, 4319511.043, 121
Trd, 4319511.093, 99
Trd, 4319511.743, 140
Trd, 4319512.843, 140
Trd, 4319513.543, 140
Trd, 4319513.893, 140
Trd, 4319514.593, 140
Trd, 4319515.393, 128
Trd, 4319517.293, 140
Trd, 4319517.443, 140
Trd, 4319517.943, 140
Trd, 4319518.143, 140
Trd, 4319518.893, 126
Trd, 4319519.243, 139
Trd, 4319519.793, 102
Trd, 4319520.943, 140
Trd, 4319521.293, 139
Trd, 4319521.993, 130
Trd, 4319522.443, 139
Trd, 4319522.493, 105
Trd, 4319523.943, 60
Trd, 4319524.243, 136
Trd, 4319525.343, 140
Trd, 4319526.543, 140
Trd, 4319526.943, 140
Trd, 4319527.893, 140
Trd, 4319529.743, 140
Trd, 4319530.093, 135
Trd, 4319530.143, 120
Trd, 4319530.993, 140
Trd, 4319531.243, 140
Trd, 4319531.443, 140
Trd, 4319533.593, 140
Trd, 4319534.043, 140
Trd, 4319534.143, 140
Trd, 4319535.093, 140
Trd, 4319535.693, 132
Trd, 4319536.743, 108
Trd, 4319537.043, 82
Trd, 4319537.093, 80
Trd, 4319539.343, 123
Trd, 4319539.393, 122
Trd, 4319539.793, 122
Trd, 4319541.143, 66
Trd, 4319541.493, 63
Trd, 4319541.593, 68
Trd, 4319541.993, 78
Trd, 4319542.443, 85
Trd, 4319543.193, 91
Trd, 4319543.443, 65
Trd, 4319543.693, 122
Trd, 4319544.243, 139
Trd, 4319544.293, 138
Trd, 4319546.843, 117
Trd, 4319547.293, 72
Trd, 4319550.193, 97
Trd, 4319550.643, 94
Trd, 4319551.543, 75
Trd, 4319551.793, 106
Trd, 4319551.893, 70
Trd, 4319552.143, 69
Trd, 4319552.443, 132
Trd, 4319552.543, 68
Trd, 4319552.643, 67
Trd, 4319553.943, 72
Trd, 4319554.243, 61
Trd, 4319555.293, 62
Trd, 4319556.043, 70
Trd, 4319556.543, 60
Trd, 4319558.543, 60
Trd, 4319559.643, 64
Trd, 4319560.093, 60
Trd, 4319560.793, 60
Trd, 4319561.543, 84
Trd, 4319561.593, 85
Trd, 4319562.243, 95
Trd, 4319562.543, 61
Trd, 4319563.243, 65
Trd, 4319563.593, 88
Trd, 4319563.993, 64
Trd, 4319564.143, 90
Trd, 4319565.443, 81
Trd, 4319567.843, 140
Trd, 4319568.093, 140
Trd, 4319568.193, 139
Trd, 4319568.293, 138
Trd, 4319570.693, 140
Trd, 4319571.393, 140
Trd, 4319571.443, 140
Trd, 4319572.243, 140
Trd, 4319572.393, 139
Trd, 4319573.893, 139
Trd, 4319574.093, 140
Trd, 4319574.843, 133
Trd, 4319575.443, 140
Trd, 4319575.593, 123
Trd, 4319576.193, 93
Trd, 4319576.243, 90
Trd, 4319576.293, 77
Trd, 4319579.943, 62
Trd, 4319580.043, 62
Trd, 4319580.493, 62
Trd, 4319581.093, 63
Trd, 4319582.043, 140
Trd, 4319582.093, 140
Trd, 4319583.193, 61
Trd, 4319584.193, 60
Trd, 4319584.743, 69
Trd, 4319585.043, 86
Trd, 4319586.093, 140
Trd, 4319586.193, 140
Trd, 4319586.943, 140
Trd, 4319587.593, 136
Trd, 4319588.043, 82
Trd, 4319589.143, 63
Trd, 4319589.193, 98
Trd, 4319590.543, 93
Trd, 4319591.093, 140
Trd, 4319591.843, 140
Trd, 4319591.943, 139
Trd, 4319592.843, 140
Trd, 4319593.993, 138
Trd, 4319594.093, 130
Trd, 4319594.543, 138
Trd, 4319595.193, 138
Trd, 4319595.593, 119
Trd, 4319595.793, 84
Trd, 4319596.743, 77
Trd, 4319597.143, 140
Trd, 4319597.943, 66
Trd, 4319598.293, 64
Trd, 4319598.493, 63
Trd, 4319598.743, 82
Trd, 4319599.493, 90
Trd, 4319601.343, 140
Trd, 4319601.593, 140
Trd, 4319601.943, 140
Trd, 4319603.093, 140
Trd, 4319603.143, 138
Trd, 4319604.043, 115
Trd, 4319604.443, 114
Trd, 4319605.293, 115
Trd, 4319605.743, 131
Trd, 4319606.843, 132
Trd, 4319607.693, 138
Trd, 4319608.393, 140
Trd, 4319608.693, 139
Trd, 4319608.793, 138
Trd, 4319610.343, 140
Trd, 4319611.393, 140
Trd, 4319611.593, 140
Trd, 4319611.693, 88
Trd, 4319612.593, 140
Trd, 4319615.043, 140
Trd, 4319615.093, 140
Trd, 4319615.493, 126
Trd, 4319616.693, 135
Trd, 4319616.793, 138
Trd, 4319617.093, 140
Trd, 4319617.293, 140
Trd, 4319618.693, 138
Trd, 4319619.943, 140
Trd, 4319620.493, 140
Trd, 4319620.693, 138
Trd, 4319621.243, 136
Trd, 4319621.993, 106
Trd, 4319622.843, 105
Trd, 4319624.193, 84
Trd, 4319624.493, 83
Trd, 4319626.293, 140
Trd, 4319626.393, 133
Trd, 4319626.693, 127
Trd, 4319627.093, 116
Trd, 4319627.743, 136
Trd, 4319629.943, 140
Trd, 4319629.993, 138
Trd, 4319630.193, 138
Trd, 4319630.793, 128
Trd, 4319630.843, 123
Trd, 4319631.443, 122
Trd, 4319634.493, 138
Trd, 4319634.543, 137
Trd, 4319635.443, 129
Trd, 4319636.793, 140
Trd, 4319637.593, 140
Trd, 4319638.093, 140
Trd, 4319638.393, 140
Trd, 4319638.643, 134
Trd, 4319639.243, 136
Trd, 4319639.493, 132
Trd, 4319639.793, 131
Trd, 4319639.843, 65
Trd, 4319640.643, 61
Trd, 4319641.493, 140
Trd, 4319642.843, 140
Trd, 4319642.993, 140
Trd, 4319643.793, 139
Trd, 4319644.393, 138
Trd, 4319644.493, 103
Trd, 4319646.043, 140
Trd, 4319646.293, 140
Trd, 4319646.943, 140
Trd, 4319647.293, 140
Trd, 4319647.443, 140
Trd, 4319648.293, 60
Trd, 4319648.843, 118
Trd, 4319648.943, 96
Trd, 4319650.643, 140
Trd, 4319650.743, 140
Trd, 4319651.893, 126
Trd, 4319653.193, 140
Trd, 4319653.343, 140
Trd, 4319653.393, 112
Trd, 4319654.043, 91
Trd, 4319654.893, 139
Trd, 4319655.743, 140
Trd, 4319656.443, 140
Trd, 4319656.743, 126
Trd, 4319657.543, 140
Trd, 4319657.643, 140
Trd, 4319657.843, 128
Trd, 4319658.443, 112
Trd, 4319658.843, 140
Trd, 4319660.543, 136
Trd, 4319661.943, 138
Trd, 4319662.743, 121
Trd, 4319663.393, 140
Trd, 4319664.293, 137
Trd, 4319664.643, 137
Trd, 4319664.843, 91
Trd, 4319665.143, 139
Trd, 4319666.143, 113
Trd, 4319667.443, 140
Trd, 4319667.743, 139
Trd, 4319668.043, 112
Trd, 4319668.893, 126
Trd, 4319669.493, 121
Trd, 4319670.593, 140
Trd, 4319670.743, 140
Trd, 4319671.143, 137
Trd, 4319671.543, 128
Trd, 4319671.943, 127
Trd, 4319671.993, 130
Trd, 4319673.543, 140
Trd, 4319673.643, 136
Trd, 4319674.343, 121
Trd, 4319675.093, 139
Trd, 4319675.993, 73
Trd, 4319677.193, 60
Trd, 4319677.693, 139
Trd, 4319678.493, 140
Trd, 4319679.343, 140
Trd, 4319680.043, 135
Trd, 4319680.143, 134
Trd, 4319681.393, 140
Trd, 4319681.793, 137
Trd, 4319682.043, 140
Trd, 4319682.693, 89
Trd, 4319682.843, 114
Trd, 4319683.943, 140
Trd, 4319684.043, 122
Trd, 4319684.643, 139
Trd, 4319685.643, 113
Trd, 4319686.093, 140
Trd, 4319687.093, 140
Trd, 4319688.493, 140
Trd, 4319688.543, 140
Trd, 4319688.843, 133
Trd, 4319688.943, 132
Trd, 4319689.593, 139
Trd, 4319690.093, 122
Trd, 4319692.143, 119
Trd, 4319692.293, 126
Trd, 4319692.793, 133
Trd, 4319693.843, 140
Trd, 4319693.943, 140
Trd, 4319694.293, 140
Trd, 4319695.043, 118
Trd, 4319695.843, 138
Trd, 4319696.743, 71
Trd, 4319697.393, 83
Trd, 4319698.143, 65
Trd, 4319699.143, 60
Trd, 4319699.593, 61
Trd, 4319699.693, 68
Trd, 4319700.793, 61
Trd, 4319701.993, 65
Trd, 4319702.343, 61
Trd, 4319703.293, 67
Trd, 4319704.043, 77
Trd, 4319704.293, 86
Trd, 4319705.493, 140
Trd, 4319706.643, 140
Trd, 4319706.793, 134
Trd, 4319706.943, 133
Trd, 4319707.943, 140
Trd, 4319708.743, 140
Trd, 4319708.893, 140
Trd, 4319708.943, 139
Trd, 4319710.193, 125
Trd, 4319710.743, 135
Trd, 4319711.893, 124
Trd, 4319712.093, 131
Trd, 4319712.843, 119
Trd, 4319713.093, 122
Trd, 4319713.743, 140
Trd, 4319714.293, 96
Trd, 4319715.043, 90
Trd, 4319716.293, 89
Trd, 4319716.493, 88
Trd, 4319716.943, 80
Trd, 4319717.243, 61
Trd, 4319718.093, 60
Trd, 4319718.693, 79
Trd, 4319719.943, 140
Trd, 4319720.493, 66
Trd, 4319720.993, 138
Trd, 4319721.893, 140
Trd, 4319722.743, 139
Trd, 4319724.543, 140
Trd, 4319724.593, 140
Trd, 4319725.643, 140
Trd, 4319725.943, 140
Trd, 4319726.493, 140
Trd, 4319727.093, 139
Trd, 4319727.893, 134
Trd, 4319728.443, 130
Trd, 4319729.293, 97
Trd, 4319730.243, 135
Trd, 4319730.343, 91
Trd, 4319731.393, 140
Trd, 4319731.643, 136
Trd, 4319732.243, 88
Trd, 4319733.793, 139
Trd, 4319734.243, 120
Trd, 4319734.343, 78
Trd, 4319735.343, 67
Trd, 4319735.493, 117
Trd, 4319736.843, 78
Trd, 4319737.593, 63
Trd, 4319738.243, 69
Trd, 4319739.743, 70
Trd, 4319739.793, 87
Trd, 4319740.143, 85
Trd, 4319740.843, 128
Trd, 4319741.343, 140
Trd, 4319742.043, 100
Trd, 4319743.493, 140
Trd, 4319743.943, 140
Trd, 4319744.043, 140
Trd, 4319744.443, 140
Trd, 4319745.693, 140
Trd, 4319745.843, 139
Trd, 4319745.893, 138
Trd, 4319746.643, 100
Trd, 4319747.843, 140
Trd, 4319749.243, 139
Trd, 4319749.743, 138
Trd, 4319749.893, 111
Trd, 4319751.743, 140
Trd, 4319752.043, 140
Trd, 4319753.243, 140
Trd, 4319753.443, 140
Trd, 4319753.543, 140
Trd, 4319753.993, 140
Trd, 4319754.293, 95
Trd, 4319755.343, 140
Trd, 4319755.943, 97
Trd, 4319756.543, 137
Trd, 4319757.593, 140
Trd, 4319758.043, 140
Trd, 4319758.943, 140
Trd, 4319760.193, 140
Trd, 4319760.543, 140
Trd, 4319760.793, 136
Trd, 4319761.643, 127
Trd, 4319762.343, 140
Trd, 4319763.243, 139
Trd, 4319763.893, 140
Trd, 4319765.293, 122
Trd, 4319765.343, 121
Trd, 4319765.693, 118
Trd, 4319767.193, 140
Trd, 4319767.693, 112
Trd, 4319769.193, 140
Trd, 4319769.543, 140
Trd, 4319770.293, 140
Trd, 4319771.393, 140
Trd, 4319771.543, 134
Trd, 4319771.843, 129
Trd, 4319772.243, 98
Trd, 4319772.943, 139
Trd, 4319773.393, 92
Trd, 4319773.543, 90
Trd, 4319774.293, 110
Trd, 4319774.393, 110
Trd, 4319775.093, 140
Trd, 4319777.443, 139
Trd, 4319778.093, 140
Trd, 4319778.593, 140
Trd, 4319779.443, 140
Trd, 4319779.493, 139
Trd, 4319780.843, 139
Trd, 4319781.093, 138
Trd, 4319781.443, 134
Trd, 4319781.843, 138
Trd, 4319782.593, 94
Trd, 4319782.743, 122
Trd, 4319784.543, 139
Trd, 4319785.293, 115
Trd, 4319785.843, 139
Trd, 4319785.893, 119
Trd, 4319786.943, 102
Trd, 4319787.493, 103
Trd, 4319788.193, 117
Trd, 4319788.593, 139
Trd, 4319789.043, 102
Trd, 4319790.493, 140
Trd, 4319790.793, 132
Trd, 4319791.143, 66
Trd, 4319791.893, 139
Trd, 4319792.693, 63
Trd, 4319793.293, 109
Trd, 4319793.993, 132
Trd, 4319794.793, 60
Trd, 4319796.193, 138
Trd, 4319796.993, 106
Trd, 4319797.443, 139
Trd, 4319797.593, 119
Trd, 4319797.693, 105
Trd, 4319799.693, 140
Trd, 4319799.743, 139
Trd, 4319800.543, 140
Trd, 4319800.843, 91
Trd, 4319801.443, 90
Trd, 4319802.143, 106
Trd, 4319803.043, 93
Trd, 4319803.893, 130
Trd, 4319805.193, 140
Trd, 4319805.243, 140
Trd, 4319805.293, 134
Trd, 4319806.643, 140
Trd, 4319806.793, 111
Trd, 4319807.443, 62
Trd, 4319808.593, 139
Trd, 4319809.543, 140
Trd, 4319810.643, 140
Trd, 4319810.743, 140
Trd, 4319810.993, 108
Trd, 4319812.043, 97
Trd, 4319812.893, 125
Trd, 4319812.993, 119
Trd, 4319813.743, 97
Trd, 4319814.543, 140
Trd, 4319815.193, 140
Trd, 4319816.243, 138
Trd, 4319816.293, 134
Trd, 4319817.043, 138
Trd, 4319817.543, 120
Trd, 4319819.243, 127
Trd, 4319819.993, 140
Trd, 4319821.643, 139
Trd, 4319822.143, 137
Trd, 4319822.193, 137
Trd, 4319822.293, 140
Trd, 4319822.343, 125
Trd, 4319823.443, 140
Trd, 4319823.593, 136
Trd, 4319824.443, 138
Trd, 4319824.843, 138
Trd, 4319825.643, 111
Trd, 4319826.193, 100
Trd, 4319827.293, 140
Trd, 4319827.443, 140
Trd, 4319827.693, 116
Trd, 4319828.593, 126
Trd, 4319829.243, 121
Trd, 4319829.743, 103
Trd, 4319831.243, 140
Trd, 4319831.593, 140
Trd, 4319831.843, 140
Trd, 4319833.593, 140
Trd, 4319833.843, 140
Trd, 4319835.193, 132
Trd, 4319835.293, 129
Trd, 4319835.793, 140
Trd, 4319835.943, 139
Trd, 4319837.093, 140
Trd, 4319837.443, 130
Trd, 4319838.793, 140
Trd, 4319838.993, 139
Trd, 4319839.093, 139
Trd, 4319839.343, 127
Trd, 4319839.643, 110
Trd, 4319840.543, 106
Trd, 4319840.843, 60
Trd, 4319841.893, 65
Trd, 4319842.143, 69
Trd, 4319843.743, 113
Trd, 4319844.893, 140
Trd, 4319845.243, 131
Trd, 4319845.893, 118
Trd, 4319847.143, 129
Trd, 4319847.293, 90
Trd, 4319847.743, 88
Trd, 4319847.793, 96
Trd, 4319848.993, 65
Trd, 4319849.293, 61
Trd, 4319850.793, 140
Trd, 4319850.893, 140
Trd, 4319851.093, 119
Trd, 4319851.143, 104
Trd, 4319853.293, 72
Trd, 4319853.393, 67
Trd, 4319853.593, 60
Trd, 4319854.693, 60
Trd, 4319856.043, 64
Trd, 4319856.643, 66
Trd, 4319856.843, 102
Trd, 4319857.093, 63
Trd, 4319857.993, 140
Trd, 4319858.143, 140
Trd, 4319859.093, 140
Trd, 4319859.943, 140
Trd, 4319861.493, 140
Trd, 4319861.793, 140
Trd, 4319862.443, 139
Trd, 4319862.693, 137
Trd, 4319863.243, 136
Trd, 4319863.693, 106
Trd, 4319864.193, 79
Trd, 4319864.543, 132
Trd, 4319865.143, 140
Trd, 4319866.293, 140
Trd, 4319867.343, 140
Trd, 4319867.443, 140
Trd, 4319867.543, 140
Trd, 4319868.443, 140
Trd, 4319868.643, 122
Trd, 4319869.393, 140
Trd, 4319869.443, 139
Trd, 4319869.543, 114
Trd, 4319870.443, 137
Trd, 4319871.643, 77
Trd, 4319872.943, 139
Trd, 4319873.343, 118
Trd, 4319875.643, 110
Trd, 4319876.193, 110
Trd, 4319876.443, 109
Trd, 4319876.793, 64
Trd, 4319877.493, 140
Trd, 4319878.043, 114
Trd, 4319878.343, 67
Trd, 4319879.793, 64
Trd, 4319879.993, 60
Trd, 4319880.393, 83
Trd, 4319881.343, 131
Trd, 4319881.893, 129
Trd, 4319883.443, 94
Trd, 4319884.243, 94
Trd, 4319884.443, 120
Trd, 4319885.643, 140
Trd, 4319885.743, 140
Trd, 4319887.543, 140
Trd, 4319887.593, 140
Trd, 4319887.643, 138
Trd, 4319888.393, 64
Trd, 4319888.893, 121
Trd, 4319890.643, 70
Trd, 4319891.093, 108
Trd, 4319892.293, 140
Trd, 4319893.693, 140
Trd, 4319893.943, 140
Trd, 4319894.543, 140
Trd, 4319895.693, 140
Trd, 4319895.893, 139
Trd, 4319896.593, 126
Trd, 4319896.893, 125
Trd, 4319897.793, 140
Trd, 4319898.293, 140
Trd, 4319898.443, 133
Trd, 4319899.393, 140
Trd, 4319899.993, 104
Trd, 4319901.493, 87
Trd, 4319901.643, 67
Trd, 4319902.293, 139
Trd, 4319903.043, 68
Trd, 4319903.393, 140
Trd, 4319904.243, 76
Trd, 4319904.443, 104
Trd, 4319904.593, 67
Trd, 4319905.393, 67
Trd, 4319907.193, 60
Trd, 4319907.343, 63
Trd, 4319908.243, 140
Trd, 4319908.493, 140
Trd, 4319908.543, 140
Trd, 4319909.543, 139
Trd, 4319910.043, 115
Trd, 4319910.143, 98
Trd, 4319911.543, 75
Trd, 4319911.943, 139
Trd, 4319912.193, 102
Trd, 4319913.543, 140
Trd, 4319914.143, 140
Trd, 4319914.943, 140
Trd, 4319915.793, 140
Trd, 4319916.643, 140
Trd, 4319916.893, 140
Trd, 4319917.343, 140
Trd, 4319917.593, 86
Trd, 4319917.793, 81
Trd, 4319918.843, 140
Trd, 4319919.843, 140
Trd, 4319921.393, 99
Trd, 4319921.893, 140
Trd, 4319922.843, 140
Trd, 4319923.043, 140
Trd, 4319924.843, 139
Trd, 4319925.243, 135
Trd, 4319925.493, 135
Trd, 4319925.743, 126
Trd, 4319926.493, 140
Trd, 4319927.593, 117
Trd, 4319928.043, 91
Trd, 4319928.193, 90
Trd, 4319929.143, 140
Trd, 4319929.643, 139
Trd, 4319930.543, 135
Trd, 4319930.643, 107
Trd, 4319931.143, 92
Trd, 4319932.093, 140
Trd, 4319933.143, 61
Trd, 4319933.343, 134
Trd, 4319933.693, 120
Trd, 4319934.343, 140
Trd, 4319934.843, 140
Trd, 4319935.743, 112
Trd, 4319936.143, 110
Trd, 4319936.793, 87
Trd, 4319937.543, 89
Trd, 4319938.643, 140
Trd, 4319940.343, 140
Trd, 4319941.393, 140
Trd, 4319941.743, 140
Trd, 4319942.093, 140
Trd, 4319942.743, 101
Trd, 4319943.843, 136
Trd, 4319943.943, 136
Trd, 4319944.543, 120
Trd, 4319945.093, 138
Trd, 4319945.443, 140
Trd, 4319946.993, 60
Trd, 4319947.243, 60
Trd, 4319948.293, 95
Trd, 4319948.793, 102
Trd, 4319949.343, 101
Trd, 4319949.593, 124
Trd, 4319950.143, 135
Trd, 4319951.543, 138
Trd, 4319951.843, 133
Trd, 4319953.493, 140
Trd, 4319953.693, 140
Trd, 4319954.743, 140
Trd, 4319954.993, 140
Trd, 4319956.093, 140
Trd, 4319956.743, 139
Trd, 4319956.893, 133
Trd, 4319957.693, 137
Trd, 4319958.293, 71
Trd, 4319958.893, 138
Trd, 4319959.393, 128
Trd, 4319959.793, 83
Trd, 4319961.693, 130
Trd, 4319962.593, 140
Trd, 4319963.043, 98
Trd, 4319963.193, 97
Trd, 4319963.643, 62
Trd, 4319964.193, 71
Trd, 4319965.443, 121
Trd, 4319966.293, 136
Trd, 4319967.843, 115
Trd, 4319968.093, 105
Trd, 4319968.893, 60
Trd, 4319969.293, 62
Trd, 4319970.043, 60
Trd, 4319970.193, 87
Trd, 4319970.743, 112
Trd, 4319972.693, 126
Trd, 4319973.643, 126
Trd, 4319973.993, 116
Trd, 4319974.293, 111
Trd, 4319974.393, 135
Trd, 4319974.893, 110
Trd, 4319975.043, 65
Trd, 4319975.743, 60
Trd, 4319976.893, 60
Trd, 4319977.793, 67
Trd, 4319978.443, 64
Trd, 4319979.193, 140
Trd, 4319979.293, 140
Trd, 4319982.143, 140
Trd, 4319982.393, 140
Trd, 4319982.743, 140
Trd, 4319983.293, 140
Trd, 4319984.093, 139
Trd, 4319984.443, 132
Trd, 4319984.693, 140
Trd, 4319985.743, 124
Trd, 4319986.243, 121
Trd, 4319987.493, 62
Trd, 4319987.893, 103
Trd, 4319987.993, 134
Trd, 4319988.843, 105
Trd, 4319989.493, 140
Trd, 4319989.743, 140
Trd, 4319990.293, 137
Trd, 4319990.593, 77
Trd, 4319990.993, 74
Trd, 4319991.143, 127
Trd, 4319992.743, 60
Trd, 4319993.643, 63
Trd, 4319994.043, 65
Trd, 4319994.643, 65
Trd, 4319995.193, 87
Trd, 4319995.693, 67
Trd, 4319995.793, 65
Trd, 4319997.393, 140
Trd, 4319997.443, 127
Trd, 4319997.943, 140
Trd, 4319998.093, 70
Trd, 4319999.693, 140
