Trd, 4318055.443, 126
Trd, 4318055.793, 138
Trd, 4318056.843, 136
Trd, 4318058.093, 106
Trd, 4318058.593, 104
Trd, 4318058.643, 79
Trd, 4318059.343, 116
Trd, 4318059.893, 140
Trd, 4318060.093, 140
Trd, 4318060.143, 120
Trd, 4318061.093, 109
Trd, 4318061.693, 108
Trd, 4318062.543, 92
Trd, 4318063.543, 118
Trd, 4318064.093, 125
Trd, 4318066.193, 114
Trd, 4318066.843, 97
Trd, 4318066.893, 96
Trd, 4318067.893, 126
Trd, 4318069.043, 112
Trd, 4318069.643, 122
Trd, 4318070.093, 75
Trd, 4318070.343, 124
Trd, 4318070.543, 79
Trd, 4318070.943, 139
Trd, 4318072.693, 111
Trd, 4318072.943, 104
Trd, 4318074.343, 119
Trd, 4318074.893, 110
Trd, 4318075.293, 106
Trd, 4318075.843, 85
Trd, 4318076.043, 136
Trd, 4318077.743, 89
Trd, 4318078.993, 83
Trd, 4318079.743, 136
Trd, 4318080.693, 97
Trd, 4318081.743, 85
Trd, 4318082.093, 70
Trd, 4318082.143, 106
Trd, 4318083.093, 110
Trd, 4318085.843, 131
Trd, 4318086.043, 131
Trd, 4318086.243, 136
Trd, 4318086.443, 129
Trd, 4318086.893, 107
Trd, 4318087.243, 85
Trd, 4318087.593, 111
Trd, 4318089.443, 95
Trd, 4318090.743, 95
Trd, 4318091.193, 94
Trd, 4318091.693, 139
Trd, 4318093.143, 140
Trd, 4318093.343, 116
Trd, 4318095.843, 140
Trd, 4318097.193, 83
Trd, 4318098.043, 81
Trd, 4318098.243, 87
Trd, 4318098.343, 92
Trd, 4318099.593, 83
Trd, 4318099.943, 95
Trd, 4318099.993, 108
Trd, 4318101.593, 139
Trd, 4318102.343, 130
Trd, 4318102.543, 131
Trd, 4318102.593, 100
Trd, 4318104.693, 139
Trd, 4318105.293, 139
Trd, 4318105.893, 139
Trd, 4318106.093, 113
Trd, 4318106.193, 105
Trd, 4318106.843, 102
Trd, 4318107.843, 140
Trd, 4318108.643, 139
Trd, 4318110.593, 137
Trd, 4318112.043, 103
Trd, 4318112.443, 103
Trd, 4318113.043, 136
Trd, 4318113.143, 124
Trd, 4318113.443, 98
Trd, 4318114.643, 129
Trd, 4318116.493, 114
Trd, 4318117.093, 85
Trd, 4318117.393, 83
Trd, 4318117.893, 82
Trd, 4318118.243, 133
Trd, 4318118.343, 140
Trd, 4318119.393, 138
Trd, 4318120.193, 136
Trd, 4318120.893, 137
Trd, 4318121.043, 135
Trd, 4318121.543, 138
Trd, 4318122.043, 125
Trd, 4318123.193, 136
Trd, 4318124.693, 126
Trd, 4318124.743, 125
Trd, 4318125.593, 85
Trd, 4318125.993, 101
Trd, 4318126.143, 74
Trd, 4318126.943, 140
Trd, 4318126.993, 134
Trd, 4318130.443, 140
Trd, 4318130.693, 137
Trd, 4318132.593, 131
Trd, 4318133.643, 139
Trd, 4318134.293, 130
Trd, 4318134.443, 129
Trd, 4318135.443, 106
Trd, 4318135.943, 100
Trd, 4318137.093, 87
Trd, 4318138.293, 105
Trd, 4318138.643, 139
Trd, 4318140.143, 137
Trd, 4318141.393, 137
Trd, 4318141.543, 140
Trd, 4318142.243, 136
Trd, 4318143.843, 140
Trd, 4318145.993, 139
Trd, 4318146.443, 127
Trd, 4318146.843, 113
Trd, 4318147.793, 80
Trd, 4318148.093, 81
Trd, 4318148.943, 79
Trd, 4318149.593, 81
Trd, 4318150.843, 81
Trd, 4318151.593, 71
Trd, 4318152.393, 87
Trd, 4318153.193, 88
Trd, 4318154.643, 138
Trd, 4318155.043, 135
Trd, 4318155.793, 135
Trd, 4318158.193, 80
Trd, 4318159.043, 139
Trd, 4318159.293, 139
Trd, 4318160.193, 123
Trd, 4318160.643, 81
Trd, 4318160.943, 72
Trd, 4318161.393, 90
Trd, 4318162.893, 100
Trd, 4318164.643, 111
Trd, 4318165.343, 139
Trd, 4318165.493, 136
Trd, 4318166.293, 101
Trd, 4318166.493, 77
Trd, 4318168.093, 133
Trd, 4318169.293, 132
Trd, 4318169.343, 113
Trd, 4318170.093, 135
Trd, 4318171.143, 107
Trd, 4318172.993, 140
Trd, 4318173.643, 140
Trd, 4318174.643, 140
Trd, 4318176.343, 130
Trd, 4318176.443, 128
Trd, 4318176.493, 103
Trd, 4318177.193, 95
Trd, 4318178.793, 129
Trd, 4318179.543, 87
Trd, 4318180.843, 97
Trd, 4318182.093, 86
Trd, 4318182.293, 108
Trd, 4318182.543, 137
Trd, 4318182.693, 81
Trd, 4318183.143, 122
Trd, 4318183.943, 77
Trd, 4318186.193, 78
Trd, 4318186.543, 140
Trd, 4318187.443, 139
Trd, 4318187.693, 124
Trd, 4318187.993, 86
Trd, 4318188.043, 78
Trd, 4318189.293, 110
Trd, 4318189.693, 98
Trd, 4318191.143, 70
Trd, 4318191.393, 113
Trd, 4318193.593, 76
Trd, 4318193.943, 76
Trd, 4318194.093, 118
Trd, 4318194.643, 77
Trd, 4318195.343, 93
Trd, 4318196.193, 75
Trd, 4318196.343, 132
Trd, 4318198.243, 111
Trd, 4318198.543, 79
Trd, 4318200.243, 120
Trd, 4318201.043, 119
Trd, 4318201.743, 98
Trd, 4318202.493, 136
Trd, 4318202.693, 128
Trd, 4318203.243, 84
Trd, 4318204.793, 94
Trd, 4318204.993, 78
Trd, 4318205.093, 136
Trd, 4318205.443, 84
Trd, 4318207.693, 140
Trd, 4318207.993, 83
Trd, 4318209.393, 129
Trd, 4318209.543, 130
Trd, 4318209.793, 123
Trd, 4318211.043, 92
Trd, 4318211.443, 131
Trd, 4318211.993, 110
Trd, 4318213.143, 115
Trd, 4318214.743, 92
Trd, 4318214.893, 91
Trd, 4318215.093, 97
Trd, 4318215.193, 92
Trd, 4318216.493, 88
Trd, 4318217.093, 104
Trd, 4318217.943, 140
Trd, 4318218.143, 140
Trd, 4318218.243, 122
Trd, 4318219.143, 112
Trd, 4318219.743, 110
Trd, 4318220.543, 136
Trd, 4318220.793, 130
Trd, 4318220.993, 139
Trd, 4318222.193, 74
Trd, 4318222.843, 95
Trd, 4318223.643, 79
Trd, 4318225.193, 140
Trd, 4318226.193, 140
Trd, 4318226.693, 140
Trd, 4318226.993, 120
Trd, 4318227.993, 119
Trd, 4318229.093, 140
Trd, 4318229.643, 136
Trd, 4318230.993, 111
Trd, 4318231.393, 124
Trd, 4318231.793, 107
Trd, 4318232.243, 94
Trd, 4318233.343, 73
Trd, 4318234.693, 129
Trd, 4318235.743, 94
Trd, 4318235.843, 116
Trd, 4318238.543, 132
Trd, 4318239.193, 139
Trd, 4318239.693, 140
Trd, 4318240.243, 111
Trd, 4318240.443, 107
Trd, 4318242.193, 139
Trd, 4318242.793, 102
Trd, 4318244.243, 138
Trd, 4318244.293, 134
Trd, 4318244.493, 127
Trd, 4318245.343, 79
Trd, 4318246.043, 139
Trd, 4318246.893, 107
Trd, 4318246.993, 106
Trd, 4318248.643, 129
Trd, 4318249.793, 68
Trd, 4318250.643, 138
Trd, 4318252.743, 140
Trd, 4318253.093, 133
Trd, 4318253.843, 117
Trd, 4318253.993, 116
Trd, 4318256.943, 140
Trd, 4318257.593, 136
Trd, 4318259.193, 139
Trd, 4318259.243, 126
Trd, 4318261.993, 123
Trd, 4318262.193, 128
Trd, 4318262.843, 103
Trd, 4318263.143, 126
Trd, 4318264.093, 140
Trd, 4318264.393, 140
Trd, 4318264.643, 134
Trd, 4318266.293, 136
Trd, 4318268.143, 140
Trd, 4318268.243, 103
Trd, 4318269.093, 95
Trd, 4318269.943, 108
Trd, 4318271.993, 134
Trd, 4318272.243, 140
Trd, 4318272.293, 113
Trd, 4318273.643, 101
Trd, 4318273.843, 97
Trd, 4318274.493, 139
Trd, 4318275.893, 139
Trd, 4318279.093, 138
Trd, 4318280.243, 137
Trd, 4318280.643, 136
Trd, 4318281.393, 130
Trd, 4318282.093, 140
Trd, 4318282.343, 106
Trd, 4318284.143, 89
Trd, 4318284.443, 121
Trd, 4318285.493, 128
Trd, 4318285.743, 123
Trd, 4318286.643, 138
Trd, 4318286.693, 137
Trd, 4318287.443, 125
Trd, 4318287.793, 99
Trd, 4318288.943, 140
Trd, 4318289.343, 138
Trd, 4318290.843, 77
Trd, 4318291.093, 130
Trd, 4318291.493, 95
Trd, 4318292.193, 115
Trd, 4318292.593, 80
Trd, 4318293.143, 76
Trd, 4318295.093, 140
Trd, 4318295.143, 88
Trd, 4318296.143, 81
Trd, 4318296.743, 104
Trd, 4318296.993, 84
Trd, 4318297.593, 126
Trd, 4318299.093, 107
Trd, 4318301.443, 87
Trd, 4318301.943, 122
Trd, 4318302.743, 138
Trd, 4318302.993, 137
Trd, 4318303.293, 85
Trd, 4318304.043, 112
Trd, 4318304.093, 85
Trd, 4318304.443, 92
Trd, 4318306.143, 140
Trd, 4318306.943, 139
Trd, 4318307.093, 135
Trd, 4318308.493, 132
Trd, 4318309.393, 140
Trd, 4318309.893, 137
Trd, 4318310.693, 108
Trd, 4318311.793, 96
Trd, 4318313.243, 132
Trd, 4318313.693, 139
Trd, 4318314.743, 101
Trd, 4318315.093, 102
Trd, 4318315.543, 121
Trd, 4318315.793, 107
Trd, 4318317.843, 138
Trd, 4318319.293, 140
Trd, 4318320.643, 115
Trd, 4318321.193, 134
Trd, 4318324.393, 136
Trd, 4318325.193, 113
Trd, 4318325.943, 112
Trd, 4318326.393, 99
Trd, 4318328.093, 117
Trd, 4318328.193, 101
Trd, 4318329.343, 139
Trd, 4318329.393, 130
Trd, 4318331.243, 126
Trd, 4318332.443, 125
Trd, 4318332.493, 118
Trd, 4318332.643, 102
Trd, 4318335.143, 140
Trd, 4318336.343, 140
Trd, 4318337.943, 140
Trd, 4318338.643, 140
Trd, 4318338.843, 140
Trd, 4318339.243, 140
Trd, 4318339.743, 127
Trd, 4318341.593, 140
Trd, 4318342.543, 140
Trd, 4318343.493, 134
Trd, 4318343.643, 85
Trd, 4318346.493, 140
Trd, 4318346.843, 140
Trd, 4318346.943, 138
Trd, 4318348.543, 106
Trd, 4318349.443, 71
Trd, 4318350.043, 83
Trd, 4318350.293, 120
Trd, 4318350.843, 66
Trd, 4318351.743, 132
Trd, 4318352.443, 90
Trd, 4318353.693, 138
Trd, 4318354.343, 128
Trd, 4318355.043, 117
Trd, 4318356.593, 116
Trd, 4318357.243, 80
Trd, 4318357.943, 139
Trd, 4318358.293, 95
Trd, 4318358.993, 93
Trd, 4318360.743, 62
Trd, 4318362.093, 74
Trd, 4318362.243, 64
Trd, 4318362.493, 122
Trd, 4318363.693, 130
Trd, 4318365.143, 92
Trd, 4318365.393, 82
Trd, 4318366.443, 109
Trd, 4318366.543, 117
Trd, 4318367.193, 106
Trd, 4318367.443, 119
Trd, 4318369.043, 102
Trd, 4318369.693, 96
Trd, 4318371.093, 96
Trd, 4318371.943, 130
Trd, 4318372.743, 139
Trd, 4318373.543, 138
Trd, 4318373.943, 137
Trd, 4318374.693, 129
Trd, 4318374.843, 127
Trd, 4318375.993, 140
Trd, 4318377.243, 139
Trd, 4318377.793, 99
Trd, 4318379.493, 119
Trd, 4318379.793, 132
Trd, 4318381.643, 140
Trd, 4318381.693, 140
Trd, 4318381.843, 136
Trd, 4318383.293, 101
Trd, 4318384.693, 94
Trd, 4318385.493, 68
Trd, 4318386.643, 63
Trd, 4318386.743, 94
Trd, 4318388.093, 121
Trd, 4318388.493, 140
Trd, 4318388.843, 140
Trd, 4318388.943, 139
Trd, 4318389.643, 137
Trd, 4318390.293, 91
Trd, 4318390.693, 102
Trd, 4318391.243, 138
Trd, 4318391.993, 87
Trd, 4318392.243, 88
Trd, 4318393.543, 63
Trd, 4318396.693, 73
Trd, 4318396.893, 89
Trd, 4318398.093, 137
Trd, 4318398.793, 139
Trd, 4318398.843, 135
Trd, 4318398.943, 93
Trd, 4318399.593, 114
Trd, 4318400.193, 136
Trd, 4318401.343, 140
Trd, 4318401.643, 137
Trd, 4318404.493, 128
Trd, 4318404.543, 127
Trd, 4318405.943, 95
Trd, 4318407.943, 136
Trd, 4318408.143, 134
Trd, 4318408.793, 138
Trd, 4318409.943, 140
Trd, 4318410.043, 140
Trd, 4318410.243, 132
Trd, 4318411.143, 140
Trd, 4318412.493, 126
Trd, 4318413.443, 70
Trd, 4318413.843, 72
Trd, 4318414.493, 110
Trd, 4318415.593, 83
Trd, 4318415.693, 74
Trd, 4318416.943, 107
Trd, 4318417.393, 93
Trd, 4318418.293, 140
Trd, 4318418.643, 79
Trd, 4318420.543, 124
Trd, 4318421.793, 131
Trd, 4318423.493, 136
Trd, 4318423.793, 135
Trd, 4318424.043, 120
Trd, 4318424.243, 118
Trd, 4318424.443, 101
Trd, 4318425.143, 118
Trd, 4318426.443, 88
Trd, 4318426.743, 85
Trd, 4318429.743, 138
Trd, 4318430.893, 126
Trd, 4318430.943, 125
Trd, 4318431.243, 114
Trd, 4318432.443, 140
Trd, 4318433.493, 140
Trd, 4318434.993, 133
Trd, 4318435.643, 133
Trd, 4318436.843, 115
Trd, 4318436.993, 129
Trd, 4318437.393, 92
Trd, 4318437.593, 88
Trd, 4318439.793, 137
Trd, 4318440.393, 136
Trd, 4318441.143, 118
Trd, 4318441.693, 132
Trd, 4318442.393, 131
Trd, 4318442.993, 125
Trd, 4318444.493, 118
Trd, 4318444.843, 101
Trd, 4318446.393, 140
Trd, 4318446.643, 124
Trd, 4318447.143, 125
Trd, 4318447.693, 139
Trd, 4318448.643, 139
Trd, 4318448.793, 101
Trd, 4318449.493, 116
Trd, 4318450.693, 100
Trd, 4318451.743, 85
Trd, 4318453.093, 139
Trd, 4318454.843, 95
Trd, 4318455.393, 98
Trd, 4318456.393, 111
Trd, 4318456.993, 128
Trd, 4318459.443, 140
Trd, 4318460.443, 140
Trd, 4318460.843, 133
Trd, 4318461.043, 140
Trd, 4318462.443, 122
Trd, 4318463.043, 124
Trd, 4318463.293, 137
Trd, 4318464.843, 130
Trd, 4318466.093, 137
Trd, 4318466.843, 128
Trd, 4318466.993, 133
Trd, 4318467.293, 110
Trd, 4318469.043, 140
Trd, 4318469.093, 120
Trd, 4318469.443, 78
Trd, 4318471.093, 77
Trd, 4318472.493, 67
Trd, 4318473.593, 80
Trd, 4318474.943, 80
Trd, 4318475.443, 129
Trd, 4318476.243, 140
Trd, 4318476.443, 139
Trd, 4318477.793, 140
Trd, 4318478.343, 139
Trd, 4318479.093, 138
Trd, 4318479.493, 121
Trd, 4318480.343, 132
Trd, 4318481.743, 109
Trd, 4318481.843, 108
Trd, 4318482.543, 139
Trd, 4318483.393, 126
Trd, 4318483.643, 116
Trd, 4318484.193, 136
Trd, 4318485.343, 99
Trd, 4318485.593, 98
Trd, 4318486.193, 75
Trd, 4318486.643, 93
Trd, 4318486.993, 100
Trd, 4318488.093, 140
Trd, 4318489.093, 132
Trd, 4318489.143, 132
Trd, 4318491.243, 87
Trd, 4318491.343, 86
Trd, 4318491.693, 104
Trd, 4318492.793, 88
Trd, 4318492.893, 138
Trd, 4318493.143, 132
Trd, 4318494.643, 93
Trd, 4318495.193, 121
Trd, 4318497.993, 132
Trd, 4318498.143, 121
Trd, 4318498.443, 95
Trd, 4318499.543, 86
Trd, 4318500.943, 131
Trd, 4318503.293, 140
Trd, 4318503.643, 138
Trd, 4318504.643, 139
Trd, 4318504.793, 114
Trd, 4318505.943, 122
Trd, 4318507.343, 110
Trd, 4318508.443, 85
Trd, 4318508.893, 86
Trd, 4318509.743, 123
Trd, 4318510.593, 140
Trd, 4318511.043, 140
Trd, 4318511.843, 132
Trd, 4318512.093, 124
Trd, 4318512.393, 95
Trd, 4318512.693, 99
Trd, 4318513.293, 90
Trd, 4318514.193, 134
Trd, 4318514.843, 128
Trd, 4318515.743, 140
Trd, 4318516.193, 140
Trd, 4318517.093, 134
Trd, 4318517.743, 130
Trd, 4318519.543, 140
Trd, 4318519.643, 137
Trd, 4318520.793, 124
Trd, 4318521.243, 106
Trd, 4318522.543, 98
Trd, 4318523.693, 113
Trd, 4318524.943, 138
Trd, 4318525.793, 101
Trd, 4318526.093, 113
Trd, 4318526.443, 80
Trd, 4318527.243, 139
Trd, 4318528.243, 98
Trd, 4318528.893, 140
Trd, 4318529.843, 96
Trd, 4318530.343, 73
Trd, 4318531.243, 81
Trd, 4318531.793, 122
Trd, 4318534.243, 140
Trd, 4318534.393, 136
Trd, 4318534.593, 119
Trd, 4318535.693, 114
Trd, 4318536.593, 100
Trd, 4318538.193, 93
Trd, 4318538.443, 108
Trd, 4318538.843, 81
Trd, 4318539.943, 139
Trd, 4318541.193, 131
Trd, 4318542.993, 133
Trd, 4318544.093, 120
Trd, 4318544.543, 139
Trd, 4318545.243, 102
Trd, 4318545.343, 101
Trd, 4318545.693, 118
Trd, 4318545.943, 83
Trd, 4318546.993, 138
Trd, 4318548.743, 69
Trd, 4318549.943, 66
Trd, 4318550.243, 140
Trd, 4318551.543, 111
Trd, 4318552.943, 130
Trd, 4318554.243, 140
Trd, 4318554.393, 123
Trd, 4318556.443, 136
Trd, 4318556.993, 136
Trd, 4318557.543, 131
Trd, 4318559.693, 120
Trd, 4318559.793, 118
Trd, 4318559.893, 96
Trd, 4318562.543, 135
Trd, 4318562.643, 131
Trd, 4318563.143, 138
Trd, 4318563.793, 139
Trd, 4318564.193, 114
Trd, 4318564.593, 139
Trd, 4318565.493, 130
Trd, 4318565.743, 124
Trd, 4318566.543, 107
Trd, 4318569.343, 108
Trd, 4318569.943, 137
Trd, 4318571.193, 139
Trd, 4318571.793, 138
Trd, 4318571.943, 138
Trd, 4318572.243, 133
Trd, 4318573.343, 115
Trd, 4318573.693, 109
Trd, 4318574.093, 128
Trd, 4318574.843, 127
Trd, 4318574.893, 125
Trd, 4318575.493, 103
Trd, 4318576.543, 109
Trd, 4318576.943, 140
Trd, 4318579.693, 140
Trd, 4318579.893, 132
Trd, 4318581.193, 106
Trd, 4318581.443, 93
Trd, 4318581.693, 81
Trd, 4318582.043, 77
Trd, 4318582.893, 139
Trd, 4318583.493, 139
Trd, 4318584.993, 137
Trd, 4318586.643, 136
Trd, 4318586.843, 99
Trd, 4318587.543, 80
Trd, 4318587.693, 122
Trd, 4318589.093, 138
Trd, 4318590.743, 140
Trd, 4318591.743, 140
Trd, 4318592.443, 140
Trd, 4318592.493, 140
Trd, 4318593.743, 140
Trd, 4318593.943, 140
Trd, 4318595.193, 140
Trd, 4318595.443, 115
Trd, 4318595.543, 114
Trd, 4318596.593, 110
Trd, 4318596.793, 82
Trd, 4318597.043, 140
Trd, 4318600.093, 123
Trd, 4318601.143, 95
Trd, 4318601.843, 140
Trd, 4318602.143, 132
Trd, 4318603.193, 130
Trd, 4318603.493, 124
Trd, 4318603.993, 117
Trd, 4318605.793, 96
Trd, 4318606.643, 137
Trd, 4318606.943, 135
Trd, 4318608.093, 139
Trd, 4318608.393, 131
Trd, 4318609.143, 108
Trd, 4318609.843, 140
Trd, 4318609.993, 140
Trd, 4318610.793, 140
Trd, 4318612.893, 112
Trd, 4318612.943, 109
Trd, 4318614.643, 100
Trd, 4318614.993, 95
Trd, 4318615.443, 98
Trd, 4318616.443, 136
Trd, 4318616.893, 92
Trd, 4318618.143, 136
Trd, 4318618.793, 103
Trd, 4318619.793, 122
Trd, 4318621.193, 104
Trd, 4318622.543, 126
Trd, 4318622.643, 137
Trd, 4318623.243, 139
Trd, 4318623.443, 129
Trd, 4318623.493, 103
Trd, 4318624.793, 92
Trd, 4318625.743, 83
Trd, 4318626.693, 101
Trd, 4318627.393, 120
Trd, 4318627.443, 116
Trd, 4318628.043, 140
Trd, 4318628.543, 127
Trd, 4318629.043, 98
Trd, 4318629.993, 95
Trd, 4318631.443, 99
Trd, 4318631.543, 92
Trd, 4318631.893, 118
Trd, 4318632.993, 140
Trd, 4318633.193, 140
Trd, 4318633.843, 113
Trd, 4318634.343, 97
Trd, 4318635.893, 111
Trd, 4318636.143, 111
Trd, 4318636.243, 116
Trd, 4318637.093, 110
Trd, 4318637.743, 102
Trd, 4318638.943, 92
Trd, 4318639.043, 73
Trd, 4318639.843, 94
Trd, 4318640.993, 98
Trd, 4318641.293, 133
Trd, 4318641.843, 91
Trd, 4318642.543, 77
Trd, 4318642.943, 60
Trd, 4318643.893, 99
Trd, 4318645.143, 71
Trd, 4318645.493, 92
Trd, 4318647.043, 126
Trd, 4318648.343, 79
Trd, 4318650.343, 140
Trd, 4318650.743, 140
Trd, 4318650.893, 131
Trd, 4318652.293, 132
Trd, 4318652.843, 113
Trd, 4318653.393, 115
Trd, 4318653.593, 112
Trd, 4318655.193, 103
Trd, 4318655.893, 100
Trd, 4318656.893, 85
Trd, 4318656.943, 129
Trd, 4318658.493, 123
Trd, 4318659.643, 95
Trd, 4318660.093, 89
Trd, 4318660.343, 97
Trd, 4318660.993, 117
Trd, 4318661.143, 118
Trd, 4318661.793, 93
Trd, 4318662.143, 92
Trd, 4318663.643, 117
Trd, 4318664.193, 140
Trd, 4318664.493, 104
Trd, 4318666.193, 138
Trd, 4318667.043, 122
Trd, 4318667.243, 118
Trd, 4318667.293, 117
Trd, 4318668.243, 125
Trd, 4318669.393, 105
Trd, 4318670.243, 119
Trd, 4318670.743, 80
Trd, 4318671.093, 68
Trd, 4318671.593, 117
Trd, 4318671.993, 137
Trd, 4318672.743, 103
Trd, 4318674.293, 136
Trd, 4318677.143, 123
Trd, 4318677.393, 137
Trd, 4318678.843, 124
Trd, 4318679.043, 112
Trd, 4318679.543, 82
Trd, 4318682.893, 140
Trd, 4318683.193, 140
Trd, 4318683.543, 138
Trd, 4318684.943, 114
Trd, 4318684.993, 122
Trd, 4318686.043, 101
Trd, 4318686.143, 72
Trd, 4318687.693, 139
Trd, 4318687.943, 110
Trd, 4318688.543, 101
Trd, 4318688.993, 96
Trd, 4318689.093, 103
Trd, 4318690.693, 100
Trd, 4318692.193, 97
Trd, 4318692.593, 140
Trd, 4318693.343, 99
Trd, 4318695.093, 95
Trd, 4318695.193, 96
Trd, 4318696.143, 120
Trd, 4318696.243, 108
Trd, 4318696.493, 64
Trd, 4318698.043, 90
Trd, 4318698.293, 101
Trd, 4318698.343, 87
Trd, 4318700.243, 129
Trd, 4318700.543, 110
Trd, 4318701.193, 110
Trd, 4318702.143, 138
Trd, 4318704.493, 99
Trd, 4318704.693, 110
Trd, 4318705.843, 138
Trd, 4318706.693, 90
Trd, 4318709.293, 140
Trd, 4318709.343, 139
Trd, 4318709.543, 135
Trd, 4318710.243, 98
Trd, 4318710.293, 75
Trd, 4318711.143, 105
Trd, 4318712.593, 140
Trd, 4318712.643, 140
Trd, 4318713.743, 130
Trd, 4318714.043, 111
Trd, 4318714.493, 68
Trd, 4318715.343, 91
Trd, 4318716.893, 98
Trd, 4318717.643, 89
Trd, 4318717.793, 88
Trd, 4318718.643, 92
Trd, 4318719.193, 96
Trd, 4318720.093, 128
Trd, 4318720.343, 136
Trd, 4318720.593, 69
Trd, 4318721.293, 102
Trd, 4318721.693, 68
Trd, 4318721.943, 140
Trd, 4318724.443, 137
Trd, 4318724.843, 135
Trd, 4318725.643, 132
Trd, 4318725.893, 127
Trd, 4318727.693, 138
Trd, 4318727.943, 125
Trd, 4318728.893, 133
Trd, 4318730.043, 125
Trd, 4318731.043, 108
Trd, 4318731.293, 122
Trd, 4318731.743, 107
Trd, 4318732.443, 86
Trd, 4318732.743, 84
Trd, 4318733.043, 127
Trd, 4318735.543, 139
Trd, 4318735.793, 137
Trd, 4318735.893, 135
Trd, 4318737.493, 92
Trd, 4318738.343, 130
Trd, 4318739.043, 135
Trd, 4318739.243, 107
Trd, 4318739.893, 115
Trd, 4318741.193, 99
Trd, 4318741.993, 99
Trd, 4318742.693, 112
Trd, 4318742.893, 98
Trd, 4318743.543, 137
Trd, 4318744.993, 71
Trd, 4318746.293, 72
Trd, 4318746.543, 103
Trd, 4318747.743, 140
Trd, 4318748.143, 136
Trd, 4318749.143, 115
Trd, 4318750.293, 111
Trd, 4318750.643, 138
Trd, 4318750.993, 137
Trd, 4318751.943, 130
Trd, 4318752.093, 129
Trd, 4318753.043, 103
Trd, 4318753.743, 100
Trd, 4318754.043, 70
Trd, 4318755.043, 138
Trd, 4318755.193, 103
Trd, 4318757.243, 139
Trd, 4318758.143, 139
Trd, 4318759.093, 124
Trd, 4318759.843, 120
Trd, 4318760.293, 135
Trd, 4318760.643, 101
Trd, 4318761.243, 66
Trd, 4318763.043, 65
Trd, 4318763.493, 140
Trd, 4318764.643, 140
Trd, 4318766.393, 139
Trd, 4318767.393, 140
Trd, 4318767.893, 103
Trd, 4318768.943, 118
Trd, 4318769.543, 133
Trd, 4318769.893, 136
Trd, 4318769.993, 90
Trd, 4318770.543, 140
Trd, 4318771.143, 140
Trd, 4318772.293, 140
Trd, 4318772.943, 112
Trd, 4318774.793, 137
Trd, 4318775.693, 85
Trd, 4318777.143, 80
Trd, 4318777.343, 78
Trd, 4318778.143, 140
Trd, 4318779.093, 140
Trd, 4318779.193, 137
Trd, 4318779.293, 132
Trd, 4318779.493, 103
Trd, 4318780.443, 116
Trd, 4318782.593, 97
Trd, 4318783.393, 91
Trd, 4318784.393, 90
Trd, 4318786.643, 140
Trd, 4318787.043, 140
Trd, 4318787.593, 102
Trd, 4318787.693, 86
Trd, 4318787.893, 140
Trd, 4318788.193, 103
Trd, 4318789.093, 84
Trd, 4318791.743, 86
Trd, 4318793.143, 140
Trd, 4318793.393, 140
Trd, 4318793.943, 140
Trd, 4318795.193, 134
Trd, 4318796.993, 120
Trd, 4318798.143, 136
Trd, 4318800.143, 138
Trd, 4318800.293, 135
Trd, 4318801.093, 133
Trd, 4318801.543, 106
Trd, 4318802.443, 102
Trd, 4318803.693, 139
Trd, 4318804.393, 138
Trd, 4318806.693, 121
Trd, 4318806.743, 121
Trd, 4318807.843, 139
Trd, 4318808.093, 138
Trd, 4318808.843, 106
Trd, 4318809.743, 113
Trd, 4318810.293, 77
Trd, 4318810.393, 67
Trd, 4318810.493, 79
Trd, 4318812.393, 109
Trd, 4318813.193, 101
Trd, 4318813.943, 140
Trd, 4318814.343, 138
Trd, 4318814.493, 136
Trd, 4318815.243, 121
Trd, 4318816.093, 89
Trd, 4318817.893, 91
Trd, 4318818.793, 98
Trd, 4318818.843, 92
Trd, 4318819.243, 130
Trd, 4318822.143, 102
Trd, 4318822.593, 102
Trd, 4318822.693, 119
Trd, 4318824.193, 90
Trd, 4318824.843, 64
Trd, 4318825.493, 97
Trd, 4318825.643, 88
Trd, 4318826.193, 140
Trd, 4318826.743, 125
Trd, 4318827.043, 117
Trd, 4318829.043, 139
Trd, 4318830.043, 97
Trd, 4318831.743, 135
Trd, 4318832.043, 137
Trd, 4318834.943, 140
Trd, 4318834.993, 135
Trd, 4318835.893, 131
Trd, 4318836.793, 106
Trd, 4318837.593, 140
Trd, 4318838.043, 107
Trd, 4318838.093, 84
Trd, 4318839.443, 138
Trd, 4318839.643, 139
Trd, 4318840.393, 135
Trd, 4318842.793, 101
Trd, 4318843.443, 104
Trd, 4318843.693, 120
Trd, 4318843.843, 92
Trd, 4318844.643, 110
Trd, 4318845.043, 109
Trd, 4318845.543, 123
Trd, 4318845.743, 108
Trd, 4318848.093, 139
Trd, 4318849.293, 140
Trd, 4318851.493, 79
Trd, 4318851.693, 138
Trd, 4318852.593, 110
Trd, 4318853.693, 136
Trd, 4318853.793, 135
Trd, 4318854.793, 118
Trd, 4318855.843, 124
Trd, 4318856.343, 98
Trd, 4318856.743, 90
Trd, 4318858.843, 140
Trd, 4318860.243, 140
Trd, 4318861.443, 140
Trd, 4318861.843, 134
Trd, 4318862.493, 132
Trd, 4318862.693, 130
Trd, 4318862.793, 111
Trd, 4318863.393, 134
Trd, 4318864.193, 77
Trd, 4318865.893, 86
Trd, 4318867.043, 140
Trd, 4318867.643, 120
Trd, 4318867.993, 105
Trd, 4318868.093, 108
Trd, 4318869.243, 135
Trd, 4318869.743, 105
Trd, 4318870.843, 139
Trd, 4318871.193, 113
Trd, 4318871.343, 95
Trd, 4318872.093, 113
Trd, 4318872.743, 109
Trd, 4318873.943, 108
Trd, 4318874.043, 79
Trd, 4318874.193, 112
Trd, 4318875.593, 118
Trd, 4318876.843, 78
Trd, 4318877.193, 128
Trd, 4318879.193, 124
Trd, 4318879.693, 121
Trd, 4318879.743, 119
Trd, 4318881.943, 116
Trd, 4318883.443, 136
Trd, 4318883.793, 135
Trd, 4318883.843, 134
Trd, 4318884.593, 138
Trd, 4318885.943, 134
Trd, 4318886.993, 122
Trd, 4318887.143, 128
Trd, 4318888.043, 118
Trd, 4318888.443, 117
Trd, 4318888.893, 116
Trd, 4318889.243, 98
Trd, 4318890.093, 140
Trd, 4318891.143, 134
Trd, 4318893.393, 121
Trd, 4318894.043, 138
Trd, 4318894.143, 118
Trd, 4318895.093, 117
Trd, 4318895.343, 100
Trd, 4318895.443, 102
Trd, 4318896.043, 130
Trd, 4318897.193, 140
Trd, 4318899.293, 120
Trd, 4318900.043, 140
Trd, 4318900.943, 140
Trd, 4318901.293, 139
Trd, 4318902.093, 124
Trd, 4318902.643, 96
Trd, 4318903.743, 134
Trd, 4318905.343, 136
Trd, 4318905.443, 123
Trd, 4318905.593, 106
Trd, 4318905.643, 104
Trd, 4318908.493, 140
Trd, 4318908.793, 138
Trd, 4318909.593, 138
Trd, 4318909.793, 107
Trd, 4318913.493, 138
Trd, 4318913.743, 129
Trd, 4318914.043, 130
Trd, 4318915.093, 136
Trd, 4318916.343, 114
Trd, 4318916.693, 140
Trd, 4318918.843, 140
Trd, 4318919.293, 140
Trd, 4318919.393, 132
Trd, 4318920.293, 130
Trd, 4318922.743, 122
Trd, 4318924.593, 140
Trd, 4318925.093, 111
Trd, 4318927.093, 140
Trd, 4318927.443, 112
Trd, 4318929.443, 136
Trd, 4318929.793, 134
Trd, 4318929.843, 128
Trd, 4318931.093, 119
Trd, 4318932.043, 126
Trd, 4318932.743, 122
Trd, 4318933.093, 139
Trd, 4318933.443, 140
Trd, 4318934.293, 93
Trd, 4318935.843, 140
Trd, 4318936.243, 94
Trd, 4318936.543, 138
Trd, 4318936.643, 90
Trd, 4318938.443, 102
Trd, 4318939.943, 140
Trd, 4318939.993, 136
Trd, 4318940.693, 112
Trd, 4318942.343, 114
Trd, 4318943.243, 140
Trd, 4318943.793, 140
Trd, 4318944.193, 140
Trd, 4318944.543, 115
Trd, 4318945.543, 112
Trd, 4318946.093, 92
Trd, 4318947.943, 139
Trd, 4318948.693, 140
Trd, 4318949.143, 135
Trd, 4318949.493, 109
Trd, 4318950.343, 84
Trd, 4318950.393, 108
Trd, 4318951.043, 100
Trd, 4318951.543, 99
Trd, 4318952.543, 135
Trd, 4318954.993, 129
Trd, 4318955.743, 85
Trd, 4318956.393, 73
Trd, 4318958.343, 104
Trd, 4318958.543, 102
Trd, 4318959.493, 140
Trd, 4318959.993, 130
Trd, 4318960.693, 100
Trd, 4318960.793, 99
Trd, 4318961.043, 138
Trd, 4318961.593, 109
Trd, 4318962.043, 98
Trd, 4318963.043, 97
Trd, 4318963.693, 107
Trd, 4318964.843, 106
Trd, 4318966.643, 140
Trd, 4318966.743, 133
Trd, 4318967.793, 133
Trd, 4318967.943, 109
Trd, 4318969.293, 119
Trd, 4318970.093, 123
Trd, 4318970.343, 112
Trd, 4318970.543, 111
Trd, 4318971.143, 100
Trd, 4318972.393, 115
Trd, 4318975.043, 140
Trd, 4318975.943, 137
Trd, 4318976.193, 136
Trd, 4318976.343, 118
Trd, 4318976.643, 117
Trd, 4318977.693, 118
Trd, 4318977.993, 136
Trd, 4318979.143, 76
Trd, 4318980.393, 138
Trd, 4318980.843, 113
Trd, 4318982.093, 131
Trd, 4318983.743, 139
Trd, 4318984.193, 103
Trd, 4318984.843, 76
Trd, 4318985.843, 107
Trd, 4318985.943, 67
Trd, 4318986.743, 99
Trd, 4318987.243, 125
Trd, 4318987.793, 94
Trd, 4318989.043, 140
Trd, 4318989.393, 116
Trd, 4318990.493, 140
Trd, 4318990.943, 139
Trd, 4318992.343, 139
Trd, 4318992.643, 136
Trd, 4318993.043, 100
Trd, 4318993.743, 110
Trd, 4318994.443, 140
Trd, 4318994.893, 77
Trd, 4318995.193, 76
Trd, 4318996.543, 90
Trd, 4318997.843, 117
Trd, 4318997.893, 108
Trd, 4318998.593, 101
Trd, 4318999.493, 138
Trd, 4319000.193, 140
Trd, 4319000.443, 104
Trd, 4319001.993, 90
Trd, 4319002.743, 105
Trd, 4319003.193, 120
Trd, 4319003.243, 87
Trd, 4319003.393, 82
Trd, 4319006.293, 140
Trd, 4319006.493, 140
Trd, 4319007.643, 140
Trd, 4319007.793, 140
Trd, 4319009.093, 137
Trd, 4319009.393, 130
Trd, 4319009.593, 129
Trd, 4319009.793, 127
Trd, 4319010.193, 125
Trd, 4319011.643, 138
Trd, 4319011.793, 140
Trd, 4319012.043, 105
Trd, 4319013.243, 106
Trd, 4319014.493, 126
Trd, 4319014.793, 124
Trd, 4319017.193, 136
Trd, 4319018.493, 140
Trd, 4319019.643, 136
Trd, 4319019.893, 140
Trd, 4319020.443, 89
Trd, 4319021.293, 100
Trd, 4319021.743, 86
Trd, 4319021.993, 89
Trd, 4319023.643, 140
Trd, 4319023.793, 132
Trd, 4319024.543, 126
Trd, 4319025.243, 120
Trd, 4319027.893, 114
Trd, 4319028.293, 122
Trd, 4319028.793, 100
Trd, 4319029.493, 114
Trd, 4319030.543, 114
Trd, 4319031.093, 113
Trd, 4319031.143, 87
Trd, 4319031.443, 123
Trd, 4319032.043, 139
Trd, 4319032.293, 131
Trd, 4319032.543, 124
Trd, 4319033.493, 140
Trd, 4319034.543, 110
Trd, 4319035.593, 114
Trd, 4319036.193, 109
Trd, 4319036.443, 125
Trd, 4319037.243, 108
Trd, 4319037.343, 96
Trd, 4319038.893, 77
Trd, 4319039.893, 89
Trd, 4319040.293, 134
Trd, 4319040.393, 60
Trd, 4319040.893, 127
Trd, 4319042.443, 129
Trd, 4319043.793, 137
Trd, 4319045.643, 132
Trd, 4319045.743, 140
Trd, 4319046.343, 132
Trd, 4319046.493, 131
Trd, 4319046.593, 113
Trd, 4319046.743, 110
Trd, 4319047.243, 90
Trd, 4319048.743, 137
Trd, 4319049.193, 133
Trd, 4319050.543, 138
Trd, 4319052.243, 136
Trd, 4319053.543, 135
Trd, 4319054.293, 136
Trd, 4319054.893, 131
Trd, 4319054.943, 108
Trd, 4319057.043, 131
Trd, 4319057.693, 123
Trd, 4319057.893, 140
Trd, 4319058.543, 76
Trd, 4319059.343, 139
Trd, 4319060.843, 130
Trd, 4319061.043, 102
Trd, 4319062.993, 139
Trd, 4319063.393, 138
Trd, 4319064.093, 91
Trd, 4319064.643, 138
Trd, 4319067.343, 134
Trd, 4319067.693, 138
Trd, 4319068.143, 112
Trd, 4319069.143, 90
Trd, 4319070.193, 84
Trd, 4319070.543, 78
Trd, 4319070.893, 139
Trd, 4319071.293, 129
Trd, 4319072.293, 85
Trd, 4319073.843, 80
Trd, 4319074.643, 139
Trd, 4319075.043, 139
Trd, 4319075.393, 102
Trd, 4319075.893, 96
Trd, 4319078.443, 140
Trd, 4319079.343, 130
Trd, 4319079.493, 114
Trd, 4319080.493, 119
Trd, 4319080.993, 98
Trd, 4319081.393, 138
Trd, 4319081.893, 94
Trd, 4319082.093, 77
Trd, 4319083.293, 92
Trd, 4319086.493, 140
Trd, 4319087.743, 140
Trd, 4319088.843, 137
Trd, 4319090.743, 137
Trd, 4319090.793, 129
Trd, 4319091.843, 139
Trd, 4319092.193, 123
Trd, 4319093.143, 114
Trd, 4319093.393, 93
Trd, 4319094.693, 130
Trd, 4319095.343, 130
Trd, 4319096.493, 139
Trd, 4319097.443, 124
Trd, 4319099.793, 116
Trd, 4319100.293, 116
Trd, 4319100.843, 113
Trd, 4319102.293, 140
Trd, 4319104.143, 124
Trd, 4319104.593, 115
Trd, 4319104.943, 119
Trd, 4319105.643, 98
Trd, 4319105.993, 101
Trd, 4319106.093, 97
Trd, 4319106.743, 127
Trd, 4319108.643, 138
Trd, 4319108.843, 136
Trd, 4319109.393, 130
Trd, 4319109.643, 100
Trd, 4319110.643, 131
Trd, 4319110.793, 126
Trd, 4319112.393, 125
Trd, 4319113.293, 139
Trd, 4319113.593, 137
Trd, 4319113.693, 111
Trd, 4319113.893, 97
Trd, 4319115.743, 138
Trd, 4319116.293, 138
Trd, 4319118.443, 140
Trd, 4319118.693, 140
Trd, 4319119.843, 119
Trd, 4319121.743, 140
Trd, 4319121.793, 112
Trd, 4319122.193, 113
Trd, 4319122.593, 111
Trd, 4319123.293, 139
Trd, 4319123.993, 140
Trd, 4319126.343, 138
Trd, 4319127.043, 138
Trd, 4319127.743, 135
Trd, 4319128.543, 135
Trd, 4319129.793, 130
Trd, 4319130.043, 111
Trd, 4319131.443, 115
Trd, 4319131.593, 111
Trd, 4319133.143, 98
Trd, 4319133.193, 101
Trd, 4319134.193, 138
Trd, 4319134.493, 115
Trd, 4319134.593, 113
Trd, 4319136.193, 140
Trd, 4319136.743, 126
Trd, 4319137.743, 130
Trd, 4319138.043, 121
Trd, 4319140.593, 104
Trd, 4319141.643, 97
Trd, 4319143.143, 98
Trd, 4319143.443, 91
Trd, 4319143.493, 88
Trd, 4319143.543, 102
Trd, 4319143.693, 75
Trd, 4319145.443, 140
Trd, 4319146.443, 139
Trd, 4319146.743, 140
Trd, 4319147.843, 137
Trd, 4319147.993, 115
Trd, 4319148.093, 106
Trd, 4319148.343, 96
Trd, 4319149.493, 140
Trd, 4319149.793, 94
Trd, 4319150.593, 138
Trd, 4319151.693, 138
Trd, 4319152.643, 139
Trd, 4319152.843, 112
Trd, 4319153.793, 137
Trd, 4319157.393, 137
Trd, 4319157.643, 130
Trd, 4319157.893, 139
Trd, 4319158.893, 130
Trd, 4319159.093, 101
Trd, 4319159.243, 97
Trd, 4319160.693, 115
Trd, 4319161.243, 68
Trd, 4319161.343, 93
Trd, 4319161.943, 68
Trd, 4319162.293, 70
Trd, 4319164.593, 136
Trd, 4319166.293, 137
Trd, 4319166.793, 136
Trd, 4319167.093, 134
Trd, 4319169.743, 140
Trd, 4319170.043, 104
Trd, 4319170.143, 80
Trd, 4319170.293, 136
Trd, 4319170.843, 110
Trd, 4319171.293, 86
Trd, 4319173.293, 105
Trd, 4319173.893, 106
Trd, 4319175.943, 123
Trd, 4319176.143, 112
Trd, 4319177.493, 109
Trd, 4319177.793, 68
Trd, 4319178.143, 131
Trd, 4319178.693, 92
Trd, 4319180.793, 112
Trd, 4319182.043, 140
Trd, 4319183.693, 140
Trd, 4319184.143, 140
Trd, 4319185.143, 140
Trd, 4319185.793, 133
Trd, 4319187.493, 139
Trd, 4319188.093, 126
Trd, 4319189.593, 125
Trd, 4319190.843, 117
Trd, 4319193.143, 139
Trd, 4319194.293, 140
Trd, 4319194.993, 137
Trd, 4319195.743, 140
Trd, 4319197.243, 136
Trd, 4319197.493, 135
Trd, 4319197.643, 140
Trd, 4319198.393, 123
Trd, 4319198.793, 131
Trd, 4319199.143, 119
Trd, 4319199.543, 117
Trd, 4319200.243, 112
Trd, 4319200.543, 134
Trd, 4319202.393, 120
Trd, 4319203.043, 108
Trd, 4319203.743, 123
Trd, 4319204.343, 133
Trd, 4319204.893, 128
Trd, 4319209.093, 140
Trd, 4319211.193, 140
Trd, 4319211.243, 139
Trd, 4319212.693, 136
Trd, 4319212.793, 118
Trd, 4319213.343, 112
Trd, 4319213.793, 108
Trd, 4319215.143, 139
Trd, 4319216.193, 139
Trd, 4319216.643, 139
Trd, 4319216.893, 137
Trd, 4319217.193, 106
Trd, 4319219.893, 114
Trd, 4319220.193, 117
Trd, 4319220.593, 111
Trd, 4319222.593, 112
Trd, 4319223.243, 113
Trd, 4319223.443, 94
Trd, 4319223.493, 85
Trd, 4319224.093, 139
Trd, 4319224.193, 127
Trd, 4319224.793, 116
Trd, 4319226.493, 114
Trd, 4319226.693, 140
Trd, 4319228.243, 124
Trd, 4319229.543, 140
Trd, 4319229.643, 125
Trd, 4319231.693, 134
Trd, 4319232.543, 133
Trd, 4319233.643, 107
Trd, 4319234.643, 105
Trd, 4319235.093, 140
Trd, 4319235.893, 140
Trd, 4319236.193, 133
Trd, 4319236.343, 100
Trd, 4319237.993, 100
Trd, 4319239.793, 132
Trd, 4319239.993, 131
Trd, 4319240.193, 126
Trd, 4319240.293, 134
Trd, 4319240.643, 110
Trd, 4319240.693, 96
Trd, 4319242.393, 135
Trd, 4319243.793, 124
Trd, 4319244.693, 140
Trd, 4319245.543, 124
Trd, 4319245.743, 108
Trd, 4319245.993, 133
Trd, 4319246.393, 97
Trd, 4319247.993, 125
Trd, 4319248.643, 121
Trd, 4319249.593, 138
Trd, 4319249.643, 113
Trd, 4319249.993, 110
Trd, 4319251.043, 120
Trd, 4319253.693, 137
Trd, 4319255.343, 138
Trd, 4319256.793, 140
Trd, 4319257.643, 127
Trd, 4319257.743, 130
Trd, 4319258.143, 101
Trd, 4319258.993, 107
Trd, 4319259.043, 103
Trd, 4319261.293, 140
Trd, 4319262.393, 140
Trd, 4319262.993, 140
Trd, 4319264.743, 140
Trd, 4319265.243, 140
Trd, 4319265.393, 138
Trd, 4319266.193, 133
Trd, 4319266.843, 111
Trd, 4319267.493, 119
Trd, 4319268.793, 140
Trd, 4319271.493, 139
Trd, 4319271.843, 135
Trd, 4319272.093, 127
Trd, 4319274.393, 125
Trd, 4319275.043, 124
Trd, 4319275.493, 111
Trd, 4319276.043, 117
Trd, 4319277.093, 118
Trd, 4319278.243, 140
Trd, 4319278.743, 140
Trd, 4319278.843, 117
Trd, 4319279.043, 114
Trd, 4319280.493, 140
Trd, 4319280.543, 130
Trd, 4319282.793, 116
Trd, 4319283.043, 104
Trd, 4319283.343, 118
Trd, 4319285.143, 111
Trd, 4319285.493, 97
Trd, 4319285.793, 124
Trd, 4319285.993, 95
Trd, 4319287.743, 118
Trd, 4319288.543, 140
Trd, 4319289.443, 129
Trd, 4319289.593, 104
Trd, 4319290.293, 97
Trd, 4319290.443, 122
Trd, 4319294.543, 140
Trd, 4319294.943, 139
Trd, 4319294.993, 136
Trd, 4319295.393, 115
Trd, 4319296.443, 123
Trd, 4319297.043, 100
Trd, 4319297.893, 76
Trd, 4319298.243, 81
Trd, 4319298.593, 119
Trd, 4319298.643, 75
Trd, 4319298.993, 97
Trd, 4319301.593, 117
Trd, 4319301.943, 87
Trd, 4319302.943, 104
Trd, 4319303.943, 114
Trd, 4319305.743, 136
Trd, 4319305.943, 132
Trd, 4319306.243, 114
Trd, 4319306.943, 99
Trd, 4319307.743, 87
Trd, 4319309.643, 140
Trd, 4319311.243, 136
Trd, 4319311.343, 135
Trd, 4319311.543, 140
Trd, 4319311.693, 121
Trd, 4319313.443, 120
Trd, 4319314.643, 117
Trd, 4319315.893, 104
Trd, 4319316.043, 103
Trd, 4319316.443, 131
Trd, 4319317.193, 140
Trd, 4319317.743, 83
Trd, 4319318.993, 71
Trd, 4319319.893, 139
Trd, 4319320.043, 70
Trd, 4319320.793, 109
Trd, 4319321.843, 123
Trd, 4319323.343, 140
Trd, 4319323.393, 138
Trd, 4319324.543, 91
Trd, 4319325.193, 88
Trd, 4319326.643, 127
Trd, 4319327.743, 120
Trd, 4319327.793, 118
Trd, 4319329.193, 83
Trd, 4319330.493, 75
Trd, 4319331.893, 139
Trd, 4319333.443, 139
Trd, 4319333.743, 135
Trd, 4319334.193, 122
Trd, 4319334.243, 121
Trd, 4319335.243, 139
Trd, 4319335.543, 125
Trd, 4319335.793, 110
Trd, 4319336.243, 109
Trd, 4319337.293, 140
Trd, 4319341.943, 140
Trd, 4319342.793, 137
Trd, 4319342.893, 129
Trd, 4319343.243, 110
Trd, 4319343.293, 103
Trd, 4319343.743, 87
Trd, 4319344.093, 86
Trd, 4319344.343, 109
Trd, 4319344.693, 137
Trd, 4319346.943, 93
Trd, 4319346.993, 121
Trd, 4319347.043, 126
Trd, 4319347.893, 134
Trd, 4319349.743, 113
Trd, 4319350.393, 113
Trd, 4319350.743, 140
Trd, 4319351.693, 131
Trd, 4319352.593, 119
Trd, 4319352.943, 105
Trd, 4319353.693, 104
Trd, 4319355.493, 137
Trd, 4319355.993, 136
Trd, 4319356.743, 77
Trd, 4319358.443, 122
Trd, 4319358.743, 110
Trd, 4319359.743, 87
Trd, 4319360.843, 132
Trd, 4319362.543, 98
Trd, 4319363.843, 100
Trd, 4319364.043, 85
Trd, 4319364.493, 129
Trd, 4319364.993, 139
Trd, 4319365.693, 107
Trd, 4319366.443, 120
Trd, 4319366.693, 106
Trd, 4319367.143, 114
Trd, 4319367.643, 140
Trd, 4319367.743, 130
Trd, 4319368.493, 101
Trd, 4319369.643, 66
Trd, 4319370.993, 137
Trd, 4319371.193, 116
Trd, 4319371.793, 114
Trd, 4319371.943, 114
Trd, 4319373.343, 132
Trd, 4319374.693, 122
Trd, 4319376.293, 130
Trd, 4319376.543, 128
Trd, 4319377.343, 130
Trd, 4319377.393, 116
Trd, 4319378.243, 140
Trd, 4319380.393, 139
Trd, 4319380.543, 133
Trd, 4319380.693, 106
Trd, 4319382.393, 101
Trd, 4319382.993, 139
Trd, 4319383.193, 111
Trd, 4319384.343, 103
Trd, 4319385.643, 120
Trd, 4319385.993, 119
Trd, 4319386.043, 130
Trd, 4319387.293, 117
Trd, 4319390.543, 135
Trd, 4319391.343, 127
Trd, 4319391.993, 118
Trd, 4319393.193, 140
Trd, 4319393.993, 140
Trd, 4319394.343, 140
Trd, 4319394.593, 123
Trd, 4319394.743, 108
Trd, 4319395.893, 129
Trd, 4319398.393, 139
Trd, 4319399.493, 107
Trd, 4319400.493, 116
Trd, 4319401.193, 132
Trd, 4319402.343, 124
Trd, 4319402.393, 116
Trd, 4319402.893, 126
Trd, 4319403.443, 139
Trd, 4319403.743, 122
Trd, 4319405.643, 94
Trd, 4319406.143, 126
Trd, 4319408.543, 140
Trd, 4319408.843, 140
Trd, 4319408.943, 134
Trd, 4319408.993, 124
Trd, 4319409.493, 131
Trd, 4319409.993, 114
Trd, 4319412.143, 94
Trd, 4319413.193, 124
Trd, 4319413.243, 123
Trd, 4319413.593, 134
Trd, 4319414.293, 117
Trd, 4319414.593, 116
Trd, 4319415.093, 102
Trd, 4319416.943, 117
Trd, 4319417.743, 110
Trd, 4319418.293, 95
Trd, 4319418.993, 140
Trd, 4319419.143, 99
Trd, 4319420.143, 99
Trd, 4319420.643, 99
Trd, 4319420.793, 97
Trd, 4319421.393, 106
Trd, 4319421.943, 98
Trd, 4319422.043, 106
Trd, 4319423.043, 86
Trd, 4319424.043, 92
Trd, 4319425.093, 76
Trd, 4319425.793, 74
Trd, 4319426.693, 81
Trd, 4319428.793, 140
Trd, 4319428.893, 139
Trd, 4319429.393, 119
Trd, 4319429.943, 112
Trd, 4319430.143, 109
Trd, 4319432.393, 129
Trd, 4319432.443, 132
Trd, 4319432.793, 111
Trd, 4319432.843, 84
Trd, 4319434.043, 133
Trd, 4319434.293, 103
Trd, 4319434.593, 97
Trd, 4319436.043, 138
Trd, 4319436.693, 130
Trd, 4319437.993, 77
Trd, 4319438.243, 103
Trd, 4319439.843, 101
Trd, 4319441.393, 114
Trd, 4319441.693, 125
Trd, 4319441.793, 108
Trd, 4319443.843, 102
Trd, 4319445.143, 103
Trd, 4319445.343, 111
Trd, 4319445.393, 101
Trd, 4319447.093, 81
Trd, 4319448.343, 140
Trd, 4319448.543, 116
Trd, 4319449.043, 105
Trd, 4319450.293, 126
Trd, 4319450.643, 133
Trd, 4319451.243, 120
Trd, 4319451.743, 117
Trd, 4319453.293, 122
Trd, 4319454.593, 140
Trd, 4319454.993, 140
Trd, 4319455.743, 133
Trd, 4319457.593, 140
Trd, 4319458.493, 138
Trd, 4319458.693, 124
Trd, 4319458.993, 137
Trd, 4319459.843, 117
Trd, 4319460.243, 140
Trd, 4319461.193, 88
Trd, 4319462.993, 110
Trd, 4319463.843, 140
Trd, 4319463.993, 140
Trd, 4319465.743, 137
Trd, 4319466.793, 113
Trd, 4319468.643, 140
Trd, 4319469.643, 138
Trd, 4319471.193, 138
Trd, 4319472.093, 138
Trd, 4319472.643, 119
Trd, 4319475.193, 140
Trd, 4319475.443, 140
Trd, 4319475.493, 123
Trd, 4319477.593, 140
Trd, 4319478.043, 140
Trd, 4319478.093, 140
Trd, 4319478.443, 134
Trd, 4319480.843, 124
Trd, 4319481.493, 137
Trd, 4319481.893, 103
Trd, 4319482.043, 103
Trd, 4319482.993, 79
Trd, 4319485.293, 135
Trd, 4319485.643, 81
Trd, 4319487.493, 139
Trd, 4319488.843, 112
Trd, 4319488.943, 111
Trd, 4319489.243, 121
Trd, 4319489.343, 110
Trd, 4319489.843, 121
Trd, 4319490.943, 133
Trd, 4319491.393, 91
Trd, 4319492.343, 140
Trd, 4319492.493, 98
Trd, 4319492.843, 76
Trd, 4319493.593, 118
Trd, 4319495.793, 103
Trd, 4319496.243, 140
Trd, 4319498.043, 139
Trd, 4319498.143, 112
Trd, 4319498.993, 105
Trd, 4319499.243, 100
Trd, 4319503.043, 139
Trd, 4319503.143, 137
Trd, 4319503.643, 140
Trd, 4319504.493, 140
Trd, 4319505.043, 140
Trd, 4319505.893, 85
Trd, 4319506.843, 91
Trd, 4319507.643, 80
Trd, 4319508.893, 137
Trd, 4319509.293, 105
Trd, 4319509.443, 90
Trd, 4319509.993, 119
Trd, 4319510.293, 127
Trd, 4319510.493, 132
Trd, 4319511.093, 69
Trd, 4319512.293, 95
Trd, 4319513.043, 118
Trd, 4319514.443, 108
Trd, 4319514.793, 105
Trd, 4319515.943, 109
Trd, 4319516.193, 137
Trd, 4319516.543, 115
Trd, 4319518.243, 98
Trd, 4319518.943, 133
Trd, 4319519.693, 110
Trd, 4319520.343, 109
Trd, 4319521.143, 139
Trd, 4319522.143, 123
Trd, 4319524.043, 122
Trd, 4319524.243, 121
Trd, 4319524.343, 129
Trd, 4319525.343, 134
Trd, 4319525.893, 126
Trd, 4319526.043, 110
Trd, 4319526.893, 123
Trd, 4319528.243, 126
Trd, 4319529.543, 120
Trd, 4319530.593, 131
Trd, 4319532.343, 140
Trd, 4319533.693, 140
Trd, 4319534.043, 134
Trd, 4319535.643, 138
Trd, 4319537.793, 140
Trd, 4319537.943, 140
Trd, 4319538.393, 137
Trd, 4319541.293, 140
Trd, 4319543.043, 140
Trd, 4319543.193, 140
Trd, 4319543.643, 140
Trd, 4319543.743, 138
Trd, 4319544.143, 97
Trd, 4319545.343, 136
Trd, 4319546.593, 139
Trd, 4319547.393, 136
Trd, 4319548.343, 122
Trd, 4319548.843, 137
Trd, 4319549.893, 91
Trd, 4319550.643, 124
Trd, 4319551.093, 140
Trd, 4319551.393, 91
Trd, 4319552.943, 116
Trd, 4319553.793, 122
Trd, 4319554.943, 111
Trd, 4319555.443, 106
Trd, 4319556.293, 86
Trd, 4319556.893, 131
Trd, 4319558.093, 140
Trd, 4319559.893, 140
Trd, 4319560.743, 139
Trd, 4319560.893, 134
Trd, 4319561.043, 129
Trd, 4319561.893, 136
Trd, 4319561.993, 135
Trd, 4319562.193, 140
Trd, 4319562.493, 108
Trd, 4319562.943, 107
Trd, 4319563.143, 93
Trd, 4319563.243, 83
Trd, 4319564.693, 105
Trd, 4319565.393, 134
Trd, 4319566.243, 140
Trd, 4319566.543, 140
Trd, 4319567.193, 82
Trd, 4319570.993, 77
Trd, 4319572.043, 140
Trd, 4319572.293, 105
Trd, 4319573.393, 129
Trd, 4319573.543, 115
Trd, 4319573.893, 101
Trd, 4319574.593, 98
Trd, 4319575.193, 110
Trd, 4319575.943, 100
Trd, 4319578.343, 69
Trd, 4319578.943, 63
Trd, 4319579.493, 100
Trd, 4319579.743, 93
Trd, 4319580.493, 85
Trd, 4319581.443, 130
Trd, 4319581.893, 120
Trd, 4319583.093, 89
Trd, 4319583.643, 139
Trd, 4319584.693, 140
Trd, 4319585.193, 140
Trd, 4319585.243, 131
Trd, 4319585.643, 123
Trd, 4319585.893, 125
Trd, 4319587.643, 123
Trd, 4319587.693, 122
Trd, 4319589.693, 117
Trd, 4319590.993, 140
Trd, 4319591.943, 110
Trd, 4319592.593, 93
Trd, 4319593.793, 140
Trd, 4319593.993, 126
Trd, 4319595.293, 137
Trd, 4319595.943, 66
Trd, 4319596.393, 94
Trd, 4319597.343, 104
Trd, 4319597.993, 81
Trd, 4319598.893, 139
Trd, 4319599.043, 138
Trd, 4319600.843, 137
Trd, 4319601.043, 123
Trd, 4319601.143, 119
Trd, 4319601.243, 110
Trd, 4319601.993, 104
Trd, 4319605.493, 121
Trd, 4319605.843, 89
Trd, 4319607.593, 119
Trd, 4319607.643, 98
Trd, 4319608.443, 98
Trd, 4319608.543, 94
Trd, 4319611.243, 140
Trd, 4319611.543, 140
Trd, 4319612.093, 140
Trd, 4319612.343, 138
Trd, 4319613.593, 119
Trd, 4319613.693, 118
Trd, 4319615.943, 140
Trd, 4319615.993, 140
Trd, 4319616.443, 131
Trd, 4319616.543, 108
Trd, 4319617.943, 95
Trd, 4319618.143, 121
Trd, 4319618.693, 98
Trd, 4319619.743, 93
Trd, 4319619.943, 116
Trd, 4319621.343, 140
Trd, 4319621.593, 137
Trd, 4319622.293, 123
Trd, 4319622.493, 126
Trd, 4319624.943, 89
Trd, 4319625.143, 88
Trd, 4319626.243, 128
Trd, 4319626.393, 135
Trd, 4319627.593, 97
Trd, 4319627.893, 125
Trd, 4319628.543, 88
Trd, 4319629.643, 113
Trd, 4319629.693, 112
Trd, 4319630.593, 130
Trd, 4319632.243, 123
Trd, 4319633.293, 108
Trd, 4319633.493, 107
Trd, 4319633.943, 88
Trd, 4319634.393, 84
Trd, 4319636.043, 140
Trd, 4319636.593, 139
Trd, 4319636.643, 135
Trd, 4319637.293, 101
Trd, 4319639.093, 96
Trd, 4319639.593, 93
Trd, 4319639.943, 115
Trd, 4319640.593, 69
Trd, 4319641.193, 76
Trd, 4319641.243, 114
Trd, 4319641.443, 82
Trd, 4319643.743, 140
Trd, 4319643.793, 139
Trd, 4319644.443, 128
Trd, 4319645.143, 126
Trd, 4319645.493, 108
Trd, 4319647.543, 139
Trd, 4319647.793, 139
Trd, 4319648.293, 137
Trd, 4319650.293, 125
Trd, 4319650.393, 122
Trd, 4319650.893, 130
Trd, 4319652.143, 132
Trd, 4319653.293, 124
Trd, 4319654.193, 120
Trd, 4319655.943, 128
Trd, 4319656.043, 108
Trd, 4319656.393, 113
Trd, 4319657.743, 121
Trd, 4319658.043, 120
Trd, 4319658.593, 126
Trd, 4319659.293, 139
Trd, 4319659.893, 80
Trd, 4319660.493, 79
Trd, 4319662.643, 140
Trd, 4319662.843, 140
Trd, 4319663.843, 140
Trd, 4319663.943, 138
Trd, 4319663.993, 131
Trd, 4319664.143, 96
Trd, 4319665.393, 60
Trd, 4319667.093, 80
Trd, 4319667.143, 83
Trd, 4319667.343, 134
Trd, 4319667.893, 111
Trd, 4319669.643, 122
Trd, 4319670.093, 121
Trd, 4319670.793, 97
Trd, 4319672.293, 89
Trd, 4319673.843, 83
Trd, 4319674.093, 111
Trd, 4319674.343, 136
Trd, 4319675.643, 94
Trd, 4319676.843, 138
Trd, 4319677.193, 139
Trd, 4319677.493, 134
Trd, 4319677.943, 108
Trd, 4319678.243, 80
Trd, 4319679.543, 118
Trd, 4319679.593, 116
Trd, 4319680.643, 140
Trd, 4319682.193, 140
Trd, 4319682.543, 140
Trd, 4319682.743, 140
Trd, 4319683.243, 136
Trd, 4319685.493, 139
Trd, 4319687.493, 107
Trd, 4319687.943, 132
Trd, 4319690.043, 108
Trd, 4319690.093, 94
Trd, 4319690.843, 105
Trd, 4319692.143, 112
Trd, 4319692.693, 140
Trd, 4319693.093, 139
Trd, 4319694.593, 126
Trd, 4319695.443, 124
Trd, 4319695.843, 139
Trd, 4319696.193, 121
Trd, 4319696.493, 119
Trd, 4319696.793, 88
Trd, 4319698.143, 60
Trd, 4319698.543, 128
Trd, 4319699.743, 123
Trd, 4319700.393, 126
Trd, 4319701.543, 90
Trd, 4319702.493, 108
Trd, 4319702.943, 106
Trd, 4319703.243, 109
Trd, 4319704.143, 108
Trd, 4319705.093, 119
Trd, 4319706.093, 108
Trd, 4319706.493, 134
Trd, 4319707.293, 85
Trd, 4319707.393, 118
Trd, 4319708.893, 120
Trd, 4319709.843, 116
Trd, 4319710.393, 127
Trd, 4319711.593, 138
Trd, 4319713.843, 138
Trd, 4319714.493, 125
Trd, 4319716.343, 98
Trd, 4319716.793, 93
Trd, 4319717.693, 123
Trd, 4319719.143, 138
Trd, 4319719.293, 136
Trd, 4319719.793, 107
Trd, 4319720.143, 135
Trd, 4319720.193, 103
Trd, 4319722.293, 139
Trd, 4319722.343, 128
Trd, 4319722.743, 116
Trd, 4319723.893, 136
Trd, 4319726.443, 140
Trd, 4319726.743, 140
Trd, 4319726.843, 138
Trd, 4319727.143, 128
Trd, 4319728.843, 71
Trd, 4319729.243, 77
Trd, 4319730.843, 140
Trd, 4319730.893, 140
Trd, 4319731.243, 111
Trd, 4319732.343, 104
Trd, 4319733.093, 95
Trd, 4319734.293, 109
Trd, 4319734.593, 139
Trd, 4319735.543, 106
Trd, 4319736.743, 138
Trd, 4319739.043, 136
Trd, 4319739.143, 130
Trd, 4319739.243, 115
Trd, 4319739.643, 139
Trd, 4319739.943, 86
Trd, 4319740.693, 60
Trd, 4319740.743, 78
Trd, 4319743.193, 132
Trd, 4319743.443, 131
Trd, 4319743.893, 103
Trd, 4319745.493, 139
Trd, 4319745.893, 118
Trd, 4319746.643, 123
Trd, 4319746.743, 140
Trd, 4319746.843, 114
Trd, 4319747.193, 111
Trd, 4319748.893, 115
Trd, 4319749.643, 106
Trd, 4319752.343, 140
Trd, 4319752.393, 140
Trd, 4319752.943, 131
Trd, 4319753.493, 128
Trd, 4319753.993, 98
Trd, 4319755.193, 140
Trd, 4319757.093, 82
Trd, 4319759.043, 140
Trd, 4319759.493, 138
Trd, 4319759.593, 129
Trd, 4319760.593, 95
Trd, 4319762.643, 93
Trd, 4319762.843, 100
Trd, 4319764.193, 107
Trd, 4319765.193, 99
Trd, 4319766.343, 134
Trd, 4319766.443, 115
Trd, 4319766.493, 114
Trd, 4319767.693, 130
Trd, 4319769.243, 113
Trd, 4319770.043, 134
Trd, 4319770.843, 140
Trd, 4319771.293, 139
Trd, 4319772.843, 140
Trd, 4319773.843, 117
Trd, 4319774.393, 139
Trd, 4319775.143, 119
Trd, 4319776.093, 120
Trd, 4319777.443, 101
Trd, 4319778.893, 100
Trd, 4319780.193, 140
Trd, 4319780.993, 139
Trd, 4319781.493, 132
Trd, 4319781.543, 106
Trd, 4319782.043, 108
Trd, 4319782.693, 108
Trd, 4319785.543, 140
Trd, 4319786.093, 140
Trd, 4319786.743, 128
Trd, 4319786.793, 115
Trd, 4319787.143, 112
Trd, 4319787.343, 87
Trd, 4319789.543, 110
Trd, 4319789.843, 86
Trd, 4319791.143, 140
Trd, 4319791.493, 140
Trd, 4319791.843, 135
Trd, 4319792.043, 131
Trd, 4319792.093, 108
Trd, 4319795.043, 140
Trd, 4319795.093, 111
Trd, 4319795.143, 105
Trd, 4319795.993, 122
Trd, 4319796.543, 135
Trd, 4319797.893, 140
Trd, 4319798.493, 137
Trd, 4319798.693, 135
Trd, 4319799.193, 86
Trd, 4319799.443, 103
Trd, 4319802.193, 131
Trd, 4319802.543, 129
Trd, 4319802.593, 111
Trd, 4319803.443, 98
Trd, 4319804.193, 104
Trd, 4319804.543, 130
Trd, 4319805.943, 139
Trd, 4319807.493, 126
Trd, 4319807.843, 122
Trd, 4319809.543, 109
Trd, 4319810.043, 140
Trd, 4319811.043, 138
Trd, 4319811.243, 137
Trd, 4319811.593, 133
Trd, 4319813.793, 111
Trd, 4319813.943, 106
Trd, 4319814.043, 97
Trd, 4319815.493, 102
Trd, 4319816.893, 101
Trd, 4319818.393, 140
Trd, 4319819.593, 139
Trd, 4319819.793, 125
Trd, 4319820.793, 136
Trd, 4319821.293, 136
Trd, 4319821.493, 131
Trd, 4319822.043, 138
Trd, 4319825.293, 140
Trd, 4319825.943, 140
Trd, 4319826.443, 140
Trd, 4319827.393, 117
Trd, 4319827.793, 85
Trd, 4319827.843, 78
Trd, 4319828.643, 90
Trd, 4319829.543, 73
Trd, 4319831.793, 138
Trd, 4319832.943, 138
Trd, 4319833.543, 137
Trd, 4319833.593, 85
Trd, 4319834.393, 69
Trd, 4319835.093, 85
Trd, 4319836.093, 126
Trd, 4319836.943, 106
Trd, 4319836.993, 116
Trd, 4319837.693, 95
Trd, 4319838.693, 75
Trd, 4319838.943, 90
Trd, 4319841.943, 89
Trd, 4319842.193, 88
Trd, 4319842.243, 140
Trd, 4319843.693, 112
Trd, 4319844.493, 66
Trd, 4319846.343, 110
Trd, 4319846.743, 103
Trd, 4319847.243, 62
Trd, 4319847.293, 70
Trd, 4319848.093, 130
Trd, 4319848.943, 129
Trd, 4319850.143, 138
Trd, 4319850.643, 130
Trd, 4319852.843, 136
Trd, 4319853.343, 111
Trd, 4319854.193, 129
Trd, 4319854.693, 106
Trd, 4319855.193, 103
Trd, 4319855.743, 105
Trd, 4319856.793, 64
Trd, 4319856.943, 74
Trd, 4319857.143, 120
Trd, 4319857.543, 88
Trd, 4319859.693, 140
Trd, 4319859.793, 140
Trd, 4319860.493, 139
Trd, 4319861.093, 130
Trd, 4319862.793, 106
Trd, 4319862.893, 74
Trd, 4319863.243, 91
Trd, 4319864.343, 75
Trd, 4319864.693, 78
Trd, 4319865.393, 60
Trd, 4319865.643, 67
Trd, 4319865.693, 80
Trd, 4319865.993, 129
Trd, 4319869.843, 140
Trd, 4319870.343, 140
Trd, 4319870.693, 140
Trd, 4319871.793, 138
Trd, 4319872.693, 107
Trd, 4319873.693, 137
Trd, 4319874.043, 123
Trd, 4319875.043, 112
Trd, 4319875.443, 111
Trd, 4319876.343, 75
Trd, 4319877.043, 129
Trd, 4319877.543, 138
Trd, 4319877.693, 128
Trd, 4319878.543, 105
Trd, 4319879.643, 129
Trd, 4319880.243, 76
Trd, 4319880.843, 134
Trd, 4319881.893, 100
Trd, 4319882.393, 95
Trd, 4319883.093, 140
Trd, 4319883.443, 76
Trd, 4319884.643, 135
Trd, 4319885.593, 134
Trd, 4319887.693, 140
Trd, 4319888.293, 140
Trd, 4319888.343, 140
Trd, 4319890.093, 99
Trd, 4319890.293, 99
Trd, 4319890.493, 116
Trd, 4319891.493, 88
Trd, 4319891.943, 116
Trd, 4319892.693, 140
Trd, 4319893.993, 130
Trd, 4319896.043, 132
Trd, 4319896.493, 136
Trd, 4319896.893, 109
Trd, 4319897.843, 140
Trd, 4319900.343, 140
Trd, 4319900.643, 140
Trd, 4319901.593, 128
Trd, 4319901.893, 90
Trd, 4319902.593, 81
Trd, 4319903.543, 109
Trd, 4319904.343, 84
Trd, 4319904.893, 85
Trd, 4319905.393, 86
Trd, 4319905.643, 116
Trd, 4319906.843, 130
Trd, 4319908.143, 79
Trd, 4319908.693, 103
Trd, 4319909.743, 67
Trd, 4319909.993, 71
Trd, 4319911.643, 111
Trd, 4319911.843, 137
Trd, 4319912.093, 88
Trd, 4319913.493, 99
Trd, 4319914.443, 103
Trd, 4319914.993, 139
Trd, 4319915.693, 129
Trd, 4319918.293, 140
Trd, 4319918.393, 140
Trd, 4319918.593, 116
Trd, 4319918.793, 131
Trd, 4319919.193, 140
Trd, 4319920.393, 140
Trd, 4319920.893, 129
Trd, 4319920.943, 130
Trd, 4319921.293, 115
Trd, 4319921.793, 113
Trd, 4319922.893, 140
Trd, 4319923.393, 134
Trd, 4319927.593, 140
Trd, 4319928.893, 132
Trd, 4319929.043, 139
Trd, 4319929.593, 115
Trd, 4319930.143, 114
Trd, 4319930.193, 99
Trd, 4319931.193, 139
Trd, 4319931.843, 109
Trd, 4319932.143, 131
Trd, 4319932.893, 67
Trd, 4319933.743, 101
Trd, 4319934.893, 103
Trd, 4319935.643, 139
Trd, 4319936.593, 126
Trd, 4319937.793, 134
Trd, 4319938.393, 91
Trd, 4319938.593, 106
Trd, 4319939.593, 83
Trd, 4319940.643, 66
Trd, 4319941.843, 100
Trd, 4319942.793, 126
Trd, 4319943.343, 113
Trd, 4319943.443, 122
Trd, 4319943.893, 113
Trd, 4319944.893, 138
Trd, 4319947.443, 140
Trd, 4319947.593, 138
Trd, 4319947.993, 128
Trd, 4319948.993, 140
Trd, 4319949.343, 133
Trd, 4319950.893, 111
Trd, 4319951.093, 107
Trd, 4319951.193, 127
Trd, 4319952.393, 139
Trd, 4319953.193, 105
Trd, 4319953.993, 111
Trd, 4319954.943, 84
Trd, 4319956.443, 134
Trd, 4319956.543, 139
Trd, 4319956.693, 127
Trd, 4319957.743, 120
Trd, 4319958.393, 93
Trd, 4319959.043, 130
Trd, 4319959.643, 137
Trd, 4319961.143, 85
Trd, 4319961.493, 130
Trd, 4319963.743, 115
Trd, 4319963.793, 109
Trd, 4319965.443, 137
Trd, 4319966.043, 140
Trd, 4319966.943, 135
Trd, 4319967.243, 126
Trd, 4319969.443, 99
Trd, 4319969.493, 102
Trd, 4319969.643, 90
Trd, 4319970.043, 72
Trd, 4319970.443, 135
Trd, 4319970.593, 76
Trd, 4319972.843, 101
Trd, 4319973.993, 140
Trd, 4319975.843, 140
Trd, 4319976.193, 140
Trd, 4319976.243, 132
Trd, 4319976.493, 104
Trd, 4319977.243, 117
Trd, 4319978.443, 140
Trd, 4319979.093, 140
Trd, 4319980.343, 117
Trd, 4319980.543, 126
Trd, 4319982.393, 139
Trd, 4319984.093, 138
Trd, 4319984.193, 131
Trd, 4319984.693, 118
Trd, 4319985.943, 109
Trd, 4319986.943, 97
Trd, 4319988.093, 140
Trd, 4319988.643, 140
Trd, 4319990.193, 140
Trd, 4319990.543, 139
Trd, 4319990.843, 129
Trd, 4319992.043, 118
Trd, 4319992.643, 118
Trd, 4319994.343, 138
Trd, 4319995.193, 71
Trd, 4319996.343, 140
Trd, 4319996.793, 132
Trd, 4319996.843, 108
Trd, 4319999.243, 139
