Trd, 4318102.943, 103
Trd, 4318103.393, 94
Trd, 4318103.943, 61
Trd, 4318104.193, 80
Trd, 4318104.993, 96
Trd, 4318106.193, 80
Trd, 4318106.493, 129
Trd, 4318107.493, 96
Trd, 4318107.643, 86
Trd, 4318108.193, 134
Trd, 4318108.393, 71
Trd, 4318108.993, 98
Trd, 4318110.643, 98
Trd, 4318110.743, 85
Trd, 4318111.543, 108
Trd, 4318111.793, 98
Trd, 4318112.293, 135
Trd, 4318112.393, 129
Trd, 4318113.843, 76
Trd, 4318114.193, 94
Trd, 4318114.393, 103
Trd, 4318115.443, 87
Trd, 4318115.643, 79
Trd, 4318116.293, 74
Trd, 4318118.093, 98
Trd, 4318119.243, 86
Trd, 4318119.343, 132
Trd, 4318119.593, 80
Trd, 4318120.543, 71
Trd, 4318120.893, 110
Trd, 4318121.593, 102
Trd, 4318123.343, 102
Trd, 4318125.243, 109
Trd, 4318125.293, 100
Trd, 4318125.693, 128
Trd, 4318126.093, 98
Trd, 4318127.343, 126
Trd, 4318128.293, 96
Trd, 4318128.693, 96
Trd, 4318129.443, 128
Trd, 4318129.493, 101
Trd, 4318129.793, 136
Trd, 4318129.893, 90
Trd, 4318130.043, 84
Trd, 4318133.593, 133
Trd, 4318133.993, 133
Trd, 4318134.893, 136
Trd, 4318135.343, 129
Trd, 4318135.893, 109
Trd, 4318136.193, 80
Trd, 4318138.243, 104
Trd, 4318139.693, 96
Trd, 4318140.593, 128
Trd, 4318141.093, 129
Trd, 4318141.643, 116
Trd, 4318141.793, 103
Trd, 4318142.343, 108
Trd, 4318143.243, 107
Trd, 4318145.143, 124
Trd, 4318145.943, 140
Trd, 4318146.693, 90
Trd, 4318147.093, 99
Trd, 4318147.293, 98
Trd, 4318147.493, 98
Trd, 4318149.643, 66
Trd, 4318149.943, 60
Trd, 4318150.043, 62
Trd, 4318150.093, 101
Trd, 4318151.643, 73
Trd, 4318151.893, 82
Trd, 4318153.243, 106
Trd, 4318153.493, 99
Trd, 4318155.793, 77
Trd, 4318156.493, 68
Trd, 4318156.693, 78
Trd, 4318158.393, 105
Trd, 4318158.693, 87
Trd, 4318159.443, 120
Trd, 4318160.093, 114
Trd, 4318160.643, 116
Trd, 4318160.993, 131
Trd, 4318162.893, 79
Trd, 4318163.043, 82
Trd, 4318163.693, 132
Trd, 4318163.943, 130
Trd, 4318164.843, 75
Trd, 4318165.843, 75
Trd, 4318166.543, 83
Trd, 4318167.393, 112
Trd, 4318167.743, 86
Trd, 4318168.893, 123
Trd, 4318170.243, 114
Trd, 4318170.393, 113
Trd, 4318170.443, 113
Trd, 4318171.443, 105
Trd, 4318172.043, 108
Trd, 4318173.843, 135
Trd, 4318174.493, 131
Trd, 4318174.543, 129
Trd, 4318174.643, 94
Trd, 4318175.343, 103
Trd, 4318176.043, 88
Trd, 4318177.393, 130
Trd, 4318178.493, 130
Trd, 4318179.793, 132
Trd, 4318180.643, 100
Trd, 4318181.843, 102
Trd, 4318181.993, 103
Trd, 4318182.143, 121
Trd, 4318182.793, 96
Trd, 4318184.143, 134
Trd, 4318185.393, 117
Trd, 4318185.493, 117
Trd, 4318187.043, 116
Trd, 4318187.643, 120
Trd, 4318188.143, 116
Trd, 4318188.593, 123
Trd, 4318189.243, 99
Trd, 4318189.943, 112
Trd, 4318190.743, 108
Trd, 4318191.243, 115
Trd, 4318191.493, 114
Trd, 4318192.143, 121
Trd, 4318193.093, 90
Trd, 4318193.543, 69
Trd, 4318193.643, 79
Trd, 4318194.043, 119
Trd, 4318194.343, 107
Trd, 4318196.643, 69
Trd, 4318197.543, 92
Trd, 4318198.393, 116
Trd, 4318199.093, 129
Trd, 4318199.443, 103
Trd, 4318199.793, 91
Trd, 4318200.243, 102
Trd, 4318200.843, 95
Trd, 4318201.493, 119
Trd, 4318201.793, 74
Trd, 4318203.493, 64
Trd, 4318205.393, 73
Trd, 4318205.493, 78
Trd, 4318205.593, 96
Trd, 4318205.743, 98
Trd, 4318206.543, 95
Trd, 4318206.693, 92
Trd, 4318207.243, 114
Trd, 4318207.793, 85
Trd, 4318208.393, 109
Trd, 4318209.043, 98
Trd, 4318209.793, 136
Trd, 4318211.393, 102
Trd, 4318211.743, 102
Trd, 4318213.093, 90
Trd, 4318214.243, 104
Trd, 4318214.443, 76
Trd, 4318214.493, 94
Trd, 4318215.293, 115
Trd, 4318215.343, 100
Trd, 4318216.243, 123
Trd, 4318216.443, 110
Trd, 4318216.893, 83
Trd, 4318218.993, 106
Trd, 4318219.443, 126
Trd, 4318220.743, 83
Trd, 4318220.843, 89
Trd, 4318221.043, 105
Trd, 4318221.493, 86
Trd, 4318224.443, 110
Trd, 4318224.893, 108
Trd, 4318225.243, 107
Trd, 4318226.893, 98
Trd, 4318227.093, 98
Trd, 4318227.593, 102
Trd, 4318227.643, 137
Trd, 4318228.593, 77
Trd, 4318229.143, 85
Trd, 4318229.443, 71
Trd, 4318230.343, 86
Trd, 4318231.193, 92
Trd, 4318231.393, 73
Trd, 4318232.143, 85
Trd, 4318232.493, 89
Trd, 4318234.243, 113
Trd, 4318234.543, 85
Trd, 4318234.643, 83
Trd, 4318235.943, 95
Trd, 4318236.093, 126
Trd, 4318237.893, 104
Trd, 4318239.193, 82
Trd, 4318239.393, 119
Trd, 4318239.993, 83
Trd, 4318241.043, 89
Trd, 4318242.043, 109
Trd, 4318242.143, 117
Trd, 4318242.593, 95
Trd, 4318243.243, 138
Trd, 4318243.393, 138
Trd, 4318243.493, 129
Trd, 4318243.993, 87
Trd, 4318245.893, 121
Trd, 4318246.143, 118
Trd, 4318246.693, 77
Trd, 4318248.243, 70
Trd, 4318248.993, 84
Trd, 4318249.693, 68
Trd, 4318250.393, 107
Trd, 4318251.143, 113
Trd, 4318251.293, 88
Trd, 4318254.443, 80
Trd, 4318254.793, 92
Trd, 4318255.343, 102
Trd, 4318255.643, 96
Trd, 4318255.843, 95
Trd, 4318256.993, 117
Trd, 4318257.293, 74
Trd, 4318258.743, 64
Trd, 4318259.593, 65
Trd, 4318260.993, 128
Trd, 4318261.793, 118
Trd, 4318262.143, 109
Trd, 4318262.493, 92
Trd, 4318262.943, 109
Trd, 4318263.193, 109
Trd, 4318263.843, 97
Trd, 4318264.743, 81
Trd, 4318264.993, 89
Trd, 4318265.543, 78
Trd, 4318266.093, 114
Trd, 4318266.493, 67
Trd, 4318267.593, 99
Trd, 4318268.893, 75
Trd, 4318269.043, 73
Trd, 4318269.393, 127
Trd, 4318269.493, 70
Trd, 4318270.393, 73
Trd, 4318273.143, 61
Trd, 4318274.543, 89
Trd, 4318275.693, 69
Trd, 4318276.993, 87
Trd, 4318277.143, 89
Trd, 4318277.843, 86
Trd, 4318278.093, 98
Trd, 4318278.443, 88
Trd, 4318278.943, 88
Trd, 4318279.993, 87
Trd, 4318280.193, 86
Trd, 4318280.543, 85
Trd, 4318282.793, 96
Trd, 4318283.043, 111
Trd, 4318283.193, 96
Trd, 4318283.443, 94
Trd, 4318285.343, 90
Trd, 4318285.593, 91
Trd, 4318285.743, 89
Trd, 4318287.893, 93
Trd, 4318288.043, 82
Trd, 4318288.943, 131
Trd, 4318289.193, 91
Trd, 4318289.643, 62
Trd, 4318290.093, 78
Trd, 4318292.693, 102
Trd, 4318293.643, 68
Trd, 4318293.993, 78
Trd, 4318294.393, 74
Trd, 4318294.593, 74
Trd, 4318295.993, 83
Trd, 4318296.193, 80
Trd, 4318296.743, 84
Trd, 4318297.843, 103
Trd, 4318299.393, 112
Trd, 4318299.493, 111
Trd, 4318300.493, 90
Trd, 4318300.793, 124
Trd, 4318301.243, 89
Trd, 4318302.343, 124
Trd, 4318303.193, 105
Trd, 4318303.343, 83
Trd, 4318304.443, 135
Trd, 4318304.493, 98
Trd, 4318305.193, 93
Trd, 4318305.993, 121
Trd, 4318306.543, 121
Trd, 4318307.693, 129
Trd, 4318308.143, 101
Trd, 4318309.943, 101
Trd, 4318310.093, 108
Trd, 4318310.443, 93
Trd, 4318310.743, 106
Trd, 4318312.243, 83
Trd, 4318313.093, 76
Trd, 4318313.443, 84
Trd, 4318315.493, 121
Trd, 4318315.943, 135
Trd, 4318316.393, 132
Trd, 4318316.793, 103
Trd, 4318317.593, 117
Trd, 4318318.843, 109
Trd, 4318319.193, 99
Trd, 4318319.943, 99
Trd, 4318320.193, 94
Trd, 4318320.743, 92
Trd, 4318321.793, 110
Trd, 4318322.543, 86
Trd, 4318322.693, 78
Trd, 4318323.343, 67
Trd, 4318324.043, 97
Trd, 4318325.643, 97
Trd, 4318326.593, 97
Trd, 4318326.793, 97
Trd, 4318327.843, 107
Trd, 4318328.343, 88
Trd, 4318329.493, 131
Trd, 4318331.393, 93
Trd, 4318331.593, 87
Trd, 4318331.893, 86
Trd, 4318332.193, 117
Trd, 4318334.093, 103
Trd, 4318334.443, 116
Trd, 4318335.543, 83
Trd, 4318336.793, 89
Trd, 4318337.193, 93
Trd, 4318337.443, 90
Trd, 4318337.593, 81
Trd, 4318338.243, 140
Trd, 4318339.443, 131
Trd, 4318339.993, 101
Trd, 4318341.043, 87
Trd, 4318342.293, 139
Trd, 4318342.793, 130
Trd, 4318342.993, 120
Trd, 4318343.143, 102
Trd, 4318343.343, 131
Trd, 4318345.343, 77
Trd, 4318345.443, 70
Trd, 4318347.593, 74
Trd, 4318348.293, 80
Trd, 4318349.643, 68
Trd, 4318349.693, 94
Trd, 4318349.843, 113
Trd, 4318353.493, 110
Trd, 4318353.943, 90
Trd, 4318354.393, 108
Trd, 4318354.793, 71
Trd, 4318355.643, 101
Trd, 4318356.743, 116
Trd, 4318357.043, 115
Trd, 4318357.293, 117
Trd, 4318357.593, 125
Trd, 4318357.793, 91
Trd, 4318358.743, 104
Trd, 4318358.943, 85
Trd, 4318359.443, 65
Trd, 4318360.293, 72
Trd, 4318361.793, 103
Trd, 4318363.493, 73
Trd, 4318364.643, 93
Trd, 4318365.043, 92
Trd, 4318366.143, 96
Trd, 4318366.243, 79
Trd, 4318366.543, 139
Trd, 4318367.393, 72
Trd, 4318367.993, 60
Trd, 4318368.193, 77
Trd, 4318368.793, 73
Trd, 4318369.093, 70
Trd, 4318369.493, 108
Trd, 4318370.843, 64
Trd, 4318371.793, 83
Trd, 4318371.843, 102
Trd, 4318372.543, 83
Trd, 4318373.493, 104
Trd, 4318374.943, 122
Trd, 4318375.543, 121
Trd, 4318376.343, 121
Trd, 4318377.343, 118
Trd, 4318377.793, 116
Trd, 4318378.493, 94
Trd, 4318379.493, 125
Trd, 4318381.143, 115
Trd, 4318381.843, 67
Trd, 4318382.793, 114
Trd, 4318382.993, 112
Trd, 4318383.843, 136
Trd, 4318385.443, 110
Trd, 4318385.543, 111
Trd, 4318387.093, 111
Trd, 4318387.643, 125
Trd, 4318388.643, 103
Trd, 4318388.993, 126
Trd, 4318389.393, 97
Trd, 4318389.443, 96
Trd, 4318390.693, 107
Trd, 4318390.743, 97
Trd, 4318390.793, 118
Trd, 4318392.193, 116
Trd, 4318392.493, 123
Trd, 4318392.643, 96
Trd, 4318392.693, 81
Trd, 4318393.943, 97
Trd, 4318395.293, 106
Trd, 4318396.193, 93
Trd, 4318397.343, 136
Trd, 4318398.743, 127
Trd, 4318398.843, 117
Trd, 4318399.743, 135
Trd, 4318400.093, 135
Trd, 4318400.493, 104
Trd, 4318400.693, 96
Trd, 4318401.593, 93
Trd, 4318402.593, 94
Trd, 4318403.693, 122
Trd, 4318403.943, 115
Trd, 4318404.793, 108
Trd, 4318404.893, 107
Trd, 4318405.693, 87
Trd, 4318407.793, 120
Trd, 4318407.943, 120
Trd, 4318408.843, 125
Trd, 4318409.093, 100
Trd, 4318409.693, 103
Trd, 4318410.093, 96
Trd, 4318410.993, 92
Trd, 4318411.643, 90
Trd, 4318413.193, 82
Trd, 4318413.693, 126
Trd, 4318414.143, 88
Trd, 4318414.543, 83
Trd, 4318414.693, 77
Trd, 4318415.693, 64
Trd, 4318416.143, 98
Trd, 4318416.843, 73
Trd, 4318418.443, 109
Trd, 4318419.043, 85
Trd, 4318419.193, 60
Trd, 4318421.593, 96
Trd, 4318421.943, 107
Trd, 4318422.243, 98
Trd, 4318422.443, 95
Trd, 4318424.243, 80
Trd, 4318424.493, 133
Trd, 4318426.843, 105
Trd, 4318427.043, 107
Trd, 4318427.993, 86
Trd, 4318428.243, 118
Trd, 4318428.543, 93
Trd, 4318428.593, 88
Trd, 4318428.993, 95
Trd, 4318429.593, 84
Trd, 4318429.893, 101
Trd, 4318431.343, 123
Trd, 4318432.543, 114
Trd, 4318433.243, 107
Trd, 4318433.593, 122
Trd, 4318434.043, 105
Trd, 4318434.443, 95
Trd, 4318435.293, 86
Trd, 4318436.093, 65
Trd, 4318436.343, 90
Trd, 4318439.943, 100
Trd, 4318440.043, 112
Trd, 4318440.193, 98
Trd, 4318440.743, 69
Trd, 4318441.643, 129
Trd, 4318442.493, 138
Trd, 4318443.543, 85
Trd, 4318444.143, 70
Trd, 4318444.893, 110
Trd, 4318445.393, 76
Trd, 4318447.493, 71
Trd, 4318448.843, 80
Trd, 4318450.043, 84
Trd, 4318450.093, 81
Trd, 4318450.793, 91
Trd, 4318450.893, 81
Trd, 4318451.593, 81
Trd, 4318453.443, 116
Trd, 4318453.893, 92
Trd, 4318454.193, 92
Trd, 4318454.443, 92
Trd, 4318455.093, 91
Trd, 4318455.893, 101
Trd, 4318457.093, 75
Trd, 4318457.893, 89
Trd, 4318458.043, 74
Trd, 4318458.143, 91
Trd, 4318459.293, 67
Trd, 4318460.193, 73
Trd, 4318461.893, 72
Trd, 4318462.443, 71
Trd, 4318462.643, 71
Trd, 4318463.343, 80
Trd, 4318464.493, 60
Trd, 4318464.543, 65
Trd, 4318465.543, 112
Trd, 4318465.743, 105
Trd, 4318466.343, 113
Trd, 4318468.243, 128
Trd, 4318468.493, 102
Trd, 4318469.093, 122
Trd, 4318469.193, 114
Trd, 4318469.593, 83
Trd, 4318470.643, 78
Trd, 4318470.943, 89
Trd, 4318471.693, 74
Trd, 4318472.193, 74
Trd, 4318473.493, 104
Trd, 4318473.943, 104
Trd, 4318475.043, 95
Trd, 4318475.543, 79
Trd, 4318475.743, 83
Trd, 4318476.943, 88
Trd, 4318477.043, 69
Trd, 4318477.793, 135
Trd, 4318478.543, 93
Trd, 4318479.493, 120
Trd, 4318480.093, 92
Trd, 4318480.843, 98
Trd, 4318482.993, 138
Trd, 4318483.143, 131
Trd, 4318484.343, 102
Trd, 4318484.543, 98
Trd, 4318485.143, 98
Trd, 4318485.893, 76
Trd, 4318486.343, 91
Trd, 4318486.693, 100
Trd, 4318489.693, 80
Trd, 4318489.843, 91
Trd, 4318490.293, 119
Trd, 4318491.493, 87
Trd, 4318491.943, 122
Trd, 4318491.993, 96
Trd, 4318492.793, 119
Trd, 4318492.993, 92
Trd, 4318493.593, 90
Trd, 4318494.643, 117
Trd, 4318495.993, 104
Trd, 4318497.043, 134
Trd, 4318498.143, 86
Trd, 4318499.793, 129
Trd, 4318500.393, 117
Trd, 4318500.993, 81
Trd, 4318501.543, 83
Trd, 4318502.593, 67
Trd, 4318502.943, 129
Trd, 4318503.393, 129
Trd, 4318504.243, 128
Trd, 4318504.893, 109
Trd, 4318505.343, 108
Trd, 4318506.093, 133
Trd, 4318506.293, 111
Trd, 4318506.793, 80
Trd, 4318507.243, 91
Trd, 4318508.643, 69
Trd, 4318508.693, 89
Trd, 4318510.293, 119
Trd, 4318510.943, 108
Trd, 4318511.493, 105
Trd, 4318512.543, 98
Trd, 4318512.793, 88
Trd, 4318513.393, 89
Trd, 4318513.543, 77
Trd, 4318515.193, 137
Trd, 4318515.243, 133
Trd, 4318515.843, 131
Trd, 4318516.793, 127
Trd, 4318518.543, 120
Trd, 4318518.743, 114
Trd, 4318518.793, 101
Trd, 4318519.343, 91
Trd, 4318520.743, 113
Trd, 4318520.943, 119
Trd, 4318522.093, 124
Trd, 4318522.743, 107
Trd, 4318523.043, 136
Trd, 4318523.093, 106
Trd, 4318524.093, 104
Trd, 4318524.293, 106
Trd, 4318526.543, 111
Trd, 4318526.693, 111
Trd, 4318526.843, 122
Trd, 4318527.343, 110
Trd, 4318528.643, 92
Trd, 4318529.343, 85
Trd, 4318529.643, 128
Trd, 4318530.493, 100
Trd, 4318531.043, 99
Trd, 4318531.993, 99
Trd, 4318532.543, 115
Trd, 4318533.393, 123
Trd, 4318533.743, 118
Trd, 4318534.843, 112
Trd, 4318537.243, 86
Trd, 4318537.393, 100
Trd, 4318537.593, 104
Trd, 4318538.893, 140
Trd, 4318538.943, 82
Trd, 4318539.143, 105
Trd, 4318539.393, 74
Trd, 4318540.393, 104
Trd, 4318540.793, 106
Trd, 4318541.393, 74
Trd, 4318543.693, 64
Trd, 4318543.793, 72
Trd, 4318545.993, 72
Trd, 4318547.093, 117
Trd, 4318547.443, 98
Trd, 4318547.643, 102
Trd, 4318547.793, 80
Trd, 4318550.193, 115
Trd, 4318550.343, 106
Trd, 4318550.693, 120
Trd, 4318551.493, 104
Trd, 4318552.243, 88
Trd, 4318553.743, 124
Trd, 4318554.243, 120
Trd, 4318555.393, 85
Trd, 4318555.743, 80
Trd, 4318556.143, 80
Trd, 4318557.193, 132
Trd, 4318557.643, 95
Trd, 4318557.693, 101
Trd, 4318559.093, 100
Trd, 4318559.143, 78
Trd, 4318559.193, 76
Trd, 4318559.993, 140
Trd, 4318561.793, 102
Trd, 4318561.893, 83
Trd, 4318562.743, 83
Trd, 4318564.143, 82
Trd, 4318564.793, 68
Trd, 4318565.793, 75
Trd, 4318567.193, 93
Trd, 4318567.493, 107
Trd, 4318567.693, 100
Trd, 4318568.543, 91
Trd, 4318569.043, 109
Trd, 4318569.143, 109
Trd, 4318569.343, 91
Trd, 4318569.943, 102
Trd, 4318570.143, 101
Trd, 4318570.443, 69
Trd, 4318571.143, 80
Trd, 4318573.443, 97
Trd, 4318574.093, 97
Trd, 4318574.193, 84
Trd, 4318576.593, 72
Trd, 4318577.093, 128
Trd, 4318577.243, 126
Trd, 4318578.143, 125
Trd, 4318578.193, 107
Trd, 4318578.243, 106
Trd, 4318578.643, 62
Trd, 4318579.393, 121
Trd, 4318579.943, 106
Trd, 4318580.543, 105
Trd, 4318580.843, 98
Trd, 4318582.293, 128
Trd, 4318582.643, 134
Trd, 4318583.693, 139
Trd, 4318585.243, 139
Trd, 4318585.543, 139
Trd, 4318585.693, 112
Trd, 4318586.043, 90
Trd, 4318586.643, 95
Trd, 4318587.293, 100
Trd, 4318588.193, 102
Trd, 4318588.393, 111
Trd, 4318590.493, 94
Trd, 4318590.693, 103
Trd, 4318591.093, 115
Trd, 4318592.193, 120
Trd, 4318592.443, 77
Trd, 4318593.243, 78
Trd, 4318593.693, 76
Trd, 4318593.943, 76
Trd, 4318594.693, 95
Trd, 4318595.293, 88
Trd, 4318596.843, 88
Trd, 4318597.093, 101
Trd, 4318597.393, 111
Trd, 4318597.993, 101
Trd, 4318598.093, 80
Trd, 4318598.993, 77
Trd, 4318599.293, 95
Trd, 4318602.243, 126
Trd, 4318602.643, 91
Trd, 4318604.143, 116
Trd, 4318604.693, 114
Trd, 4318604.793, 78
Trd, 4318605.343, 98
Trd, 4318606.193, 116
Trd, 4318607.443, 69
Trd, 4318609.393, 88
Trd, 4318610.093, 88
Trd, 4318610.543, 90
Trd, 4318611.493, 99
Trd, 4318612.243, 140
Trd, 4318612.393, 137
Trd, 4318612.593, 132
Trd, 4318612.843, 85
Trd, 4318613.643, 82
Trd, 4318614.743, 84
Trd, 4318614.943, 81
Trd, 4318615.993, 60
Trd, 4318617.093, 92
Trd, 4318618.293, 86
Trd, 4318618.443, 95
Trd, 4318618.943, 85
Trd, 4318620.943, 85
Trd, 4318621.143, 102
Trd, 4318622.293, 90
Trd, 4318622.693, 102
Trd, 4318623.843, 93
Trd, 4318623.943, 85
Trd, 4318626.493, 109
Trd, 4318626.743, 92
Trd, 4318627.343, 92
Trd, 4318628.043, 107
Trd, 4318628.393, 105
Trd, 4318628.943, 137
Trd, 4318629.093, 129
Trd, 4318629.493, 88
Trd, 4318632.043, 80
Trd, 4318632.893, 89
Trd, 4318633.093, 89
Trd, 4318633.143, 88
Trd, 4318633.843, 84
Trd, 4318633.993, 93
Trd, 4318634.193, 127
Trd, 4318636.543, 80
Trd, 4318636.693, 71
Trd, 4318638.243, 81
Trd, 4318638.343, 81
Trd, 4318639.293, 117
Trd, 4318639.793, 116
Trd, 4318640.793, 88
Trd, 4318641.643, 82
Trd, 4318642.043, 87
Trd, 4318644.143, 136
Trd, 4318644.243, 110
Trd, 4318644.493, 86
Trd, 4318646.093, 67
Trd, 4318648.043, 98
Trd, 4318648.293, 77
Trd, 4318649.643, 82
Trd, 4318649.793, 91
Trd, 4318650.193, 114
Trd, 4318650.793, 92
Trd, 4318650.943, 122
Trd, 4318651.193, 125
Trd, 4318652.143, 139
Trd, 4318652.693, 101
Trd, 4318653.743, 89
Trd, 4318654.043, 88
Trd, 4318654.593, 96
Trd, 4318654.993, 66
Trd, 4318655.493, 112
Trd, 4318656.593, 116
Trd, 4318659.293, 113
Trd, 4318659.643, 119
Trd, 4318660.143, 135
Trd, 4318660.293, 108
Trd, 4318660.843, 106
Trd, 4318661.093, 90
Trd, 4318661.593, 128
Trd, 4318663.043, 95
Trd, 4318664.743, 92
Trd, 4318664.793, 96
Trd, 4318664.943, 133
Trd, 4318665.193, 89
Trd, 4318666.143, 126
Trd, 4318666.243, 97
Trd, 4318667.143, 88
Trd, 4318667.643, 73
Trd, 4318667.793, 94
Trd, 4318668.693, 63
Trd, 4318671.443, 100
Trd, 4318672.193, 72
Trd, 4318672.443, 77
Trd, 4318674.293, 69
Trd, 4318674.393, 76
Trd, 4318675.193, 82
Trd, 4318675.743, 67
Trd, 4318675.993, 79
Trd, 4318676.093, 106
Trd, 4318678.393, 95
Trd, 4318678.743, 74
Trd, 4318680.393, 86
Trd, 4318680.443, 73
Trd, 4318680.843, 70
Trd, 4318682.843, 96
Trd, 4318683.393, 87
Trd, 4318683.693, 114
Trd, 4318684.043, 99
Trd, 4318686.443, 98
Trd, 4318687.143, 79
Trd, 4318688.193, 79
Trd, 4318688.293, 77
Trd, 4318688.993, 118
Trd, 4318689.293, 105
Trd, 4318689.943, 92
Trd, 4318690.593, 63
Trd, 4318691.443, 70
Trd, 4318692.643, 82
Trd, 4318693.193, 85
Trd, 4318693.993, 134
Trd, 4318694.243, 119
Trd, 4318694.743, 113
Trd, 4318695.043, 100
Trd, 4318695.793, 104
Trd, 4318696.743, 100
Trd, 4318697.393, 100
Trd, 4318698.493, 131
Trd, 4318698.893, 124
Trd, 4318698.993, 114
Trd, 4318699.943, 88
Trd, 4318701.593, 123
Trd, 4318702.943, 119
Trd, 4318703.943, 128
Trd, 4318704.093, 113
Trd, 4318705.443, 112
Trd, 4318706.643, 117
Trd, 4318706.743, 112
Trd, 4318706.993, 113
Trd, 4318708.043, 95
Trd, 4318710.043, 140
Trd, 4318710.793, 116
Trd, 4318710.943, 107
Trd, 4318711.193, 103
Trd, 4318711.343, 118
Trd, 4318712.293, 109
Trd, 4318713.893, 135
Trd, 4318714.393, 87
Trd, 4318714.543, 110
Trd, 4318715.743, 102
Trd, 4318716.043, 95
Trd, 4318716.393, 84
Trd, 4318717.393, 80
Trd, 4318718.593, 107
Trd, 4318719.143, 93
Trd, 4318719.593, 89
Trd, 4318720.993, 104
Trd, 4318721.343, 79
Trd, 4318721.843, 95
Trd, 4318722.893, 102
Trd, 4318723.143, 91
Trd, 4318723.493, 128
Trd, 4318724.293, 90
Trd, 4318725.993, 98
Trd, 4318726.293, 98
Trd, 4318726.893, 113
Trd, 4318727.693, 107
Trd, 4318728.143, 100
Trd, 4318729.493, 88
Trd, 4318731.243, 117
Trd, 4318732.243, 94
Trd, 4318732.643, 88
Trd, 4318733.143, 106
Trd, 4318733.543, 95
Trd, 4318733.793, 89
Trd, 4318734.893, 102
Trd, 4318735.343, 102
Trd, 4318735.993, 101
Trd, 4318736.093, 90
Trd, 4318737.143, 94
Trd, 4318739.193, 83
Trd, 4318739.743, 93
Trd, 4318740.093, 91
Trd, 4318741.643, 79
Trd, 4318742.493, 111
Trd, 4318742.993, 137
Trd, 4318743.193, 109
Trd, 4318744.243, 125
Trd, 4318744.493, 125
Trd, 4318745.343, 100
Trd, 4318746.493, 99
Trd, 4318747.043, 101
Trd, 4318747.443, 111
Trd, 4318749.643, 105
Trd, 4318750.093, 105
Trd, 4318750.293, 61
Trd, 4318751.193, 79
Trd, 4318751.643, 94
Trd, 4318752.293, 108
Trd, 4318752.793, 104
Trd, 4318753.493, 103
Trd, 4318753.543, 92
Trd, 4318755.393, 61
Trd, 4318755.543, 76
Trd, 4318756.193, 60
Trd, 4318757.243, 65
Trd, 4318757.693, 75
Trd, 4318758.143, 88
Trd, 4318758.543, 115
Trd, 4318759.393, 99
Trd, 4318760.243, 139
Trd, 4318760.843, 90
Trd, 4318761.193, 107
Trd, 4318761.493, 81
Trd, 4318762.243, 80
Trd, 4318762.293, 79
Trd, 4318763.693, 123
Trd, 4318764.593, 125
Trd, 4318765.343, 123
Trd, 4318765.993, 97
Trd, 4318766.893, 93
Trd, 4318767.743, 120
Trd, 4318768.593, 103
Trd, 4318769.443, 90
Trd, 4318769.493, 87
Trd, 4318770.993, 89
Trd, 4318771.043, 83
Trd, 4318773.743, 86
Trd, 4318773.843, 76
Trd, 4318774.643, 75
Trd, 4318774.893, 89
Trd, 4318775.543, 116
Trd, 4318776.043, 94
Trd, 4318776.343, 97
Trd, 4318776.543, 118
Trd, 4318776.743, 97
Trd, 4318776.993, 96
Trd, 4318779.193, 75
Trd, 4318780.443, 94
Trd, 4318780.543, 93
Trd, 4318781.043, 68
Trd, 4318781.693, 108
Trd, 4318782.343, 83
Trd, 4318783.093, 81
Trd, 4318783.643, 104
Trd, 4318784.143, 71
Trd, 4318784.193, 80
Trd, 4318784.793, 89
Trd, 4318786.343, 79
Trd, 4318786.543, 83
Trd, 4318786.643, 71
Trd, 4318787.043, 101
Trd, 4318788.943, 117
Trd, 4318789.693, 99
Trd, 4318789.943, 80
Trd, 4318790.393, 81
Trd, 4318790.993, 102
Trd, 4318791.243, 103
Trd, 4318791.743, 126
Trd, 4318793.443, 126
Trd, 4318794.043, 126
Trd, 4318794.493, 94
Trd, 4318794.793, 74
Trd, 4318795.543, 81
Trd, 4318795.643, 128
Trd, 4318797.243, 64
Trd, 4318797.993, 119
Trd, 4318799.143, 129
Trd, 4318800.643, 132
Trd, 4318801.093, 117
Trd, 4318801.993, 90
Trd, 4318802.643, 77
Trd, 4318802.943, 75
Trd, 4318803.443, 97
Trd, 4318803.693, 74
Trd, 4318805.193, 60
Trd, 4318805.393, 74
Trd, 4318806.293, 98
Trd, 4318807.193, 110
Trd, 4318807.543, 112
Trd, 4318807.693, 86
Trd, 4318808.493, 125
Trd, 4318809.293, 126
Trd, 4318809.943, 133
Trd, 4318810.843, 131
Trd, 4318811.643, 129
Trd, 4318814.343, 123
Trd, 4318814.643, 120
Trd, 4318815.943, 125
Trd, 4318818.843, 122
Trd, 4318819.543, 108
Trd, 4318819.943, 88
Trd, 4318819.993, 103
Trd, 4318820.293, 117
Trd, 4318821.093, 80
Trd, 4318822.443, 104
Trd, 4318822.543, 103
Trd, 4318822.643, 96
Trd, 4318823.093, 123
Trd, 4318824.043, 87
Trd, 4318824.143, 68
Trd, 4318824.593, 78
Trd, 4318826.243, 114
Trd, 4318827.293, 112
Trd, 4318827.693, 114
Trd, 4318828.193, 111
Trd, 4318829.043, 124
Trd, 4318829.193, 122
Trd, 4318829.843, 96
Trd, 4318830.793, 85
Trd, 4318831.343, 114
Trd, 4318831.793, 108
Trd, 4318834.343, 108
Trd, 4318834.793, 110
Trd, 4318835.093, 110
Trd, 4318835.193, 125
Trd, 4318835.993, 81
Trd, 4318837.343, 124
Trd, 4318838.043, 131
Trd, 4318838.793, 112
Trd, 4318839.143, 115
Trd, 4318840.193, 74
Trd, 4318841.343, 72
Trd, 4318842.443, 92
Trd, 4318843.093, 89
Trd, 4318843.393, 88
Trd, 4318843.843, 127
Trd, 4318845.443, 114
Trd, 4318845.893, 119
Trd, 4318846.343, 110
Trd, 4318846.543, 111
Trd, 4318847.093, 138
Trd, 4318847.943, 128
Trd, 4318848.593, 100
Trd, 4318849.943, 123
Trd, 4318852.093, 66
Trd, 4318852.543, 80
Trd, 4318853.193, 80
Trd, 4318853.393, 73
Trd, 4318853.843, 73
Trd, 4318854.293, 93
Trd, 4318854.643, 101
Trd, 4318855.893, 72
Trd, 4318857.293, 111
Trd, 4318857.793, 78
Trd, 4318858.443, 105
Trd, 4318860.243, 101
Trd, 4318860.593, 87
Trd, 4318861.193, 113
Trd, 4318861.893, 139
Trd, 4318863.593, 115
Trd, 4318864.243, 85
Trd, 4318864.943, 119
Trd, 4318865.193, 87
Trd, 4318866.193, 74
Trd, 4318866.893, 101
Trd, 4318867.493, 82
Trd, 4318868.293, 101
Trd, 4318869.793, 119
Trd, 4318870.443, 102
Trd, 4318871.493, 113
Trd, 4318872.443, 128
Trd, 4318872.593, 108
Trd, 4318873.293, 128
Trd, 4318874.443, 136
Trd, 4318875.143, 108
Trd, 4318876.393, 114
Trd, 4318877.693, 114
Trd, 4318878.593, 94
Trd, 4318879.393, 100
Trd, 4318880.893, 137
Trd, 4318881.143, 120
Trd, 4318881.443, 110
Trd, 4318881.543, 109
Trd, 4318881.643, 108
Trd, 4318882.393, 115
Trd, 4318882.743, 123
Trd, 4318884.543, 95
Trd, 4318885.193, 90
Trd, 4318885.393, 88
Trd, 4318887.143, 92
Trd, 4318888.493, 132
Trd, 4318889.193, 117
Trd, 4318890.193, 84
Trd, 4318890.493, 132
Trd, 4318891.843, 115
Trd, 4318891.943, 132
Trd, 4318892.843, 83
Trd, 4318893.543, 133
Trd, 4318893.643, 117
Trd, 4318893.993, 96
Trd, 4318894.543, 90
Trd, 4318896.143, 73
Trd, 4318896.243, 74
Trd, 4318898.143, 136
Trd, 4318898.843, 105
Trd, 4318900.243, 114
Trd, 4318900.543, 132
Trd, 4318900.593, 85
Trd, 4318900.743, 83
Trd, 4318901.193, 90
Trd, 4318901.843, 88
Trd, 4318902.293, 75
Trd, 4318903.443, 102
Trd, 4318904.443, 118
Trd, 4318904.493, 99
Trd, 4318906.293, 126
Trd, 4318907.093, 117
Trd, 4318907.593, 64
Trd, 4318910.293, 126
Trd, 4318910.443, 140
Trd, 4318911.543, 107
Trd, 4318912.343, 107
Trd, 4318912.893, 106
Trd, 4318913.743, 92
Trd, 4318914.093, 125
Trd, 4318914.293, 91
Trd, 4318914.543, 96
Trd, 4318915.143, 94
Trd, 4318915.493, 91
Trd, 4318916.093, 100
Trd, 4318916.593, 77
Trd, 4318918.593, 72
Trd, 4318919.693, 75
Trd, 4318920.193, 108
Trd, 4318920.393, 112
Trd, 4318921.193, 92
Trd, 4318922.043, 106
Trd, 4318922.343, 103
Trd, 4318923.093, 102
Trd, 4318923.693, 81
Trd, 4318924.543, 80
Trd, 4318924.943, 106
Trd, 4318925.843, 113
Trd, 4318926.243, 93
Trd, 4318927.093, 68
Trd, 4318928.043, 125
Trd, 4318928.593, 87
Trd, 4318930.043, 108
Trd, 4318930.593, 100
Trd, 4318932.243, 98
Trd, 4318933.393, 92
Trd, 4318934.443, 127
Trd, 4318934.743, 100
Trd, 4318934.993, 100
Trd, 4318937.243, 130
Trd, 4318937.693, 130
Trd, 4318938.893, 107
Trd, 4318939.343, 105
Trd, 4318940.293, 104
Trd, 4318941.093, 97
Trd, 4318941.543, 96
Trd, 4318941.943, 121
Trd, 4318942.393, 134
Trd, 4318942.843, 93
Trd, 4318942.993, 105
Trd, 4318943.893, 104
Trd, 4318945.193, 101
Trd, 4318945.393, 108
Trd, 4318946.793, 125
Trd, 4318947.043, 125
Trd, 4318947.193, 121
Trd, 4318947.893, 115
Trd, 4318948.993, 115
Trd, 4318949.593, 122
Trd, 4318950.243, 86
Trd, 4318950.993, 114
Trd, 4318951.493, 124
Trd, 4318953.343, 110
Trd, 4318954.643, 100
Trd, 4318955.343, 119
Trd, 4318955.693, 99
Trd, 4318956.093, 64
Trd, 4318956.793, 84
Trd, 4318956.993, 104
Trd, 4318957.043, 71
Trd, 4318957.743, 85
Trd, 4318957.843, 76
Trd, 4318958.393, 73
Trd, 4318961.143, 84
Trd, 4318962.093, 69
Trd, 4318963.693, 100
Trd, 4318964.243, 99
Trd, 4318964.393, 99
Trd, 4318964.643, 86
Trd, 4318964.943, 81
Trd, 4318965.343, 107
Trd, 4318966.643, 98
Trd, 4318966.743, 97
Trd, 4318967.493, 96
Trd, 4318967.943, 91
Trd, 4318968.743, 98
Trd, 4318969.193, 90
Trd, 4318970.643, 134
Trd, 4318971.443, 126
Trd, 4318971.593, 126
Trd, 4318972.093, 98
Trd, 4318972.843, 139
Trd, 4318973.743, 119
Trd, 4318974.243, 119
Trd, 4318974.693, 111
Trd, 4318976.443, 134
Trd, 4318977.043, 102
Trd, 4318977.443, 100
Trd, 4318977.993, 82
Trd, 4318978.743, 73
Trd, 4318979.193, 73
Trd, 4318979.493, 105
Trd, 4318980.593, 107
Trd, 4318980.693, 89
Trd, 4318981.443, 112
Trd, 4318982.293, 77
Trd, 4318982.493, 120
Trd, 4318984.443, 100
Trd, 4318985.493, 85
Trd, 4318985.793, 101
Trd, 4318986.693, 79
Trd, 4318986.793, 66
Trd, 4318987.593, 98
Trd, 4318988.043, 84
Trd, 4318988.343, 84
Trd, 4318990.343, 98
Trd, 4318990.593, 107
Trd, 4318992.343, 133
Trd, 4318993.293, 128
Trd, 4318993.643, 106
Trd, 4318995.643, 125
Trd, 4318995.843, 108
Trd, 4318995.993, 80
Trd, 4318997.843, 74
Trd, 4318999.193, 65
Trd, 4318999.993, 102
Trd, 4319001.093, 69
Trd, 4319001.293, 90
Trd, 4319001.643, 95
Trd, 4319001.993, 101
Trd, 4319002.643, 92
Trd, 4319003.093, 104
Trd, 4319003.843, 124
Trd, 4319005.193, 126
Trd, 4319005.593, 126
Trd, 4319006.993, 127
Trd, 4319007.443, 101
Trd, 4319008.593, 126
Trd, 4319008.743, 124
Trd, 4319008.793, 124
Trd, 4319009.093, 108
Trd, 4319010.893, 115
Trd, 4319011.043, 111
Trd, 4319011.143, 103
Trd, 4319013.393, 100
Trd, 4319013.793, 121
Trd, 4319015.293, 64
Trd, 4319015.393, 80
Trd, 4319016.043, 111
Trd, 4319016.443, 85
Trd, 4319017.993, 74
Trd, 4319018.993, 122
Trd, 4319019.993, 66
Trd, 4319020.243, 99
Trd, 4319020.593, 87
Trd, 4319021.493, 111
Trd, 4319022.343, 79
Trd, 4319023.843, 74
Trd, 4319024.593, 99
Trd, 4319025.093, 123
Trd, 4319025.643, 109
Trd, 4319025.843, 109
Trd, 4319026.193, 121
Trd, 4319026.443, 100
Trd, 4319026.843, 136
Trd, 4319027.443, 114
Trd, 4319029.393, 122
Trd, 4319029.443, 119
Trd, 4319030.193, 131
Trd, 4319032.793, 118
Trd, 4319032.893, 116
Trd, 4319033.593, 128
Trd, 4319033.743, 125
Trd, 4319033.943, 118
Trd, 4319034.943, 92
Trd, 4319034.993, 81
Trd, 4319035.993, 84
Trd, 4319037.293, 128
Trd, 4319037.643, 119
Trd, 4319038.743, 135
Trd, 4319038.943, 135
Trd, 4319039.393, 123
Trd, 4319039.543, 120
Trd, 4319039.893, 65
Trd, 4319042.793, 112
Trd, 4319043.093, 96
Trd, 4319043.143, 95
Trd, 4319043.793, 119
Trd, 4319044.193, 83
Trd, 4319044.543, 128
Trd, 4319046.693, 102
Trd, 4319047.543, 73
Trd, 4319048.643, 100
Trd, 4319048.693, 103
Trd, 4319048.943, 98
Trd, 4319049.993, 106
Trd, 4319050.743, 129
Trd, 4319052.493, 117
Trd, 4319053.293, 107
Trd, 4319053.343, 107
Trd, 4319054.293, 123
Trd, 4319054.693, 121
Trd, 4319055.243, 103
Trd, 4319055.893, 130
Trd, 4319056.443, 116
Trd, 4319057.043, 115
Trd, 4319057.393, 132
Trd, 4319057.643, 134
Trd, 4319059.143, 134
Trd, 4319059.343, 132
Trd, 4319060.493, 99
Trd, 4319061.043, 105
Trd, 4319062.443, 72
Trd, 4319062.993, 84
Trd, 4319063.043, 93
Trd, 4319064.493, 80
Trd, 4319065.193, 81
Trd, 4319065.243, 78
Trd, 4319065.693, 70
Trd, 4319067.143, 62
Trd, 4319067.843, 88
Trd, 4319068.293, 99
Trd, 4319068.993, 88
Trd, 4319069.343, 90
Trd, 4319070.893, 103
Trd, 4319071.343, 113
Trd, 4319071.693, 134
Trd, 4319072.243, 132
Trd, 4319073.193, 104
Trd, 4319076.243, 129
Trd, 4319076.893, 114
Trd, 4319077.443, 138
Trd, 4319077.743, 136
Trd, 4319077.943, 109
Trd, 4319079.043, 114
Trd, 4319080.343, 114
Trd, 4319080.443, 99
Trd, 4319081.293, 114
Trd, 4319081.443, 94
Trd, 4319085.193, 99
Trd, 4319085.293, 121
Trd, 4319085.343, 94
Trd, 4319086.293, 94
Trd, 4319086.743, 103
Trd, 4319087.193, 102
Trd, 4319087.243, 78
Trd, 4319088.343, 139
Trd, 4319089.293, 139
Trd, 4319089.593, 122
Trd, 4319089.693, 130
Trd, 4319091.493, 117
Trd, 4319091.743, 116
Trd, 4319092.293, 103
Trd, 4319092.743, 109
Trd, 4319093.043, 103
Trd, 4319093.543, 127
Trd, 4319096.293, 127
Trd, 4319096.893, 120
Trd, 4319097.143, 112
Trd, 4319097.743, 137
Trd, 4319098.543, 92
Trd, 4319100.043, 94
Trd, 4319100.243, 90
Trd, 4319101.343, 136
Trd, 4319101.743, 118
Trd, 4319102.593, 130
Trd, 4319102.843, 128
Trd, 4319103.343, 126
Trd, 4319104.393, 90
Trd, 4319105.093, 120
Trd, 4319105.893, 86
Trd, 4319106.093, 85
Trd, 4319107.293, 62
Trd, 4319108.693, 82
Trd, 4319109.043, 76
Trd, 4319109.393, 82
Trd, 4319110.943, 85
Trd, 4319111.693, 86
Trd, 4319111.743, 89
Trd, 4319112.593, 96
Trd, 4319112.643, 80
Trd, 4319113.643, 95
Trd, 4319114.293, 65
Trd, 4319116.743, 123
Trd, 4319117.343, 123
Trd, 4319117.943, 124
Trd, 4319119.643, 135
Trd, 4319119.943, 133
Trd, 4319120.293, 121
Trd, 4319121.843, 94
Trd, 4319123.143, 128
Trd, 4319123.243, 107
Trd, 4319123.643, 97
Trd, 4319124.293, 88
Trd, 4319124.543, 114
Trd, 4319125.143, 94
Trd, 4319127.093, 133
Trd, 4319127.393, 131
Trd, 4319127.993, 90
Trd, 4319128.393, 88
Trd, 4319130.393, 114
Trd, 4319130.693, 98
Trd, 4319131.193, 99
Trd, 4319131.593, 122
Trd, 4319132.943, 113
Trd, 4319134.093, 92
Trd, 4319134.243, 102
Trd, 4319134.593, 102
Trd, 4319134.893, 96
Trd, 4319135.143, 81
Trd, 4319137.743, 90
Trd, 4319138.443, 81
Trd, 4319138.593, 77
Trd, 4319139.893, 102
Trd, 4319140.593, 96
Trd, 4319140.993, 122
Trd, 4319141.993, 117
Trd, 4319142.243, 117
Trd, 4319142.543, 117
Trd, 4319142.643, 131
Trd, 4319144.243, 123
Trd, 4319145.643, 129
Trd, 4319145.793, 129
Trd, 4319145.843, 128
Trd, 4319146.543, 126
Trd, 4319146.693, 122
Trd, 4319146.893, 108
Trd, 4319147.043, 107
Trd, 4319147.793, 128
Trd, 4319149.293, 108
Trd, 4319151.043, 133
Trd, 4319151.193, 133
Trd, 4319151.893, 129
Trd, 4319153.393, 105
Trd, 4319153.993, 116
Trd, 4319154.343, 128
Trd, 4319155.093, 81
Trd, 4319155.643, 100
Trd, 4319156.043, 97
Trd, 4319156.343, 88
Trd, 4319157.893, 107
Trd, 4319159.243, 91
Trd, 4319159.793, 88
Trd, 4319160.893, 126
Trd, 4319161.593, 92
Trd, 4319161.793, 117
Trd, 4319162.443, 88
Trd, 4319162.893, 121
Trd, 4319163.093, 88
Trd, 4319163.843, 120
Trd, 4319164.343, 84
Trd, 4319165.343, 109
Trd, 4319165.743, 70
Trd, 4319167.993, 89
Trd, 4319168.743, 113
Trd, 4319169.893, 119
Trd, 4319170.643, 133
Trd, 4319171.543, 97
Trd, 4319172.443, 118
Trd, 4319172.593, 121
Trd, 4319174.993, 117
Trd, 4319175.043, 116
Trd, 4319175.993, 106
Trd, 4319176.543, 108
Trd, 4319176.593, 116
Trd, 4319176.843, 89
Trd, 4319177.143, 85
Trd, 4319179.543, 72
Trd, 4319179.893, 121
Trd, 4319180.043, 120
Trd, 4319180.793, 93
Trd, 4319181.993, 100
Trd, 4319182.293, 109
Trd, 4319182.443, 111
Trd, 4319182.643, 99
Trd, 4319182.993, 98
Trd, 4319184.543, 74
Trd, 4319185.693, 74
Trd, 4319187.593, 77
Trd, 4319187.643, 72
Trd, 4319189.093, 131
Trd, 4319189.993, 91
Trd, 4319190.543, 125
Trd, 4319191.693, 95
Trd, 4319192.443, 118
Trd, 4319193.043, 137
Trd, 4319194.043, 120
Trd, 4319195.593, 128
Trd, 4319196.593, 136
Trd, 4319196.643, 124
Trd, 4319197.193, 121
Trd, 4319198.343, 136
Trd, 4319198.393, 97
Trd, 4319198.693, 94
Trd, 4319200.143, 84
Trd, 4319201.193, 100
Trd, 4319201.243, 93
Trd, 4319202.293, 97
Trd, 4319203.043, 65
Trd, 4319203.543, 68
Trd, 4319204.493, 80
Trd, 4319204.643, 61
Trd, 4319205.193, 108
Trd, 4319205.293, 69
Trd, 4319205.843, 101
Trd, 4319208.243, 130
Trd, 4319208.293, 124
Trd, 4319208.443, 87
Trd, 4319209.043, 102
Trd, 4319210.193, 63
Trd, 4319211.793, 78
Trd, 4319212.293, 105
Trd, 4319213.093, 80
Trd, 4319214.093, 74
Trd, 4319214.143, 74
Trd, 4319214.743, 90
Trd, 4319215.343, 113
Trd, 4319215.593, 98
Trd, 4319216.443, 83
Trd, 4319216.693, 103
Trd, 4319216.793, 73
Trd, 4319217.793, 101
Trd, 4319219.643, 102
Trd, 4319220.593, 118
Trd, 4319220.793, 98
Trd, 4319221.493, 118
Trd, 4319222.643, 103
Trd, 4319223.193, 103
Trd, 4319223.543, 118
Trd, 4319225.543, 121
Trd, 4319226.243, 118
Trd, 4319226.443, 104
Trd, 4319227.443, 121
Trd, 4319227.743, 123
Trd, 4319228.643, 95
Trd, 4319228.693, 77
Trd, 4319229.493, 113
Trd, 4319230.993, 104
Trd, 4319231.193, 95
Trd, 4319231.843, 116
Trd, 4319232.093, 103
Trd, 4319233.793, 111
Trd, 4319234.193, 107
Trd, 4319234.443, 111
Trd, 4319236.693, 111
Trd, 4319237.393, 93
Trd, 4319237.593, 92
Trd, 4319237.843, 87
Trd, 4319237.943, 102
Trd, 4319239.593, 76
Trd, 4319240.993, 120
Trd, 4319241.043, 91
Trd, 4319242.243, 96
Trd, 4319242.793, 96
Trd, 4319242.943, 89
Trd, 4319244.643, 86
Trd, 4319244.693, 102
Trd, 4319245.093, 98
Trd, 4319245.443, 114
Trd, 4319247.193, 88
Trd, 4319247.743, 89
Trd, 4319247.943, 96
Trd, 4319249.393, 133
Trd, 4319249.543, 133
Trd, 4319250.393, 129
Trd, 4319250.643, 110
Trd, 4319251.793, 78
Trd, 4319252.443, 99
Trd, 4319252.843, 137
Trd, 4319253.743, 76
Trd, 4319255.193, 116
Trd, 4319255.343, 129
Trd, 4319256.943, 97
Trd, 4319257.343, 107
Trd, 4319257.843, 87
Trd, 4319258.993, 66
Trd, 4319259.693, 93
Trd, 4319260.093, 60
Trd, 4319260.693, 107
Trd, 4319260.893, 106
Trd, 4319262.043, 100
Trd, 4319262.543, 97
Trd, 4319263.443, 114
Trd, 4319264.293, 80
Trd, 4319264.393, 120
Trd, 4319264.443, 78
Trd, 4319266.543, 117
Trd, 4319267.143, 116
Trd, 4319269.393, 128
Trd, 4319269.993, 118
Trd, 4319270.393, 117
Trd, 4319270.543, 109
Trd, 4319271.143, 140
Trd, 4319271.193, 95
Trd, 4319271.493, 119
Trd, 4319274.043, 103
Trd, 4319275.543, 100
Trd, 4319275.743, 106
Trd, 4319275.993, 108
Trd, 4319276.643, 112
Trd, 4319277.493, 83
Trd, 4319277.793, 80
Trd, 4319279.043, 83
Trd, 4319279.193, 74
Trd, 4319279.343, 92
Trd, 4319280.843, 93
Trd, 4319281.643, 89
Trd, 4319282.093, 137
Trd, 4319283.143, 131
Trd, 4319284.393, 128
Trd, 4319285.293, 122
Trd, 4319286.293, 125
Trd, 4319286.843, 121
Trd, 4319287.093, 119
Trd, 4319288.693, 134
Trd, 4319289.143, 115
Trd, 4319290.193, 115
Trd, 4319290.593, 119
Trd, 4319292.543, 117
Trd, 4319293.193, 117
Trd, 4319294.393, 115
Trd, 4319294.443, 109
Trd, 4319296.943, 106
Trd, 4319297.493, 91
Trd, 4319297.743, 107
Trd, 4319298.043, 76
Trd, 4319298.143, 67
Trd, 4319299.843, 127
Trd, 4319300.943, 114
Trd, 4319301.343, 82
Trd, 4319303.843, 105
Trd, 4319304.243, 111
Trd, 4319304.793, 91
Trd, 4319305.293, 91
Trd, 4319305.743, 107
Trd, 4319306.493, 101
Trd, 4319307.143, 114
Trd, 4319307.943, 96
Trd, 4319309.093, 96
Trd, 4319309.443, 108
Trd, 4319309.693, 60
Trd, 4319309.793, 85
Trd, 4319310.593, 100
Trd, 4319311.193, 82
Trd, 4319312.593, 112
Trd, 4319312.643, 111
Trd, 4319312.993, 108
Trd, 4319313.593, 94
Trd, 4319315.993, 137
Trd, 4319317.193, 113
Trd, 4319317.393, 116
Trd, 4319318.443, 120
Trd, 4319318.643, 110
Trd, 4319318.743, 100
Trd, 4319319.893, 127
Trd, 4319320.543, 123
Trd, 4319321.493, 132
Trd, 4319321.593, 111
Trd, 4319321.943, 104
Trd, 4319322.193, 138
Trd, 4319322.993, 95
Trd, 4319324.643, 101
Trd, 4319325.393, 98
Trd, 4319325.743, 107
Trd, 4319327.193, 86
Trd, 4319327.443, 79
Trd, 4319328.193, 89
Trd, 4319328.443, 78
Trd, 4319328.793, 127
Trd, 4319329.443, 111
Trd, 4319330.393, 135
Trd, 4319330.443, 135
Trd, 4319331.443, 111
Trd, 4319332.393, 86
Trd, 4319334.443, 60
Trd, 4319335.293, 79
Trd, 4319335.843, 74
Trd, 4319337.643, 89
Trd, 4319338.343, 93
Trd, 4319338.743, 104
Trd, 4319338.993, 91
Trd, 4319339.093, 91
Trd, 4319339.643, 128
Trd, 4319340.293, 95
Trd, 4319340.493, 87
Trd, 4319343.393, 87
Trd, 4319344.193, 90
Trd, 4319344.543, 91
Trd, 4319344.893, 90
Trd, 4319345.243, 71
Trd, 4319345.643, 105
Trd, 4319346.443, 97
Trd, 4319347.393, 95
Trd, 4319347.743, 87
Trd, 4319348.843, 85
Trd, 4319349.493, 122
Trd, 4319349.943, 132
Trd, 4319350.293, 89
Trd, 4319352.443, 94
Trd, 4319352.793, 78
Trd, 4319353.843, 134
Trd, 4319354.543, 134
Trd, 4319355.293, 104
Trd, 4319356.143, 103
Trd, 4319356.293, 102
Trd, 4319356.593, 80
Trd, 4319360.693, 112
Trd, 4319360.793, 136
Trd, 4319360.893, 105
Trd, 4319362.393, 125
Trd, 4319362.743, 125
Trd, 4319363.293, 124
Trd, 4319364.043, 112
Trd, 4319364.293, 110
Trd, 4319366.343, 106
Trd, 4319366.543, 128
Trd, 4319367.593, 138
Trd, 4319368.043, 136
Trd, 4319368.143, 110
Trd, 4319369.193, 78
Trd, 4319369.543, 93
Trd, 4319370.043, 104
Trd, 4319370.793, 76
Trd, 4319370.993, 101
Trd, 4319371.743, 79
Trd, 4319372.643, 82
Trd, 4319372.743, 82
Trd, 4319373.593, 133
Trd, 4319374.443, 129
Trd, 4319376.293, 121
Trd, 4319376.493, 114
Trd, 4319376.843, 105
Trd, 4319376.943, 106
Trd, 4319377.993, 100
Trd, 4319379.643, 96
Trd, 4319379.793, 103
Trd, 4319381.393, 74
Trd, 4319381.493, 69
Trd, 4319382.843, 74
Trd, 4319382.943, 98
Trd, 4319383.643, 69
Trd, 4319385.443, 76
Trd, 4319385.493, 80
Trd, 4319385.543, 101
Trd, 4319385.793, 98
Trd, 4319388.643, 121
Trd, 4319389.493, 92
Trd, 4319389.743, 81
Trd, 4319391.043, 98
Trd, 4319391.593, 100
Trd, 4319391.643, 98
Trd, 4319393.243, 114
Trd, 4319394.543, 116
Trd, 4319394.643, 101
Trd, 4319395.943, 134
Trd, 4319396.443, 130
Trd, 4319396.843, 98
Trd, 4319397.693, 96
Trd, 4319398.493, 96
Trd, 4319398.693, 90
Trd, 4319400.193, 103
Trd, 4319401.343, 97
Trd, 4319402.093, 138
Trd, 4319402.243, 86
Trd, 4319402.343, 87
Trd, 4319402.593, 82
Trd, 4319402.743, 81
Trd, 4319403.093, 85
Trd, 4319403.593, 111
Trd, 4319406.543, 84
Trd, 4319406.643, 84
Trd, 4319407.943, 84
Trd, 4319408.593, 91
Trd, 4319409.093, 114
Trd, 4319409.143, 87
Trd, 4319409.843, 73
Trd, 4319410.293, 87
Trd, 4319411.293, 84
Trd, 4319411.343, 83
Trd, 4319412.193, 88
Trd, 4319413.043, 67
Trd, 4319413.443, 92
Trd, 4319413.643, 105
Trd, 4319414.343, 75
Trd, 4319415.093, 108
Trd, 4319415.493, 93
Trd, 4319416.193, 70
Trd, 4319418.493, 120
Trd, 4319418.993, 117
Trd, 4319419.243, 108
Trd, 4319419.893, 111
Trd, 4319420.193, 93
Trd, 4319420.293, 92
Trd, 4319420.893, 63
Trd, 4319422.293, 70
Trd, 4319422.443, 72
Trd, 4319424.243, 86
Trd, 4319424.343, 76
Trd, 4319425.843, 94
Trd, 4319426.793, 128
Trd, 4319427.043, 98
Trd, 4319427.293, 93
Trd, 4319428.643, 113
Trd, 4319428.993, 124
Trd, 4319429.543, 111
Trd, 4319430.443, 116
Trd, 4319430.843, 112
Trd, 4319431.243, 117
Trd, 4319431.493, 95
Trd, 4319432.043, 96
Trd, 4319433.443, 123
Trd, 4319434.593, 119
Trd, 4319434.643, 96
Trd, 4319435.493, 124
Trd, 4319435.693, 119
Trd, 4319436.143, 105
Trd, 4319436.743, 90
Trd, 4319438.093, 85
Trd, 4319439.143, 84
Trd, 4319439.393, 116
Trd, 4319440.493, 137
Trd, 4319440.843, 137
Trd, 4319441.143, 129
Trd, 4319441.293, 114
Trd, 4319442.093, 109
Trd, 4319442.743, 101
Trd, 4319443.593, 129
Trd, 4319444.043, 85
Trd, 4319445.343, 113
Trd, 4319445.643, 98
Trd, 4319446.793, 123
Trd, 4319446.843, 97
Trd, 4319447.843, 83
Trd, 4319447.993, 61
Trd, 4319449.793, 111
Trd, 4319452.143, 139
Trd, 4319452.293, 138
Trd, 4319452.593, 82
Trd, 4319452.793, 96
Trd, 4319453.493, 90
Trd, 4319454.293, 95
Trd, 4319455.143, 102
Trd, 4319456.293, 118
Trd, 4319456.393, 136
Trd, 4319456.693, 120
Trd, 4319457.143, 116
Trd, 4319458.493, 100
Trd, 4319459.093, 103
Trd, 4319460.343, 129
Trd, 4319461.043, 119
Trd, 4319461.093, 98
Trd, 4319462.643, 124
Trd, 4319463.143, 113
Trd, 4319463.643, 85
Trd, 4319464.693, 118
Trd, 4319466.993, 94
Trd, 4319467.993, 117
Trd, 4319468.643, 113
Trd, 4319469.393, 126
Trd, 4319469.993, 116
Trd, 4319470.443, 93
Trd, 4319470.593, 93
Trd, 4319470.743, 78
Trd, 4319470.893, 106
Trd, 4319471.443, 116
Trd, 4319471.993, 109
Trd, 4319473.593, 123
Trd, 4319473.643, 113
Trd, 4319473.793, 110
Trd, 4319474.343, 138
Trd, 4319474.393, 138
Trd, 4319474.693, 120
Trd, 4319477.293, 120
Trd, 4319477.443, 132
Trd, 4319478.343, 129
Trd, 4319479.343, 132
Trd, 4319481.893, 121
Trd, 4319483.093, 118
Trd, 4319483.193, 101
Trd, 4319483.943, 126
Trd, 4319484.093, 124
Trd, 4319484.143, 98
Trd, 4319484.193, 91
Trd, 4319485.543, 124
Trd, 4319486.443, 95
Trd, 4319486.693, 95
Trd, 4319487.943, 115
Trd, 4319489.043, 124
Trd, 4319490.293, 101
Trd, 4319490.343, 101
Trd, 4319491.693, 128
Trd, 4319491.993, 114
Trd, 4319492.343, 111
Trd, 4319492.793, 118
Trd, 4319492.993, 111
Trd, 4319494.043, 110
Trd, 4319495.193, 99
Trd, 4319495.343, 87
Trd, 4319496.293, 93
Trd, 4319498.143, 78
Trd, 4319499.193, 79
Trd, 4319499.393, 68
Trd, 4319499.793, 101
Trd, 4319500.943, 86
Trd, 4319502.343, 109
Trd, 4319502.843, 107
Trd, 4319503.143, 99
Trd, 4319503.843, 105
Trd, 4319504.443, 107
Trd, 4319504.493, 104
Trd, 4319504.843, 96
Trd, 4319506.593, 115
Trd, 4319506.693, 113
Trd, 4319507.793, 114
Trd, 4319508.943, 136
Trd, 4319510.143, 111
Trd, 4319510.993, 98
Trd, 4319512.093, 116
Trd, 4319512.193, 116
Trd, 4319512.893, 115
Trd, 4319512.993, 115
Trd, 4319513.543, 129
Trd, 4319513.743, 114
Trd, 4319514.893, 103
Trd, 4319515.743, 112
Trd, 4319516.043, 131
Trd, 4319517.043, 117
Trd, 4319518.043, 103
Trd, 4319518.193, 109
Trd, 4319518.543, 75
Trd, 4319518.793, 95
Trd, 4319519.093, 106
Trd, 4319520.593, 90
Trd, 4319522.343, 88
Trd, 4319523.093, 100
Trd, 4319523.893, 125
Trd, 4319524.443, 133
Trd, 4319524.843, 134
Trd, 4319525.393, 126
Trd, 4319525.793, 122
Trd, 4319526.493, 87
Trd, 4319526.643, 88
Trd, 4319526.843, 86
Trd, 4319529.393, 108
Trd, 4319529.993, 108
Trd, 4319531.843, 121
Trd, 4319532.043, 120
Trd, 4319532.493, 86
Trd, 4319533.443, 130
Trd, 4319533.643, 112
Trd, 4319534.043, 106
Trd, 4319534.343, 126
Trd, 4319535.393, 86
Trd, 4319537.243, 85
Trd, 4319537.943, 117
Trd, 4319538.293, 117
Trd, 4319539.143, 116
Trd, 4319539.493, 99
Trd, 4319542.443, 89
Trd, 4319543.043, 111
Trd, 4319543.193, 110
Trd, 4319543.343, 103
Trd, 4319543.493, 88
Trd, 4319544.343, 83
Trd, 4319545.943, 82
Trd, 4319546.293, 81
Trd, 4319547.143, 114
Trd, 4319548.093, 81
Trd, 4319549.043, 124
Trd, 4319551.543, 124
Trd, 4319551.893, 109
Trd, 4319552.843, 113
Trd, 4319553.293, 112
Trd, 4319553.393, 114
Trd, 4319554.143, 111
Trd, 4319554.543, 110
Trd, 4319554.893, 90
Trd, 4319555.543, 60
Trd, 4319556.093, 102
Trd, 4319556.343, 90
Trd, 4319558.093, 84
Trd, 4319560.093, 111
Trd, 4319560.143, 130
Trd, 4319560.293, 110
Trd, 4319560.793, 80
Trd, 4319561.993, 134
Trd, 4319562.693, 105
Trd, 4319563.193, 107
Trd, 4319563.293, 102
Trd, 4319565.243, 74
Trd, 4319565.443, 79
Trd, 4319565.793, 111
Trd, 4319566.843, 119
Trd, 4319567.193, 99
Trd, 4319567.843, 92
Trd, 4319568.393, 123
Trd, 4319569.143, 123
Trd, 4319570.143, 115
Trd, 4319570.743, 128
Trd, 4319571.943, 119
Trd, 4319572.443, 128
Trd, 4319573.493, 97
Trd, 4319575.043, 95
Trd, 4319576.143, 129
Trd, 4319576.493, 105
Trd, 4319577.193, 123
Trd, 4319577.293, 113
Trd, 4319578.393, 103
Trd, 4319579.543, 114
Trd, 4319579.943, 97
Trd, 4319580.843, 133
Trd, 4319581.693, 130
Trd, 4319581.743, 130
Trd, 4319581.843, 128
Trd, 4319583.943, 110
Trd, 4319584.093, 101
Trd, 4319585.843, 129
Trd, 4319586.143, 109
Trd, 4319586.493, 120
Trd, 4319587.243, 97
Trd, 4319587.993, 120
Trd, 4319588.843, 131
Trd, 4319589.443, 131
Trd, 4319590.243, 114
Trd, 4319590.543, 113
Trd, 4319590.843, 99
Trd, 4319591.343, 95
Trd, 4319593.243, 112
Trd, 4319593.343, 93
Trd, 4319594.343, 81
Trd, 4319595.343, 123
Trd, 4319595.643, 101
Trd, 4319595.943, 95
Trd, 4319598.143, 101
Trd, 4319599.093, 136
Trd, 4319600.893, 64
Trd, 4319601.743, 65
Trd, 4319602.193, 66
Trd, 4319602.293, 67
Trd, 4319602.393, 69
Trd, 4319602.943, 72
Trd, 4319605.193, 121
Trd, 4319606.493, 96
Trd, 4319606.843, 76
Trd, 4319606.943, 133
Trd, 4319608.143, 111
Trd, 4319608.743, 111
Trd, 4319608.793, 98
Trd, 4319609.143, 91
Trd, 4319610.793, 113
Trd, 4319611.043, 104
Trd, 4319611.293, 129
Trd, 4319611.893, 111
Trd, 4319612.493, 72
Trd, 4319613.643, 100
Trd, 4319614.993, 79
Trd, 4319615.293, 87
Trd, 4319616.443, 95
Trd, 4319616.843, 89
Trd, 4319618.043, 93
Trd, 4319618.093, 80
Trd, 4319618.843, 80
Trd, 4319618.943, 80
Trd, 4319620.043, 84
Trd, 4319621.193, 86
Trd, 4319621.293, 105
Trd, 4319622.943, 128
Trd, 4319623.493, 104
Trd, 4319624.043, 73
Trd, 4319624.993, 84
Trd, 4319626.693, 78
Trd, 4319627.193, 99
Trd, 4319627.643, 90
Trd, 4319628.393, 71
Trd, 4319628.993, 81
Trd, 4319629.943, 90
Trd, 4319630.343, 107
Trd, 4319630.593, 80
Trd, 4319631.643, 79
Trd, 4319631.793, 78
Trd, 4319632.043, 85
Trd, 4319634.743, 80
Trd, 4319636.093, 77
Trd, 4319636.243, 73
Trd, 4319636.793, 71
Trd, 4319638.493, 103
Trd, 4319639.343, 100
Trd, 4319641.393, 126
Trd, 4319641.793, 126
Trd, 4319641.943, 133
Trd, 4319642.143, 128
Trd, 4319642.743, 115
Trd, 4319643.293, 124
Trd, 4319643.443, 122
Trd, 4319644.493, 130
Trd, 4319644.543, 81
Trd, 4319644.743, 113
Trd, 4319645.693, 140
Trd, 4319645.843, 72
Trd, 4319647.743, 109
Trd, 4319649.043, 110
Trd, 4319649.143, 108
Trd, 4319650.793, 107
Trd, 4319650.993, 100
Trd, 4319652.443, 102
Trd, 4319652.643, 102
Trd, 4319653.393, 115
Trd, 4319653.893, 97
Trd, 4319655.543, 97
Trd, 4319656.143, 138
Trd, 4319656.493, 133
Trd, 4319657.143, 119
Trd, 4319657.843, 130
Trd, 4319659.093, 112
Trd, 4319659.743, 110
Trd, 4319659.893, 109
Trd, 4319660.243, 100
Trd, 4319660.593, 111
Trd, 4319661.343, 91
Trd, 4319662.343, 112
Trd, 4319662.643, 112
Trd, 4319663.893, 86
Trd, 4319664.143, 89
Trd, 4319664.293, 122
Trd, 4319664.643, 89
Trd, 4319664.693, 119
Trd, 4319665.443, 73
Trd, 4319667.793, 140
Trd, 4319668.043, 135
Trd, 4319668.093, 103
Trd, 4319668.443, 95
Trd, 4319668.743, 95
Trd, 4319670.343, 113
Trd, 4319671.443, 76
Trd, 4319671.743, 130
Trd, 4319673.343, 102
Trd, 4319673.493, 101
Trd, 4319674.143, 99
Trd, 4319674.393, 97
Trd, 4319675.993, 138
Trd, 4319676.343, 132
Trd, 4319676.743, 95
Trd, 4319677.293, 129
Trd, 4319677.343, 129
Trd, 4319677.493, 101
Trd, 4319677.743, 102
Trd, 4319678.743, 103
Trd, 4319679.643, 94
Trd, 4319680.793, 64
Trd, 4319682.343, 97
Trd, 4319684.293, 123
Trd, 4319684.743, 119
Trd, 4319684.993, 98
Trd, 4319685.493, 90
Trd, 4319686.443, 108
Trd, 4319687.043, 108
Trd, 4319688.143, 117
Trd, 4319688.943, 86
Trd, 4319689.543, 132
Trd, 4319689.893, 140
Trd, 4319692.143, 79
Trd, 4319692.643, 103
Trd, 4319692.943, 94
Trd, 4319693.793, 115
Trd, 4319694.393, 110
Trd, 4319694.693, 104
Trd, 4319695.293, 93
Trd, 4319695.693, 133
Trd, 4319696.343, 109
Trd, 4319697.393, 116
Trd, 4319697.793, 98
Trd, 4319698.243, 98
Trd, 4319699.093, 103
Trd, 4319699.593, 123
Trd, 4319700.093, 100
Trd, 4319701.093, 91
Trd, 4319701.293, 78
Trd, 4319702.193, 135
Trd, 4319702.993, 130
Trd, 4319704.643, 89
Trd, 4319704.743, 82
Trd, 4319704.943, 76
Trd, 4319704.993, 76
Trd, 4319705.393, 126
Trd, 4319706.693, 90
Trd, 4319707.293, 130
Trd, 4319708.293, 130
Trd, 4319708.643, 107
Trd, 4319710.093, 101
Trd, 4319710.543, 101
Trd, 4319710.943, 89
Trd, 4319711.193, 94
Trd, 4319711.793, 77
Trd, 4319713.243, 116
Trd, 4319714.243, 128
Trd, 4319714.793, 126
Trd, 4319715.493, 116
Trd, 4319715.543, 115
Trd, 4319716.093, 111
Trd, 4319717.793, 111
Trd, 4319718.743, 110
Trd, 4319718.993, 109
Trd, 4319720.543, 135
Trd, 4319721.143, 100
Trd, 4319721.793, 82
Trd, 4319722.143, 103
Trd, 4319722.543, 116
Trd, 4319723.443, 114
Trd, 4319723.793, 99
Trd, 4319724.143, 134
Trd, 4319724.593, 99
Trd, 4319726.793, 127
Trd, 4319728.993, 140
Trd, 4319729.143, 137
Trd, 4319730.043, 119
Trd, 4319730.193, 115
Trd, 4319730.543, 136
Trd, 4319730.793, 136
Trd, 4319731.043, 102
Trd, 4319732.643, 125
Trd, 4319732.693, 123
Trd, 4319732.843, 102
Trd, 4319732.943, 87
Trd, 4319734.493, 137
Trd, 4319736.993, 130
Trd, 4319737.493, 132
Trd, 4319739.893, 99
Trd, 4319740.393, 98
Trd, 4319741.443, 103
Trd, 4319742.343, 83
Trd, 4319742.443, 77
Trd, 4319743.143, 86
Trd, 4319743.593, 139
Trd, 4319744.743, 91
Trd, 4319745.143, 91
Trd, 4319747.793, 90
Trd, 4319747.843, 85
Trd, 4319748.143, 135
Trd, 4319749.593, 99
Trd, 4319749.943, 102
Trd, 4319750.193, 98
Trd, 4319752.393, 127
Trd, 4319753.393, 127
Trd, 4319753.693, 125
Trd, 4319753.843, 96
Trd, 4319754.043, 93
Trd, 4319755.093, 119
Trd, 4319755.843, 109
Trd, 4319756.343, 120
Trd, 4319757.693, 138
Trd, 4319757.943, 138
Trd, 4319759.043, 103
Trd, 4319759.693, 130
Trd, 4319760.243, 129
Trd, 4319760.493, 101
Trd, 4319761.193, 98
Trd, 4319761.393, 91
Trd, 4319761.893, 92
Trd, 4319762.993, 94
Trd, 4319763.843, 81
Trd, 4319765.443, 76
Trd, 4319766.243, 115
Trd, 4319766.443, 115
Trd, 4319766.843, 114
Trd, 4319766.943, 93
Trd, 4319768.293, 123
Trd, 4319768.493, 123
Trd, 4319769.393, 130
Trd, 4319769.793, 128
Trd, 4319771.443, 108
Trd, 4319772.093, 81
Trd, 4319772.743, 72
Trd, 4319773.243, 74
Trd, 4319774.593, 116
Trd, 4319776.243, 103
Trd, 4319777.843, 116
Trd, 4319777.943, 115
Trd, 4319778.243, 109
Trd, 4319778.543, 91
Trd, 4319778.643, 92
Trd, 4319781.093, 92
Trd, 4319781.193, 131
Trd, 4319781.993, 92
Trd, 4319782.943, 91
Trd, 4319784.143, 84
Trd, 4319784.643, 77
Trd, 4319785.193, 67
Trd, 4319785.543, 114
Trd, 4319787.493, 105
Trd, 4319787.643, 104
Trd, 4319787.993, 101
Trd, 4319788.843, 82
Trd, 4319789.043, 87
Trd, 4319789.393, 97
Trd, 4319791.093, 85
Trd, 4319791.243, 72
Trd, 4319791.593, 73
Trd, 4319792.643, 78
Trd, 4319794.193, 82
Trd, 4319794.793, 60
Trd, 4319794.893, 72
Trd, 4319795.843, 85
Trd, 4319795.943, 103
Trd, 4319796.793, 69
Trd, 4319797.243, 66
Trd, 4319798.543, 81
Trd, 4319798.593, 77
Trd, 4319798.643, 85
Trd, 4319798.793, 80
Trd, 4319801.543, 69
Trd, 4319801.643, 67
Trd, 4319801.843, 74
Trd, 4319802.043, 112
Trd, 4319803.043, 62
Trd, 4319804.643, 94
Trd, 4319805.793, 88
Trd, 4319806.593, 84
Trd, 4319807.493, 106
Trd, 4319808.393, 104
Trd, 4319809.143, 85
Trd, 4319810.793, 88
Trd, 4319811.843, 118
Trd, 4319811.993, 117
Trd, 4319812.893, 86
Trd, 4319813.043, 120
Trd, 4319814.093, 130
Trd, 4319814.593, 126
Trd, 4319814.893, 126
Trd, 4319815.643, 81
Trd, 4319816.193, 89
Trd, 4319816.343, 98
Trd, 4319818.693, 61
Trd, 4319819.743, 77
Trd, 4319821.593, 73
Trd, 4319821.743, 75
Trd, 4319821.993, 96
Trd, 4319822.543, 76
Trd, 4319824.793, 132
Trd, 4319824.943, 110
Trd, 4319825.193, 107
Trd, 4319825.243, 107
Trd, 4319826.043, 114
Trd, 4319826.893, 119
Trd, 4319827.143, 110
Trd, 4319827.493, 126
Trd, 4319828.693, 102
Trd, 4319828.893, 82
Trd, 4319829.443, 79
Trd, 4319830.143, 89
Trd, 4319830.593, 97
Trd, 4319831.693, 97
Trd, 4319831.843, 96
Trd, 4319832.543, 84
Trd, 4319832.593, 86
Trd, 4319834.293, 93
Trd, 4319835.093, 125
Trd, 4319835.243, 123
Trd, 4319835.543, 131
Trd, 4319836.293, 90
Trd, 4319837.093, 109
Trd, 4319837.593, 67
Trd, 4319838.593, 124
Trd, 4319838.943, 114
Trd, 4319839.043, 61
Trd, 4319839.993, 132
Trd, 4319841.943, 112
Trd, 4319842.043, 70
Trd, 4319843.393, 106
Trd, 4319844.093, 91
Trd, 4319844.293, 125
Trd, 4319845.043, 83
Trd, 4319846.593, 97
Trd, 4319846.943, 106
Trd, 4319847.743, 92
Trd, 4319847.993, 114
Trd, 4319848.643, 91
Trd, 4319849.093, 101
Trd, 4319849.343, 73
Trd, 4319849.993, 112
Trd, 4319852.043, 104
Trd, 4319853.043, 102
Trd, 4319853.643, 96
Trd, 4319854.493, 92
Trd, 4319855.643, 114
Trd, 4319855.843, 98
Trd, 4319856.243, 103
Trd, 4319856.343, 93
Trd, 4319857.243, 83
Trd, 4319857.793, 93
Trd, 4319858.243, 104
Trd, 4319858.893, 83
Trd, 4319859.793, 111
Trd, 4319860.693, 114
Trd, 4319862.543, 96
Trd, 4319862.993, 88
Trd, 4319863.093, 91
Trd, 4319864.643, 81
Trd, 4319865.793, 139
Trd, 4319865.893, 129
Trd, 4319866.193, 125
Trd, 4319866.443, 128
Trd, 4319867.493, 124
Trd, 4319867.543, 123
Trd, 4319868.593, 100
Trd, 4319868.693, 92
Trd, 4319870.193, 81
Trd, 4319871.043, 71
Trd, 4319872.793, 122
Trd, 4319872.993, 92
Trd, 4319874.793, 136
Trd, 4319875.343, 136
Trd, 4319876.743, 107
Trd, 4319877.243, 105
Trd, 4319877.343, 104
Trd, 4319878.243, 111
Trd, 4319878.943, 82
Trd, 4319881.193, 86
Trd, 4319882.193, 92
Trd, 4319882.793, 88
Trd, 4319883.593, 85
Trd, 4319883.843, 83
Trd, 4319884.343, 106
Trd, 4319885.343, 83
Trd, 4319885.843, 87
Trd, 4319886.843, 82
Trd, 4319887.443, 84
Trd, 4319888.343, 140
Trd, 4319888.693, 97
Trd, 4319889.893, 106
Trd, 4319890.843, 81
Trd, 4319891.093, 76
Trd, 4319891.743, 77
Trd, 4319892.393, 90
Trd, 4319894.293, 119
Trd, 4319894.743, 109
Trd, 4319894.843, 92
Trd, 4319894.993, 92
Trd, 4319896.743, 87
Trd, 4319898.393, 98
Trd, 4319898.543, 94
Trd, 4319898.793, 94
Trd, 4319899.193, 90
Trd, 4319900.093, 120
Trd, 4319900.143, 118
Trd, 4319900.743, 120
Trd, 4319902.243, 99
Trd, 4319902.493, 94
Trd, 4319903.543, 124
Trd, 4319903.643, 93
Trd, 4319904.643, 137
Trd, 4319905.493, 135
Trd, 4319906.593, 135
Trd, 4319906.793, 135
Trd, 4319906.943, 105
Trd, 4319907.093, 105
Trd, 4319907.493, 126
Trd, 4319908.143, 87
Trd, 4319908.643, 122
Trd, 4319908.993, 100
Trd, 4319910.343, 123
Trd, 4319910.693, 126
Trd, 4319911.643, 83
Trd, 4319912.143, 72
Trd, 4319914.343, 80
Trd, 4319914.593, 101
Trd, 4319916.243, 85
Trd, 4319916.843, 93
Trd, 4319916.993, 77
Trd, 4319917.243, 69
Trd, 4319917.393, 120
Trd, 4319919.693, 99
Trd, 4319920.693, 113
Trd, 4319921.393, 83
Trd, 4319921.443, 79
Trd, 4319923.043, 119
Trd, 4319923.243, 115
Trd, 4319924.193, 101
Trd, 4319924.393, 96
Trd, 4319924.493, 89
Trd, 4319926.243, 89
Trd, 4319927.343, 93
Trd, 4319927.393, 69
Trd, 4319927.643, 91
Trd, 4319927.993, 112
Trd, 4319929.293, 100
Trd, 4319930.493, 131
Trd, 4319931.043, 112
Trd, 4319931.693, 96
Trd, 4319932.893, 86
Trd, 4319935.443, 107
Trd, 4319935.543, 107
Trd, 4319935.793, 103
Trd, 4319936.843, 124
Trd, 4319937.593, 112
Trd, 4319938.343, 117
Trd, 4319938.543, 96
Trd, 4319939.043, 92
Trd, 4319940.843, 132
Trd, 4319941.893, 136
Trd, 4319942.193, 119
Trd, 4319943.943, 130
Trd, 4319944.193, 131
Trd, 4319944.593, 130
Trd, 4319945.593, 116
Trd, 4319946.693, 105
Trd, 4319948.643, 119
Trd, 4319950.143, 105
Trd, 4319950.293, 91
Trd, 4319951.343, 92
Trd, 4319952.743, 105
Trd, 4319953.193, 113
Trd, 4319955.493, 115
Trd, 4319955.643, 85
Trd, 4319956.693, 90
Trd, 4319959.443, 90
Trd, 4319959.593, 89
Trd, 4319960.093, 98
Trd, 4319961.293, 120
Trd, 4319961.493, 122
Trd, 4319962.243, 135
Trd, 4319962.293, 114
Trd, 4319962.493, 120
Trd, 4319963.593, 87
Trd, 4319964.593, 81
Trd, 4319965.493, 66
Trd, 4319966.393, 115
Trd, 4319966.443, 99
Trd, 4319967.943, 81
Trd, 4319968.493, 80
Trd, 4319969.693, 101
Trd, 4319971.543, 110
Trd, 4319971.793, 110
Trd, 4319972.543, 105
Trd, 4319972.593, 105
Trd, 4319973.593, 90
Trd, 4319973.643, 86
Trd, 4319973.893, 116
Trd, 4319974.893, 104
Trd, 4319975.643, 89
Trd, 4319976.493, 85
Trd, 4319977.193, 81
Trd, 4319978.343, 140
Trd, 4319978.793, 139
Trd, 4319979.643, 112
Trd, 4319979.943, 136
Trd, 4319981.543, 90
Trd, 4319982.093, 104
Trd, 4319982.243, 72
Trd, 4319982.393, 85
Trd, 4319982.493, 70
Trd, 4319984.293, 72
Trd, 4319985.543, 95
Trd, 4319985.793, 60
Trd, 4319988.493, 72
Trd, 4319988.793, 95
Trd, 4319990.093, 61
Trd, 4319990.243, 60
Trd, 4319990.893, 61
Trd, 4319991.943, 66
Trd, 4319992.793, 76
Trd, 4319993.193, 81
Trd, 4319993.893, 103
Trd, 4319995.943, 96
Trd, 4319996.293, 96
Trd, 4319996.343, 99
Trd, 4319996.643, 125
Trd, 4319997.093, 74
Trd, 4319998.293, 90
Trd, 4319999.543, 111
