Trd, 4318092.943, 92
Trd, 4318093.543, 110
Trd, 4318094.343, 116
Trd, 4318094.443, 110
Trd, 4318095.543, 76
Trd, 4318096.643, 67
Trd, 4318096.893, 68
Trd, 4318097.193, 60
Trd, 4318097.243, 61
Trd, 4318098.393, 62
Trd, 4318099.843, 95
Trd, 4318100.043, 97
Trd, 4318101.293, 140
Trd, 4318101.693, 140
Trd, 4318101.943, 131
Trd, 4318103.193, 138
Trd, 4318103.943, 106
Trd, 4318104.243, 106
Trd, 4318104.393, 101
Trd, 4318105.643, 85
Trd, 4318106.243, 86
Trd, 4318106.993, 110
Trd, 4318108.093, 136
Trd, 4318108.493, 134
Trd, 4318109.193, 80
Trd, 4318109.643, 136
Trd, 4318109.843, 135
Trd, 4318111.443, 96
Trd, 4318112.093, 97
Trd, 4318113.043, 118
Trd, 4318113.143, 112
Trd, 4318114.393, 102
Trd, 4318114.593, 96
Trd, 4318114.643, 78
Trd, 4318115.293, 73
Trd, 4318115.493, 134
Trd, 4318116.193, 76
Trd, 4318116.843, 61
Trd, 4318117.293, 62
Trd, 4318118.543, 72
Trd, 4318119.993, 118
Trd, 4318120.293, 118
Trd, 4318120.693, 117
Trd, 4318121.243, 123
Trd, 4318121.543, 127
Trd, 4318121.643, 119
Trd, 4318123.043, 122
Trd, 4318124.893, 122
Trd, 4318125.393, 120
Trd, 4318125.843, 96
Trd, 4318126.043, 104
Trd, 4318126.993, 110
Trd, 4318127.043, 93
Trd, 4318127.443, 91
Trd, 4318128.093, 133
Trd, 4318128.443, 85
Trd, 4318128.743, 75
Trd, 4318130.093, 136
Trd, 4318131.193, 85
Trd, 4318132.743, 87
Trd, 4318132.893, 86
Trd, 4318133.193, 85
Trd, 4318133.393, 88
Trd, 4318133.793, 91
Trd, 4318134.693, 120
Trd, 4318134.993, 138
Trd, 4318135.043, 137
Trd, 4318135.143, 110
Trd, 4318136.343, 61
Trd, 4318137.343, 61
Trd, 4318138.843, 80
Trd, 4318139.593, 67
Trd, 4318140.493, 122
Trd, 4318140.893, 80
Trd, 4318141.193, 78
Trd, 4318141.393, 73
Trd, 4318141.743, 98
Trd, 4318142.293, 97
Trd, 4318143.693, 85
Trd, 4318143.993, 112
Trd, 4318144.193, 114
Trd, 4318144.243, 69
Trd, 4318146.143, 134
Trd, 4318146.743, 87
Trd, 4318147.143, 88
Trd, 4318148.293, 61
Trd, 4318149.543, 62
Trd, 4318150.893, 61
Trd, 4318151.793, 71
Trd, 4318151.843, 70
Trd, 4318152.543, 79
Trd, 4318152.843, 63
Trd, 4318154.243, 77
Trd, 4318155.243, 96
Trd, 4318155.543, 76
Trd, 4318155.793, 98
Trd, 4318157.493, 96
Trd, 4318158.693, 63
Trd, 4318159.493, 75
Trd, 4318159.543, 103
Trd, 4318160.393, 68
Trd, 4318161.143, 66
Trd, 4318161.793, 104
Trd, 4318161.993, 105
Trd, 4318163.043, 130
Trd, 4318164.293, 134
Trd, 4318164.543, 129
Trd, 4318165.493, 118
Trd, 4318165.593, 117
Trd, 4318166.343, 113
Trd, 4318167.443, 62
Trd, 4318167.843, 62
Trd, 4318167.893, 96
Trd, 4318168.093, 60
Trd, 4318169.693, 73
Trd, 4318170.143, 82
Trd, 4318171.243, 102
Trd, 4318173.243, 108
Trd, 4318173.993, 104
Trd, 4318174.093, 108
Trd, 4318174.293, 103
Trd, 4318174.843, 107
Trd, 4318175.193, 127
Trd, 4318175.243, 105
Trd, 4318175.443, 137
Trd, 4318175.793, 104
Trd, 4318176.793, 108
Trd, 4318177.843, 116
Trd, 4318177.893, 113
Trd, 4318179.343, 85
Trd, 4318180.343, 74
Trd, 4318182.243, 71
Trd, 4318182.843, 126
Trd, 4318183.193, 126
Trd, 4318184.043, 118
Trd, 4318184.243, 105
Trd, 4318184.643, 83
Trd, 4318185.243, 133
Trd, 4318185.843, 128
Trd, 4318187.293, 128
Trd, 4318188.543, 140
Trd, 4318189.343, 133
Trd, 4318189.493, 128
Trd, 4318189.693, 120
Trd, 4318192.493, 109
Trd, 4318192.893, 96
Trd, 4318193.393, 126
Trd, 4318194.393, 119
Trd, 4318194.843, 117
Trd, 4318195.593, 107
Trd, 4318197.193, 136
Trd, 4318197.593, 136
Trd, 4318198.543, 122
Trd, 4318198.693, 95
Trd, 4318200.343, 140
Trd, 4318200.393, 140
Trd, 4318201.043, 122
Trd, 4318202.193, 69
Trd, 4318202.743, 92
Trd, 4318203.143, 69
Trd, 4318204.943, 79
Trd, 4318206.043, 88
Trd, 4318206.943, 95
Trd, 4318207.193, 84
Trd, 4318207.243, 79
Trd, 4318209.993, 62
Trd, 4318211.743, 132
Trd, 4318211.993, 131
Trd, 4318212.293, 131
Trd, 4318212.543, 131
Trd, 4318214.943, 138
Trd, 4318215.193, 137
Trd, 4318215.743, 69
Trd, 4318216.243, 66
Trd, 4318219.093, 107
Trd, 4318219.493, 135
Trd, 4318219.693, 112
Trd, 4318220.043, 79
Trd, 4318221.243, 68
Trd, 4318221.743, 72
Trd, 4318221.793, 84
Trd, 4318222.243, 66
Trd, 4318222.493, 86
Trd, 4318223.943, 76
Trd, 4318225.093, 74
Trd, 4318225.243, 106
Trd, 4318226.543, 133
Trd, 4318227.743, 105
Trd, 4318228.893, 120
Trd, 4318229.193, 120
Trd, 4318229.943, 112
Trd, 4318231.043, 114
Trd, 4318231.193, 112
Trd, 4318231.493, 116
Trd, 4318231.743, 104
Trd, 4318232.743, 126
Trd, 4318233.043, 126
Trd, 4318233.693, 123
Trd, 4318234.543, 122
Trd, 4318234.643, 119
Trd, 4318235.443, 102
Trd, 4318237.443, 114
Trd, 4318237.893, 124
Trd, 4318238.393, 105
Trd, 4318239.043, 128
Trd, 4318241.093, 79
Trd, 4318241.293, 79
Trd, 4318241.743, 79
Trd, 4318241.793, 92
Trd, 4318244.443, 62
Trd, 4318244.793, 62
Trd, 4318245.043, 64
Trd, 4318245.793, 67
Trd, 4318246.343, 122
Trd, 4318247.093, 90
Trd, 4318247.393, 90
Trd, 4318249.043, 95
Trd, 4318249.143, 94
Trd, 4318249.343, 101
Trd, 4318251.393, 117
Trd, 4318251.643, 120
Trd, 4318252.843, 140
Trd, 4318254.393, 82
Trd, 4318254.593, 81
Trd, 4318256.643, 117
Trd, 4318256.843, 117
Trd, 4318257.243, 116
Trd, 4318257.593, 115
Trd, 4318259.943, 132
Trd, 4318260.643, 132
Trd, 4318262.043, 127
Trd, 4318262.093, 122
Trd, 4318263.743, 120
Trd, 4318263.893, 133
Trd, 4318264.843, 117
Trd, 4318265.343, 90
Trd, 4318266.843, 113
Trd, 4318267.243, 95
Trd, 4318267.793, 98
Trd, 4318268.243, 98
Trd, 4318269.493, 98
Trd, 4318269.693, 102
Trd, 4318270.543, 105
Trd, 4318270.843, 88
Trd, 4318272.093, 126
Trd, 4318272.443, 124
Trd, 4318274.093, 139
Trd, 4318274.193, 134
Trd, 4318274.693, 110
Trd, 4318276.143, 87
Trd, 4318276.293, 82
Trd, 4318276.793, 77
Trd, 4318277.593, 76
Trd, 4318277.993, 70
Trd, 4318278.643, 62
Trd, 4318279.043, 62
Trd, 4318280.043, 62
Trd, 4318280.443, 63
Trd, 4318282.643, 95
Trd, 4318283.293, 113
Trd, 4318283.393, 112
Trd, 4318283.893, 111
Trd, 4318284.793, 91
Trd, 4318285.243, 93
Trd, 4318285.893, 95
Trd, 4318286.893, 102
Trd, 4318286.943, 94
Trd, 4318288.093, 124
Trd, 4318288.393, 123
Trd, 4318289.243, 128
Trd, 4318289.393, 133
Trd, 4318289.643, 132
Trd, 4318291.043, 126
Trd, 4318292.393, 137
Trd, 4318293.493, 137
Trd, 4318294.843, 106
Trd, 4318295.643, 139
Trd, 4318296.293, 133
Trd, 4318296.743, 106
Trd, 4318297.143, 99
Trd, 4318298.493, 91
Trd, 4318299.493, 68
Trd, 4318300.393, 70
Trd, 4318300.693, 71
Trd, 4318302.093, 139
Trd, 4318302.243, 130
Trd, 4318303.343, 121
Trd, 4318303.493, 110
Trd, 4318303.593, 100
Trd, 4318304.893, 137
Trd, 4318304.993, 136
Trd, 4318306.293, 135
Trd, 4318307.243, 126
Trd, 4318307.893, 134
Trd, 4318308.793, 97
Trd, 4318309.043, 102
Trd, 4318310.593, 75
Trd, 4318311.093, 91
Trd, 4318311.843, 119
Trd, 4318312.693, 107
Trd, 4318312.793, 80
Trd, 4318313.493, 72
Trd, 4318313.743, 65
Trd, 4318314.643, 140
Trd, 4318315.343, 87
Trd, 4318315.843, 95
Trd, 4318316.843, 94
Trd, 4318317.093, 83
Trd, 4318317.793, 83
Trd, 4318318.393, 115
Trd, 4318318.943, 97
Trd, 4318319.543, 84
Trd, 4318320.393, 125
Trd, 4318320.743, 77
Trd, 4318321.993, 90
Trd, 4318323.193, 115
Trd, 4318324.343, 87
Trd, 4318324.443, 86
Trd, 4318324.943, 92
Trd, 4318324.993, 124
Trd, 4318325.343, 90
Trd, 4318326.493, 112
Trd, 4318327.643, 101
Trd, 4318327.843, 101
Trd, 4318327.893, 97
Trd, 4318328.443, 107
Trd, 4318329.943, 131
Trd, 4318330.743, 89
Trd, 4318330.943, 88
Trd, 4318331.543, 117
Trd, 4318332.043, 136
Trd, 4318332.393, 132
Trd, 4318333.343, 78
Trd, 4318333.743, 88
Trd, 4318334.393, 140
Trd, 4318334.443, 65
Trd, 4318336.493, 112
Trd, 4318337.243, 100
Trd, 4318339.343, 118
Trd, 4318339.793, 119
Trd, 4318340.643, 103
Trd, 4318340.943, 125
Trd, 4318342.343, 116
Trd, 4318344.493, 135
Trd, 4318344.943, 131
Trd, 4318344.993, 130
Trd, 4318345.393, 128
Trd, 4318345.443, 125
Trd, 4318346.343, 111
Trd, 4318346.643, 107
Trd, 4318346.943, 90
Trd, 4318347.293, 81
Trd, 4318349.943, 137
Trd, 4318350.643, 79
Trd, 4318351.393, 136
Trd, 4318352.393, 68
Trd, 4318353.543, 76
Trd, 4318356.193, 101
Trd, 4318356.843, 99
Trd, 4318357.043, 98
Trd, 4318357.443, 94
Trd, 4318357.493, 61
Trd, 4318357.743, 93
Trd, 4318357.943, 120
Trd, 4318359.243, 96
Trd, 4318360.543, 71
Trd, 4318360.843, 72
Trd, 4318361.843, 61
Trd, 4318362.893, 132
Trd, 4318362.943, 130
Trd, 4318363.193, 129
Trd, 4318363.643, 126
Trd, 4318365.043, 67
Trd, 4318365.393, 79
Trd, 4318365.793, 67
Trd, 4318366.443, 70
Trd, 4318367.443, 76
Trd, 4318368.743, 137
Trd, 4318369.643, 129
Trd, 4318370.343, 116
Trd, 4318370.843, 105
Trd, 4318372.293, 86
Trd, 4318373.343, 113
Trd, 4318373.643, 65
Trd, 4318374.493, 95
Trd, 4318375.243, 66
Trd, 4318375.443, 120
Trd, 4318376.143, 121
Trd, 4318376.843, 75
Trd, 4318378.893, 79
Trd, 4318379.443, 133
Trd, 4318380.943, 116
Trd, 4318381.643, 104
Trd, 4318382.093, 104
Trd, 4318382.243, 85
Trd, 4318383.293, 124
Trd, 4318384.993, 138
Trd, 4318386.143, 111
Trd, 4318387.293, 108
Trd, 4318388.643, 140
Trd, 4318389.543, 140
Trd, 4318389.843, 140
Trd, 4318389.893, 124
Trd, 4318389.943, 103
Trd, 4318391.443, 89
Trd, 4318392.293, 114
Trd, 4318393.743, 98
Trd, 4318393.893, 68
Trd, 4318394.843, 98
Trd, 4318395.293, 106
Trd, 4318396.593, 98
Trd, 4318397.143, 97
Trd, 4318397.743, 95
Trd, 4318397.943, 93
Trd, 4318398.443, 94
Trd, 4318399.593, 89
Trd, 4318399.643, 100
Trd, 4318400.493, 95
Trd, 4318402.793, 93
Trd, 4318402.893, 88
Trd, 4318403.593, 95
Trd, 4318404.393, 104
Trd, 4318405.743, 90
Trd, 4318407.143, 117
Trd, 4318407.293, 109
Trd, 4318407.643, 110
Trd, 4318407.743, 109
Trd, 4318408.543, 131
Trd, 4318408.993, 108
Trd, 4318410.943, 119
Trd, 4318410.993, 112
Trd, 4318411.593, 100
Trd, 4318413.393, 104
Trd, 4318413.943, 97
Trd, 4318415.043, 139
Trd, 4318415.143, 137
Trd, 4318415.193, 94
Trd, 4318415.693, 99
Trd, 4318418.093, 70
Trd, 4318418.643, 84
Trd, 4318419.193, 91
Trd, 4318419.943, 60
Trd, 4318420.343, 91
Trd, 4318420.393, 92
Trd, 4318421.393, 85
Trd, 4318421.443, 66
Trd, 4318422.193, 126
Trd, 4318422.943, 127
Trd, 4318423.193, 124
Trd, 4318423.443, 120
Trd, 4318424.393, 109
Trd, 4318424.693, 88
Trd, 4318425.393, 138
Trd, 4318426.443, 124
Trd, 4318426.643, 67
Trd, 4318428.193, 74
Trd, 4318429.793, 63
Trd, 4318430.193, 84
Trd, 4318431.393, 118
Trd, 4318431.993, 140
Trd, 4318432.143, 130
Trd, 4318432.293, 127
Trd, 4318433.243, 62
Trd, 4318434.143, 69
Trd, 4318435.643, 134
Trd, 4318436.293, 127
Trd, 4318436.843, 127
Trd, 4318437.593, 122
Trd, 4318437.643, 121
Trd, 4318437.693, 119
Trd, 4318438.193, 78
Trd, 4318438.643, 79
Trd, 4318441.793, 133
Trd, 4318442.593, 63
Trd, 4318442.943, 72
Trd, 4318443.293, 63
Trd, 4318446.043, 62
Trd, 4318446.293, 63
Trd, 4318446.893, 65
Trd, 4318447.243, 62
Trd, 4318447.493, 63
Trd, 4318448.193, 71
Trd, 4318449.893, 91
Trd, 4318451.393, 100
Trd, 4318452.243, 89
Trd, 4318453.293, 138
Trd, 4318454.293, 138
Trd, 4318454.943, 133
Trd, 4318455.293, 131
Trd, 4318456.343, 123
Trd, 4318456.843, 131
Trd, 4318457.393, 122
Trd, 4318458.143, 117
Trd, 4318458.993, 127
Trd, 4318459.443, 125
Trd, 4318459.743, 123
Trd, 4318460.693, 119
Trd, 4318461.343, 106
Trd, 4318461.843, 129
Trd, 4318462.393, 104
Trd, 4318462.693, 105
Trd, 4318463.843, 131
Trd, 4318464.043, 136
Trd, 4318464.943, 116
Trd, 4318466.593, 129
Trd, 4318466.843, 127
Trd, 4318467.493, 118
Trd, 4318468.143, 116
Trd, 4318468.443, 117
Trd, 4318469.293, 101
Trd, 4318470.243, 61
Trd, 4318470.443, 61
Trd, 4318472.143, 110
Trd, 4318472.443, 102
Trd, 4318472.593, 99
Trd, 4318473.293, 138
Trd, 4318473.693, 136
Trd, 4318474.593, 61
Trd, 4318475.543, 73
Trd, 4318476.543, 86
Trd, 4318477.643, 108
Trd, 4318478.643, 124
Trd, 4318479.243, 140
Trd, 4318480.093, 136
Trd, 4318480.443, 134
Trd, 4318481.193, 130
Trd, 4318484.043, 134
Trd, 4318485.293, 133
Trd, 4318485.843, 115
Trd, 4318486.443, 105
Trd, 4318487.143, 86
Trd, 4318487.443, 72
Trd, 4318487.943, 97
Trd, 4318489.493, 60
Trd, 4318489.543, 75
Trd, 4318490.943, 66
Trd, 4318491.293, 76
Trd, 4318492.093, 73
Trd, 4318492.243, 71
Trd, 4318492.393, 134
Trd, 4318493.893, 78
Trd, 4318495.093, 106
Trd, 4318495.343, 119
Trd, 4318495.993, 115
Trd, 4318496.093, 114
Trd, 4318497.093, 112
Trd, 4318497.243, 99
Trd, 4318497.793, 101
Trd, 4318499.893, 103
Trd, 4318500.443, 119
Trd, 4318501.293, 119
Trd, 4318501.893, 101
Trd, 4318502.043, 101
Trd, 4318502.243, 99
Trd, 4318503.343, 135
Trd, 4318503.643, 105
Trd, 4318504.393, 128
Trd, 4318504.543, 104
Trd, 4318505.793, 128
Trd, 4318505.993, 126
Trd, 4318507.093, 135
Trd, 4318508.993, 138
Trd, 4318509.993, 86
Trd, 4318511.643, 128
Trd, 4318511.943, 127
Trd, 4318512.093, 132
Trd, 4318512.993, 116
Trd, 4318513.493, 102
Trd, 4318513.643, 107
Trd, 4318514.443, 100
Trd, 4318516.093, 123
Trd, 4318516.693, 124
Trd, 4318517.443, 123
Trd, 4318518.693, 135
Trd, 4318518.893, 89
Trd, 4318519.893, 77
Trd, 4318520.743, 78
Trd, 4318521.193, 93
Trd, 4318522.043, 121
Trd, 4318522.093, 119
Trd, 4318523.643, 136
Trd, 4318524.893, 135
Trd, 4318526.643, 137
Trd, 4318526.743, 129
Trd, 4318526.943, 128
Trd, 4318527.643, 126
Trd, 4318528.043, 139
Trd, 4318528.793, 125
Trd, 4318530.643, 95
Trd, 4318531.043, 96
Trd, 4318531.893, 105
Trd, 4318532.143, 99
Trd, 4318533.243, 96
Trd, 4318533.443, 97
Trd, 4318533.893, 86
Trd, 4318535.143, 129
Trd, 4318535.393, 103
Trd, 4318535.793, 102
Trd, 4318537.543, 106
Trd, 4318537.893, 103
Trd, 4318537.993, 104
Trd, 4318539.443, 105
Trd, 4318539.843, 104
Trd, 4318541.843, 113
Trd, 4318541.943, 134
Trd, 4318542.993, 139
Trd, 4318543.693, 138
Trd, 4318544.293, 129
Trd, 4318544.893, 125
Trd, 4318545.243, 127
Trd, 4318545.543, 72
Trd, 4318548.543, 139
Trd, 4318548.693, 138
Trd, 4318548.943, 121
Trd, 4318549.893, 106
Trd, 4318550.043, 105
Trd, 4318550.393, 102
Trd, 4318550.543, 99
Trd, 4318552.143, 100
Trd, 4318552.543, 108
Trd, 4318553.643, 111
Trd, 4318553.793, 64
Trd, 4318554.243, 64
Trd, 4318556.043, 111
Trd, 4318556.743, 114
Trd, 4318557.143, 116
Trd, 4318558.193, 131
Trd, 4318558.443, 131
Trd, 4318559.193, 133
Trd, 4318560.043, 118
Trd, 4318561.193, 129
Trd, 4318561.293, 121
Trd, 4318561.493, 101
Trd, 4318562.693, 102
Trd, 4318563.693, 99
Trd, 4318564.093, 96
Trd, 4318565.143, 116
Trd, 4318567.393, 85
Trd, 4318567.593, 124
Trd, 4318567.693, 121
Trd, 4318570.093, 100
Trd, 4318570.643, 93
Trd, 4318571.343, 93
Trd, 4318571.543, 109
Trd, 4318572.493, 115
Trd, 4318572.643, 110
Trd, 4318572.943, 103
Trd, 4318573.643, 115
Trd, 4318574.443, 76
Trd, 4318574.643, 126
Trd, 4318576.043, 77
Trd, 4318576.743, 95
Trd, 4318577.143, 80
Trd, 4318577.743, 86
Trd, 4318577.843, 91
Trd, 4318578.293, 110
Trd, 4318578.543, 120
Trd, 4318580.343, 102
Trd, 4318580.943, 92
Trd, 4318581.593, 128
Trd, 4318581.993, 116
Trd, 4318582.393, 112
Trd, 4318582.693, 77
Trd, 4318583.993, 81
Trd, 4318584.893, 134
Trd, 4318584.943, 78
Trd, 4318586.043, 76
Trd, 4318586.293, 79
Trd, 4318587.693, 123
Trd, 4318588.743, 72
Trd, 4318589.293, 95
Trd, 4318589.343, 94
Trd, 4318590.793, 75
Trd, 4318590.943, 79
Trd, 4318592.043, 85
Trd, 4318592.143, 73
Trd, 4318594.343, 139
Trd, 4318594.393, 132
Trd, 4318594.793, 98
Trd, 4318594.993, 103
Trd, 4318596.343, 61
Trd, 4318597.343, 67
Trd, 4318597.693, 68
Trd, 4318597.993, 95
Trd, 4318599.493, 107
Trd, 4318600.193, 87
Trd, 4318600.743, 138
Trd, 4318602.143, 95
Trd, 4318603.293, 60
Trd, 4318603.543, 66
Trd, 4318603.843, 67
Trd, 4318604.793, 63
Trd, 4318605.443, 61
Trd, 4318606.493, 77
Trd, 4318606.893, 82
Trd, 4318607.643, 75
Trd, 4318607.993, 75
Trd, 4318608.693, 101
Trd, 4318609.343, 92
Trd, 4318609.843, 93
Trd, 4318610.343, 94
Trd, 4318611.243, 132
Trd, 4318611.893, 131
Trd, 4318614.043, 98
Trd, 4318614.493, 92
Trd, 4318614.643, 89
Trd, 4318616.293, 123
Trd, 4318617.243, 105
Trd, 4318617.643, 104
Trd, 4318618.793, 101
Trd, 4318619.293, 102
Trd, 4318620.343, 130
Trd, 4318620.693, 97
Trd, 4318620.943, 91
Trd, 4318621.643, 107
Trd, 4318622.143, 63
Trd, 4318622.443, 113
Trd, 4318622.843, 94
Trd, 4318624.493, 85
Trd, 4318625.293, 107
Trd, 4318625.943, 108
Trd, 4318628.743, 140
Trd, 4318628.843, 137
Trd, 4318628.993, 136
Trd, 4318629.743, 138
Trd, 4318629.993, 130
Trd, 4318631.843, 117
Trd, 4318632.093, 114
Trd, 4318632.493, 118
Trd, 4318633.643, 138
Trd, 4318634.343, 88
Trd, 4318636.843, 128
Trd, 4318636.943, 115
Trd, 4318637.093, 131
Trd, 4318637.643, 118
Trd, 4318637.893, 116
Trd, 4318639.393, 116
Trd, 4318639.743, 114
Trd, 4318640.743, 137
Trd, 4318641.643, 121
Trd, 4318641.893, 120
Trd, 4318642.093, 118
Trd, 4318642.993, 139
Trd, 4318643.143, 130
Trd, 4318643.343, 104
Trd, 4318646.443, 107
Trd, 4318646.893, 138
Trd, 4318648.193, 140
Trd, 4318648.543, 140
Trd, 4318648.693, 138
Trd, 4318648.943, 130
Trd, 4318649.193, 128
Trd, 4318651.493, 82
Trd, 4318652.643, 93
Trd, 4318653.043, 139
Trd, 4318653.593, 106
Trd, 4318654.293, 106
Trd, 4318654.593, 117
Trd, 4318655.593, 139
Trd, 4318655.893, 116
Trd, 4318656.193, 132
Trd, 4318657.693, 138
Trd, 4318657.843, 126
Trd, 4318658.143, 99
Trd, 4318661.593, 139
Trd, 4318661.693, 138
Trd, 4318661.893, 130
Trd, 4318662.293, 125
Trd, 4318662.543, 120
Trd, 4318662.693, 135
Trd, 4318664.143, 96
Trd, 4318665.043, 120
Trd, 4318665.193, 95
Trd, 4318665.593, 89
Trd, 4318665.893, 91
Trd, 4318666.493, 69
Trd, 4318667.143, 113
Trd, 4318669.693, 117
Trd, 4318670.593, 137
Trd, 4318671.043, 114
Trd, 4318671.843, 87
Trd, 4318672.043, 84
Trd, 4318673.643, 140
Trd, 4318674.293, 140
Trd, 4318675.143, 138
Trd, 4318676.143, 140
Trd, 4318677.143, 112
Trd, 4318677.793, 100
Trd, 4318678.543, 68
Trd, 4318679.793, 92
Trd, 4318679.943, 80
Trd, 4318680.543, 62
Trd, 4318680.993, 126
Trd, 4318681.793, 101
Trd, 4318683.193, 139
Trd, 4318683.793, 136
Trd, 4318684.643, 135
Trd, 4318684.893, 126
Trd, 4318686.843, 84
Trd, 4318687.243, 121
Trd, 4318687.943, 112
Trd, 4318688.943, 134
Trd, 4318690.343, 91
Trd, 4318690.893, 92
Trd, 4318691.393, 116
Trd, 4318691.793, 111
Trd, 4318691.893, 110
Trd, 4318692.593, 100
Trd, 4318693.393, 96
Trd, 4318693.943, 80
Trd, 4318696.493, 120
Trd, 4318697.043, 119
Trd, 4318697.343, 82
Trd, 4318698.393, 127
Trd, 4318698.643, 93
Trd, 4318701.393, 125
Trd, 4318702.093, 125
Trd, 4318702.443, 122
Trd, 4318702.593, 117
Trd, 4318703.243, 115
Trd, 4318703.543, 111
Trd, 4318704.193, 83
Trd, 4318706.743, 112
Trd, 4318707.193, 112
Trd, 4318707.393, 106
Trd, 4318707.893, 87
Trd, 4318708.193, 92
Trd, 4318709.593, 113
Trd, 4318709.693, 76
Trd, 4318710.293, 136
Trd, 4318710.443, 69
Trd, 4318712.643, 63
Trd, 4318712.693, 65
Trd, 4318713.743, 62
Trd, 4318714.243, 82
Trd, 4318714.593, 73
Trd, 4318717.143, 114
Trd, 4318717.893, 133
Trd, 4318718.343, 133
Trd, 4318718.893, 117
Trd, 4318719.443, 113
Trd, 4318719.693, 116
Trd, 4318720.343, 96
Trd, 4318721.543, 65
Trd, 4318721.943, 75
Trd, 4318722.543, 63
Trd, 4318723.193, 60
Trd, 4318723.443, 60
Trd, 4318725.343, 71
Trd, 4318725.793, 81
Trd, 4318726.143, 80
Trd, 4318727.293, 65
Trd, 4318729.043, 93
Trd, 4318730.193, 124
Trd, 4318731.193, 75
Trd, 4318732.243, 64
Trd, 4318732.543, 60
Trd, 4318732.643, 66
Trd, 4318733.193, 80
Trd, 4318733.643, 63
Trd, 4318734.293, 114
Trd, 4318734.693, 121
Trd, 4318737.093, 71
Trd, 4318737.693, 73
Trd, 4318737.893, 65
Trd, 4318738.443, 76
Trd, 4318739.143, 86
Trd, 4318740.543, 96
Trd, 4318740.793, 91
Trd, 4318741.293, 113
Trd, 4318742.943, 104
Trd, 4318743.193, 94
Trd, 4318743.293, 80
Trd, 4318744.993, 108
Trd, 4318746.193, 140
Trd, 4318747.043, 140
Trd, 4318747.793, 140
Trd, 4318748.093, 130
Trd, 4318748.843, 131
Trd, 4318749.893, 127
Trd, 4318750.043, 121
Trd, 4318750.343, 118
Trd, 4318751.843, 74
Trd, 4318753.343, 75
Trd, 4318753.793, 65
Trd, 4318755.643, 110
Trd, 4318756.493, 129
Trd, 4318756.593, 110
Trd, 4318756.893, 119
Trd, 4318758.993, 120
Trd, 4318759.293, 119
Trd, 4318759.343, 116
Trd, 4318759.393, 103
Trd, 4318759.593, 129
Trd, 4318761.793, 110
Trd, 4318762.143, 95
Trd, 4318762.743, 72
Trd, 4318762.843, 78
Trd, 4318763.393, 79
Trd, 4318764.343, 67
Trd, 4318765.743, 84
Trd, 4318765.793, 86
Trd, 4318766.543, 83
Trd, 4318767.093, 80
Trd, 4318767.543, 99
Trd, 4318767.993, 108
Trd, 4318769.443, 139
Trd, 4318770.193, 132
Trd, 4318771.943, 122
Trd, 4318772.643, 103
Trd, 4318773.343, 99
Trd, 4318773.793, 122
Trd, 4318774.493, 122
Trd, 4318774.643, 105
Trd, 4318775.393, 138
Trd, 4318775.643, 137
Trd, 4318777.443, 136
Trd, 4318777.593, 135
Trd, 4318777.943, 127
Trd, 4318778.743, 126
Trd, 4318779.143, 101
Trd, 4318779.643, 70
Trd, 4318780.193, 118
Trd, 4318781.293, 103
Trd, 4318782.843, 137
Trd, 4318783.193, 126
Trd, 4318783.943, 128
Trd, 4318784.793, 119
Trd, 4318785.593, 113
Trd, 4318787.643, 129
Trd, 4318788.543, 137
Trd, 4318788.893, 136
Trd, 4318789.543, 137
Trd, 4318791.093, 119
Trd, 4318791.993, 120
Trd, 4318794.593, 130
Trd, 4318794.693, 129
Trd, 4318795.093, 117
Trd, 4318795.343, 135
Trd, 4318796.393, 69
Trd, 4318797.893, 67
Trd, 4318798.143, 87
Trd, 4318798.243, 60
Trd, 4318799.743, 79
Trd, 4318800.043, 103
Trd, 4318800.343, 74
Trd, 4318801.393, 81
Trd, 4318802.293, 63
Trd, 4318803.843, 62
Trd, 4318804.593, 63
Trd, 4318805.743, 105
Trd, 4318806.793, 95
Trd, 4318807.343, 94
Trd, 4318807.493, 96
Trd, 4318809.143, 126
Trd, 4318809.843, 88
Trd, 4318810.743, 89
Trd, 4318812.143, 67
Trd, 4318813.093, 79
Trd, 4318814.093, 77
Trd, 4318814.593, 82
Trd, 4318814.843, 76
Trd, 4318814.943, 75
Trd, 4318815.443, 88
Trd, 4318815.843, 93
Trd, 4318818.443, 126
Trd, 4318818.743, 72
Trd, 4318819.043, 136
Trd, 4318819.293, 93
Trd, 4318819.343, 92
Trd, 4318820.693, 126
Trd, 4318821.943, 77
Trd, 4318822.393, 98
Trd, 4318823.443, 131
Trd, 4318824.093, 116
Trd, 4318824.343, 116
Trd, 4318824.643, 110
Trd, 4318826.143, 83
Trd, 4318827.043, 96
Trd, 4318827.343, 86
Trd, 4318829.393, 125
Trd, 4318829.493, 84
Trd, 4318829.593, 83
Trd, 4318830.793, 119
Trd, 4318833.343, 126
Trd, 4318833.393, 124
Trd, 4318833.543, 116
Trd, 4318834.543, 106
Trd, 4318835.243, 121
Trd, 4318836.543, 120
Trd, 4318836.593, 119
Trd, 4318837.093, 113
Trd, 4318837.793, 115
Trd, 4318838.793, 87
Trd, 4318839.043, 94
Trd, 4318839.893, 87
Trd, 4318840.743, 67
Trd, 4318841.193, 84
Trd, 4318841.993, 71
Trd, 4318842.493, 128
Trd, 4318843.793, 99
Trd, 4318845.193, 101
Trd, 4318846.143, 102
Trd, 4318846.443, 132
Trd, 4318847.693, 95
Trd, 4318849.093, 128
Trd, 4318850.093, 140
Trd, 4318850.193, 138
Trd, 4318850.343, 136
Trd, 4318850.693, 140
Trd, 4318851.043, 139
Trd, 4318851.593, 94
Trd, 4318853.843, 126
Trd, 4318854.443, 130
Trd, 4318855.793, 107
Trd, 4318856.793, 109
Trd, 4318857.643, 131
Trd, 4318858.243, 126
Trd, 4318858.593, 102
Trd, 4318860.393, 62
Trd, 4318860.693, 83
Trd, 4318860.943, 85
Trd, 4318862.643, 66
Trd, 4318863.243, 138
Trd, 4318864.093, 110
Trd, 4318865.093, 113
Trd, 4318865.643, 113
Trd, 4318866.093, 112
Trd, 4318866.843, 139
Trd, 4318868.093, 140
Trd, 4318868.793, 140
Trd, 4318869.293, 140
Trd, 4318869.993, 140
Trd, 4318870.543, 139
Trd, 4318871.193, 130
Trd, 4318872.793, 139
Trd, 4318873.343, 136
Trd, 4318874.043, 126
Trd, 4318874.843, 98
Trd, 4318875.393, 88
Trd, 4318875.693, 90
Trd, 4318878.093, 107
Trd, 4318878.143, 118
Trd, 4318879.393, 100
Trd, 4318879.443, 96
Trd, 4318879.893, 122
Trd, 4318880.193, 90
Trd, 4318880.493, 88
Trd, 4318881.143, 83
Trd, 4318881.943, 78
Trd, 4318882.643, 79
Trd, 4318882.843, 93
Trd, 4318885.143, 82
Trd, 4318885.843, 95
Trd, 4318886.143, 110
Trd, 4318886.493, 79
Trd, 4318886.893, 81
Trd, 4318887.443, 80
Trd, 4318888.893, 100
Trd, 4318889.143, 101
Trd, 4318889.743, 72
Trd, 4318890.293, 89
Trd, 4318891.693, 124
Trd, 4318892.243, 121
Trd, 4318892.293, 116
Trd, 4318892.743, 91
Trd, 4318893.743, 132
Trd, 4318893.793, 91
Trd, 4318894.543, 80
Trd, 4318896.393, 74
Trd, 4318896.543, 109
Trd, 4318896.893, 132
Trd, 4318897.193, 104
Trd, 4318897.643, 84
Trd, 4318898.793, 127
Trd, 4318899.093, 125
Trd, 4318901.543, 62
Trd, 4318902.443, 64
Trd, 4318902.493, 65
Trd, 4318902.593, 104
Trd, 4318902.943, 63
Trd, 4318904.293, 80
Trd, 4318905.793, 97
Trd, 4318906.293, 99
Trd, 4318908.293, 116
Trd, 4318908.493, 115
Trd, 4318909.643, 116
Trd, 4318909.943, 108
Trd, 4318910.843, 96
Trd, 4318911.943, 87
Trd, 4318911.993, 86
Trd, 4318912.543, 94
Trd, 4318913.043, 84
Trd, 4318913.143, 95
Trd, 4318913.293, 83
Trd, 4318914.693, 79
Trd, 4318915.143, 60
Trd, 4318915.193, 106
Trd, 4318916.193, 100
Trd, 4318917.643, 78
Trd, 4318918.893, 83
Trd, 4318919.593, 60
Trd, 4318919.793, 62
Trd, 4318920.443, 63
Trd, 4318920.743, 127
Trd, 4318920.943, 81
Trd, 4318921.393, 63
Trd, 4318922.893, 133
Trd, 4318923.843, 129
Trd, 4318924.393, 127
Trd, 4318925.093, 120
Trd, 4318925.493, 129
Trd, 4318925.793, 113
Trd, 4318926.993, 99
Trd, 4318928.943, 140
Trd, 4318929.043, 140
Trd, 4318929.243, 139
Trd, 4318930.093, 140
Trd, 4318930.793, 140
Trd, 4318932.443, 122
Trd, 4318933.793, 140
Trd, 4318933.843, 139
Trd, 4318935.393, 121
Trd, 4318936.293, 113
Trd, 4318936.843, 105
Trd, 4318937.743, 94
Trd, 4318937.843, 91
Trd, 4318938.343, 62
Trd, 4318939.243, 124
Trd, 4318939.793, 122
Trd, 4318939.893, 121
Trd, 4318940.093, 79
Trd, 4318942.143, 124
Trd, 4318942.193, 132
Trd, 4318942.443, 110
Trd, 4318942.543, 78
Trd, 4318943.493, 110
Trd, 4318944.943, 115
Trd, 4318946.593, 133
Trd, 4318946.993, 119
Trd, 4318947.143, 139
Trd, 4318948.193, 121
Trd, 4318948.593, 133
Trd, 4318948.643, 120
Trd, 4318950.993, 105
Trd, 4318951.943, 110
Trd, 4318952.043, 111
Trd, 4318952.543, 110
Trd, 4318952.793, 116
Trd, 4318953.693, 108
Trd, 4318954.093, 133
Trd, 4318954.493, 99
Trd, 4318955.593, 124
Trd, 4318955.993, 70
Trd, 4318957.443, 97
Trd, 4318958.943, 114
Trd, 4318959.493, 135
Trd, 4318959.943, 134
Trd, 4318960.393, 127
Trd, 4318960.693, 120
Trd, 4318962.543, 130
Trd, 4318962.893, 125
Trd, 4318963.143, 124
Trd, 4318964.293, 130
Trd, 4318964.343, 112
Trd, 4318965.243, 101
Trd, 4318965.343, 88
Trd, 4318965.793, 113
Trd, 4318965.943, 90
Trd, 4318966.493, 87
Trd, 4318967.243, 80
Trd, 4318969.543, 60
Trd, 4318969.993, 63
Trd, 4318971.193, 135
Trd, 4318972.393, 135
Trd, 4318973.143, 134
Trd, 4318973.343, 133
Trd, 4318973.893, 117
Trd, 4318974.743, 87
Trd, 4318975.443, 140
Trd, 4318976.693, 140
Trd, 4318976.943, 129
Trd, 4318977.093, 128
Trd, 4318977.393, 103
Trd, 4318979.193, 117
Trd, 4318979.243, 110
Trd, 4318979.743, 108
Trd, 4318980.843, 107
Trd, 4318981.993, 109
Trd, 4318982.493, 86
Trd, 4318983.743, 138
Trd, 4318984.943, 91
Trd, 4318986.043, 82
Trd, 4318986.093, 77
Trd, 4318987.093, 132
Trd, 4318988.893, 138
Trd, 4318990.093, 139
Trd, 4318991.193, 129
Trd, 4318991.593, 136
Trd, 4318991.693, 120
Trd, 4318992.243, 109
Trd, 4318992.593, 128
Trd, 4318993.493, 108
Trd, 4318994.943, 135
Trd, 4318995.993, 133
Trd, 4318996.293, 113
Trd, 4318996.593, 96
Trd, 4318997.143, 101
Trd, 4318998.793, 116
Trd, 4319000.143, 123
Trd, 4319000.293, 111
Trd, 4319002.343, 125
Trd, 4319002.493, 108
Trd, 4319004.093, 99
Trd, 4319004.693, 95
Trd, 4319004.743, 94
Trd, 4319005.143, 78
Trd, 4319005.843, 79
Trd, 4319006.193, 90
Trd, 4319007.143, 94
Trd, 4319008.693, 112
Trd, 4319009.143, 75
Trd, 4319009.793, 89
Trd, 4319009.993, 96
Trd, 4319011.393, 89
Trd, 4319011.593, 99
Trd, 4319012.293, 138
Trd, 4319012.443, 87
Trd, 4319013.843, 61
Trd, 4319014.343, 61
Trd, 4319014.543, 77
Trd, 4319015.693, 93
Trd, 4319015.793, 92
Trd, 4319017.293, 129
Trd, 4319017.693, 128
Trd, 4319018.193, 118
Trd, 4319020.143, 78
Trd, 4319021.093, 81
Trd, 4319022.193, 75
Trd, 4319022.643, 76
Trd, 4319023.343, 99
Trd, 4319024.743, 115
Trd, 4319024.843, 99
Trd, 4319025.793, 73
Trd, 4319027.893, 88
Trd, 4319028.643, 120
Trd, 4319029.643, 122
Trd, 4319029.743, 116
Trd, 4319029.843, 113
Trd, 4319030.793, 137
Trd, 4319030.943, 124
Trd, 4319030.993, 116
Trd, 4319033.043, 122
Trd, 4319033.643, 130
Trd, 4319033.943, 111
Trd, 4319034.793, 126
Trd, 4319035.143, 119
Trd, 4319035.593, 114
Trd, 4319036.293, 79
Trd, 4319036.743, 112
Trd, 4319037.443, 119
Trd, 4319039.793, 124
Trd, 4319040.043, 126
Trd, 4319040.543, 125
Trd, 4319040.993, 124
Trd, 4319041.393, 120
Trd, 4319041.543, 116
Trd, 4319042.243, 130
Trd, 4319042.943, 107
Trd, 4319043.943, 61
Trd, 4319044.243, 64
Trd, 4319045.393, 95
Trd, 4319046.293, 97
Trd, 4319047.493, 63
Trd, 4319049.843, 61
Trd, 4319050.043, 80
Trd, 4319050.293, 74
Trd, 4319050.443, 72
Trd, 4319051.093, 64
Trd, 4319053.443, 130
Trd, 4319053.493, 113
Trd, 4319053.693, 110
Trd, 4319055.343, 115
Trd, 4319055.843, 84
Trd, 4319056.343, 81
Trd, 4319056.393, 79
Trd, 4319058.343, 101
Trd, 4319059.993, 124
Trd, 4319060.293, 123
Trd, 4319060.693, 115
Trd, 4319061.043, 113
Trd, 4319063.493, 135
Trd, 4319064.143, 135
Trd, 4319064.443, 136
Trd, 4319066.593, 140
Trd, 4319067.643, 140
Trd, 4319068.093, 130
Trd, 4319068.343, 130
Trd, 4319068.943, 138
Trd, 4319071.393, 128
Trd, 4319071.693, 127
Trd, 4319073.193, 124
Trd, 4319073.343, 116
Trd, 4319073.693, 78
Trd, 4319073.993, 66
Trd, 4319075.443, 134
Trd, 4319076.343, 124
Trd, 4319076.693, 113
Trd, 4319077.493, 115
Trd, 4319077.843, 109
Trd, 4319078.593, 100
Trd, 4319078.843, 118
Trd, 4319080.493, 128
Trd, 4319081.243, 133
Trd, 4319082.093, 129
Trd, 4319082.843, 60
Trd, 4319082.993, 61
Trd, 4319083.843, 63
Trd, 4319085.043, 63
Trd, 4319086.693, 78
Trd, 4319087.843, 104
Trd, 4319087.893, 102
Trd, 4319089.643, 130
Trd, 4319090.093, 139
Trd, 4319090.293, 128
Trd, 4319092.993, 129
Trd, 4319093.593, 128
Trd, 4319094.893, 125
Trd, 4319095.293, 124
Trd, 4319095.693, 106
Trd, 4319096.893, 111
Trd, 4319096.943, 98
Trd, 4319097.093, 97
Trd, 4319097.843, 132
Trd, 4319098.793, 64
Trd, 4319099.593, 63
Trd, 4319101.593, 60
Trd, 4319102.043, 74
Trd, 4319103.893, 70
Trd, 4319103.943, 74
Trd, 4319104.693, 103
Trd, 4319104.743, 102
Trd, 4319104.843, 97
Trd, 4319107.243, 80
Trd, 4319107.693, 92
Trd, 4319108.343, 125
Trd, 4319108.993, 124
Trd, 4319109.343, 116
Trd, 4319109.643, 79
Trd, 4319111.793, 86
Trd, 4319112.493, 90
Trd, 4319113.493, 120
Trd, 4319113.643, 119
Trd, 4319115.043, 132
Trd, 4319116.593, 130
Trd, 4319117.943, 124
Trd, 4319118.393, 124
Trd, 4319118.493, 122
Trd, 4319119.293, 136
Trd, 4319120.143, 101
Trd, 4319120.793, 83
Trd, 4319122.143, 82
Trd, 4319122.293, 113
Trd, 4319122.743, 100
Trd, 4319123.943, 114
Trd, 4319124.293, 112
Trd, 4319124.743, 137
Trd, 4319125.193, 112
Trd, 4319125.643, 89
Trd, 4319127.793, 128
Trd, 4319128.043, 117
Trd, 4319129.093, 120
Trd, 4319129.393, 119
Trd, 4319129.493, 113
Trd, 4319131.193, 137
Trd, 4319133.393, 140
Trd, 4319133.643, 140
Trd, 4319134.143, 140
Trd, 4319134.243, 102
Trd, 4319134.893, 102
Trd, 4319135.443, 90
Trd, 4319136.443, 119
Trd, 4319136.993, 136
Trd, 4319138.743, 137
Trd, 4319140.993, 136
Trd, 4319141.443, 135
Trd, 4319144.143, 116
Trd, 4319145.393, 133
Trd, 4319145.743, 130
Trd, 4319145.943, 129
Trd, 4319146.743, 112
Trd, 4319147.293, 132
Trd, 4319147.543, 108
Trd, 4319149.043, 101
Trd, 4319149.893, 101
Trd, 4319150.393, 100
Trd, 4319150.493, 71
Trd, 4319151.043, 69
Trd, 4319153.693, 61
Trd, 4319153.843, 65
Trd, 4319153.993, 66
Trd, 4319155.843, 140
Trd, 4319155.943, 140
Trd, 4319156.793, 100
Trd, 4319156.843, 86
Trd, 4319158.693, 129
Trd, 4319159.693, 123
Trd, 4319160.093, 119
Trd, 4319160.243, 118
Trd, 4319160.593, 136
Trd, 4319161.793, 127
Trd, 4319162.043, 139
Trd, 4319162.743, 121
Trd, 4319164.193, 114
Trd, 4319164.593, 113
Trd, 4319164.793, 110
Trd, 4319164.843, 94
Trd, 4319166.643, 102
Trd, 4319167.793, 116
Trd, 4319168.043, 100
Trd, 4319168.193, 99
Trd, 4319168.443, 120
Trd, 4319170.143, 136
Trd, 4319170.243, 135
Trd, 4319171.043, 122
Trd, 4319171.343, 73
Trd, 4319172.593, 61
Trd, 4319173.593, 137
Trd, 4319174.843, 136
Trd, 4319176.043, 129
Trd, 4319176.193, 123
Trd, 4319176.343, 116
Trd, 4319176.443, 70
Trd, 4319177.893, 97
Trd, 4319178.593, 96
Trd, 4319178.643, 93
Trd, 4319178.993, 76
Trd, 4319180.443, 139
Trd, 4319180.543, 137
Trd, 4319182.643, 87
Trd, 4319183.193, 87
Trd, 4319184.443, 100
Trd, 4319184.493, 99
Trd, 4319184.993, 105
Trd, 4319185.193, 92
Trd, 4319186.493, 124
Trd, 4319186.643, 95
Trd, 4319186.943, 71
Trd, 4319188.143, 68
Trd, 4319189.293, 88
Trd, 4319191.493, 130
Trd, 4319192.593, 112
Trd, 4319192.843, 109
Trd, 4319193.093, 109
Trd, 4319193.243, 108
Trd, 4319195.293, 106
Trd, 4319195.693, 87
Trd, 4319196.893, 84
Trd, 4319197.593, 110
Trd, 4319198.143, 110
Trd, 4319198.943, 116
Trd, 4319198.993, 115
Trd, 4319199.943, 126
Trd, 4319201.093, 134
Trd, 4319201.543, 130
Trd, 4319202.143, 125
Trd, 4319202.993, 109
Trd, 4319204.343, 138
Trd, 4319204.893, 118
Trd, 4319205.543, 130
Trd, 4319205.993, 129
Trd, 4319207.643, 130
Trd, 4319208.243, 108
Trd, 4319208.343, 107
Trd, 4319209.443, 133
Trd, 4319209.743, 102
Trd, 4319209.993, 102
Trd, 4319211.843, 107
Trd, 4319212.293, 139
Trd, 4319213.893, 140
Trd, 4319214.543, 138
Trd, 4319214.843, 138
Trd, 4319215.193, 124
Trd, 4319216.393, 115
Trd, 4319217.343, 110
Trd, 4319217.993, 106
Trd, 4319218.993, 105
Trd, 4319219.793, 107
Trd, 4319219.893, 99
Trd, 4319221.493, 114
Trd, 4319222.193, 114
Trd, 4319223.043, 134
Trd, 4319223.743, 122
Trd, 4319223.893, 122
Trd, 4319224.343, 136
Trd, 4319224.793, 106
Trd, 4319225.493, 123
Trd, 4319226.143, 105
Trd, 4319226.243, 104
Trd, 4319226.693, 78
Trd, 4319227.043, 99
Trd, 4319228.443, 106
Trd, 4319231.493, 134
Trd, 4319231.743, 125
Trd, 4319231.843, 123
Trd, 4319233.543, 140
Trd, 4319233.593, 117
Trd, 4319234.643, 132
Trd, 4319235.293, 133
Trd, 4319236.543, 134
Trd, 4319236.843, 133
Trd, 4319237.343, 130
Trd, 4319237.643, 122
Trd, 4319238.843, 120
Trd, 4319239.693, 138
Trd, 4319240.543, 124
Trd, 4319240.593, 118
Trd, 4319241.543, 115
Trd, 4319243.193, 136
Trd, 4319243.243, 126
Trd, 4319243.493, 65
Trd, 4319244.993, 130
Trd, 4319245.243, 98
Trd, 4319245.693, 118
Trd, 4319246.443, 128
Trd, 4319246.893, 99
Trd, 4319247.743, 93
Trd, 4319247.843, 89
Trd, 4319248.643, 99
Trd, 4319250.393, 140
Trd, 4319250.493, 136
Trd, 4319252.043, 133
Trd, 4319252.093, 125
Trd, 4319252.843, 102
Trd, 4319253.943, 82
Trd, 4319253.993, 98
Trd, 4319254.293, 104
Trd, 4319254.593, 81
Trd, 4319255.343, 76
Trd, 4319255.843, 111
Trd, 4319258.843, 109
Trd, 4319260.343, 138
Trd, 4319260.393, 136
Trd, 4319260.693, 123
Trd, 4319261.093, 73
Trd, 4319261.193, 69
Trd, 4319261.893, 108
Trd, 4319263.193, 94
Trd, 4319264.293, 66
Trd, 4319264.493, 69
Trd, 4319264.793, 104
Trd, 4319266.393, 131
Trd, 4319267.393, 135
Trd, 4319267.693, 134
Trd, 4319267.793, 133
Trd, 4319269.143, 105
Trd, 4319269.643, 138
Trd, 4319271.343, 140
Trd, 4319272.993, 127
Trd, 4319273.243, 119
Trd, 4319274.093, 69
Trd, 4319275.193, 123
Trd, 4319276.343, 125
Trd, 4319276.843, 123
Trd, 4319276.893, 117
Trd, 4319277.643, 127
Trd, 4319279.743, 129
Trd, 4319279.943, 138
Trd, 4319281.043, 134
Trd, 4319281.443, 118
Trd, 4319282.243, 131
Trd, 4319282.743, 117
Trd, 4319283.993, 134
Trd, 4319284.243, 117
Trd, 4319284.393, 134
Trd, 4319285.193, 104
Trd, 4319287.793, 132
Trd, 4319287.993, 102
Trd, 4319288.243, 90
Trd, 4319288.743, 81
Trd, 4319291.443, 60
Trd, 4319292.843, 60
Trd, 4319292.993, 61
Trd, 4319294.043, 108
Trd, 4319294.193, 107
Trd, 4319294.393, 106
Trd, 4319295.143, 93
Trd, 4319295.943, 87
Trd, 4319296.993, 139
Trd, 4319297.493, 139
Trd, 4319298.443, 138
Trd, 4319299.793, 110
Trd, 4319300.793, 111
Trd, 4319301.143, 97
Trd, 4319301.343, 91
Trd, 4319301.893, 129
Trd, 4319302.393, 93
Trd, 4319302.993, 114
Trd, 4319303.343, 87
Trd, 4319304.243, 76
Trd, 4319305.743, 66
Trd, 4319306.743, 77
Trd, 4319307.443, 114
Trd, 4319307.793, 119
Trd, 4319308.293, 120
Trd, 4319308.393, 118
Trd, 4319309.843, 60
Trd, 4319311.643, 105
Trd, 4319312.093, 116
Trd, 4319312.443, 118
Trd, 4319312.743, 118
Trd, 4319313.493, 100
Trd, 4319313.643, 94
Trd, 4319314.193, 97
Trd, 4319315.093, 64
Trd, 4319316.593, 84
Trd, 4319316.993, 120
Trd, 4319318.943, 139
Trd, 4319319.893, 131
Trd, 4319320.543, 134
Trd, 4319320.593, 132
Trd, 4319323.193, 134
Trd, 4319323.243, 126
Trd, 4319323.793, 126
Trd, 4319323.993, 67
Trd, 4319324.443, 64
Trd, 4319325.793, 77
Trd, 4319326.543, 62
Trd, 4319327.243, 100
Trd, 4319327.443, 87
Trd, 4319327.643, 87
Trd, 4319328.143, 86
Trd, 4319329.743, 124
Trd, 4319330.143, 106
Trd, 4319330.343, 99
Trd, 4319331.093, 129
Trd, 4319331.593, 140
Trd, 4319333.093, 99
Trd, 4319333.593, 95
Trd, 4319334.693, 97
Trd, 4319335.493, 92
Trd, 4319336.293, 99
Trd, 4319336.593, 88
Trd, 4319337.593, 90
Trd, 4319338.043, 89
Trd, 4319338.343, 89
Trd, 4319338.693, 87
Trd, 4319339.943, 108
Trd, 4319342.193, 127
Trd, 4319342.393, 130
Trd, 4319342.643, 109
Trd, 4319343.443, 130
Trd, 4319343.493, 106
Trd, 4319343.743, 103
Trd, 4319344.543, 101
Trd, 4319347.093, 119
Trd, 4319347.593, 132
Trd, 4319348.093, 119
Trd, 4319348.543, 72
Trd, 4319350.093, 77
Trd, 4319351.293, 108
Trd, 4319351.393, 90
Trd, 4319352.643, 133
Trd, 4319352.743, 132
Trd, 4319353.443, 130
Trd, 4319353.643, 129
Trd, 4319354.343, 124
Trd, 4319354.543, 121
Trd, 4319355.593, 126
Trd, 4319356.043, 121
Trd, 4319356.343, 120
Trd, 4319357.043, 125
Trd, 4319357.193, 132
Trd, 4319358.243, 137
Trd, 4319359.743, 133
Trd, 4319360.643, 127
Trd, 4319360.793, 126
Trd, 4319362.343, 114
Trd, 4319362.693, 117
Trd, 4319363.743, 140
Trd, 4319363.893, 140
Trd, 4319364.893, 140
Trd, 4319366.593, 134
Trd, 4319367.143, 108
Trd, 4319367.443, 102
Trd, 4319367.893, 134
Trd, 4319369.043, 80
Trd, 4319369.493, 61
Trd, 4319372.043, 60
Trd, 4319372.643, 60
Trd, 4319372.693, 64
Trd, 4319373.743, 61
Trd, 4319374.143, 60
Trd, 4319375.493, 73
Trd, 4319376.143, 83
Trd, 4319376.393, 102
Trd, 4319376.793, 99
Trd, 4319377.493, 101
Trd, 4319377.893, 81
Trd, 4319378.493, 76
Trd, 4319379.193, 76
Trd, 4319379.293, 72
Trd, 4319380.293, 122
Trd, 4319381.743, 61
Trd, 4319381.893, 101
Trd, 4319382.343, 119
Trd, 4319385.643, 70
Trd, 4319386.443, 67
Trd, 4319386.893, 99
Trd, 4319386.993, 99
Trd, 4319387.243, 98
Trd, 4319388.093, 68
Trd, 4319388.893, 129
Trd, 4319389.143, 100
Trd, 4319390.193, 116
Trd, 4319390.943, 65
Trd, 4319391.693, 60
Trd, 4319391.893, 64
Trd, 4319392.793, 63
Trd, 4319394.193, 64
Trd, 4319395.743, 70
Trd, 4319396.043, 67
Trd, 4319396.243, 66
Trd, 4319397.093, 132
Trd, 4319397.343, 97
Trd, 4319398.793, 114
Trd, 4319400.343, 139
Trd, 4319401.643, 140
Trd, 4319402.393, 139
Trd, 4319403.943, 120
Trd, 4319404.193, 139
Trd, 4319404.493, 106
Trd, 4319405.193, 106
Trd, 4319405.993, 125
Trd, 4319406.843, 124
Trd, 4319407.743, 136
Trd, 4319408.793, 130
Trd, 4319409.393, 125
Trd, 4319409.993, 117
Trd, 4319411.593, 125
Trd, 4319412.593, 125
Trd, 4319413.093, 111
Trd, 4319413.743, 112
Trd, 4319414.343, 76
Trd, 4319415.393, 131
Trd, 4319415.443, 129
Trd, 4319415.843, 93
Trd, 4319418.143, 132
Trd, 4319418.243, 131
Trd, 4319418.643, 124
Trd, 4319419.393, 123
Trd, 4319419.593, 122
Trd, 4319420.693, 90
Trd, 4319420.743, 92
Trd, 4319421.443, 72
Trd, 4319422.793, 131
Trd, 4319423.243, 114
Trd, 4319424.143, 135
Trd, 4319424.343, 60
Trd, 4319426.443, 61
Trd, 4319426.743, 66
Trd, 4319428.393, 113
Trd, 4319428.693, 118
Trd, 4319429.293, 85
Trd, 4319429.443, 72
Trd, 4319429.893, 70
Trd, 4319430.793, 60
Trd, 4319431.593, 76
Trd, 4319432.393, 112
Trd, 4319432.843, 124
Trd, 4319433.343, 80
Trd, 4319434.243, 79
Trd, 4319436.043, 83
Trd, 4319437.393, 136
Trd, 4319438.093, 135
Trd, 4319439.293, 133
Trd, 4319439.443, 128
Trd, 4319439.793, 60
Trd, 4319441.593, 96
Trd, 4319442.193, 91
Trd, 4319442.493, 91
Trd, 4319444.093, 125
Trd, 4319444.143, 108
Trd, 4319445.543, 121
Trd, 4319447.343, 110
Trd, 4319447.443, 108
Trd, 4319447.593, 102
Trd, 4319449.093, 139
Trd, 4319449.493, 130
Trd, 4319449.743, 127
Trd, 4319452.443, 121
Trd, 4319453.743, 112
Trd, 4319454.043, 111
Trd, 4319454.243, 107
Trd, 4319455.293, 133
Trd, 4319455.793, 132
Trd, 4319456.193, 115
Trd, 4319459.643, 140
Trd, 4319459.793, 140
Trd, 4319459.843, 130
Trd, 4319460.993, 131
Trd, 4319461.043, 120
Trd, 4319461.393, 94
Trd, 4319462.293, 111
Trd, 4319462.993, 110
Trd, 4319464.043, 107
Trd, 4319465.243, 111
Trd, 4319465.643, 110
Trd, 4319465.793, 109
Trd, 4319466.143, 72
Trd, 4319467.093, 72
Trd, 4319467.743, 75
Trd, 4319468.743, 139
Trd, 4319469.143, 132
Trd, 4319469.293, 131
Trd, 4319469.593, 128
Trd, 4319470.893, 98
Trd, 4319472.093, 85
Trd, 4319472.293, 84
Trd, 4319472.343, 112
Trd, 4319472.743, 66
Trd, 4319473.993, 132
Trd, 4319475.443, 134
Trd, 4319475.793, 113
Trd, 4319477.543, 118
Trd, 4319477.843, 104
Trd, 4319478.643, 127
Trd, 4319479.343, 85
Trd, 4319479.843, 105
Trd, 4319480.093, 84
Trd, 4319481.093, 125
Trd, 4319481.343, 124
Trd, 4319483.193, 132
Trd, 4319484.743, 132
Trd, 4319484.843, 131
Trd, 4319485.593, 131
Trd, 4319485.743, 123
Trd, 4319486.443, 136
Trd, 4319487.943, 137
Trd, 4319488.043, 80
Trd, 4319488.843, 114
Trd, 4319489.143, 110
Trd, 4319489.293, 82
Trd, 4319489.643, 115
Trd, 4319490.293, 66
Trd, 4319490.493, 118
Trd, 4319492.343, 65
Trd, 4319493.443, 61
Trd, 4319495.243, 115
Trd, 4319495.393, 109
Trd, 4319495.943, 107
Trd, 4319496.243, 106
Trd, 4319497.093, 76
Trd, 4319497.143, 78
Trd, 4319497.643, 67
Trd, 4319498.343, 137
Trd, 4319498.593, 104
Trd, 4319499.793, 65
Trd, 4319500.293, 134
Trd, 4319503.693, 140
Trd, 4319503.793, 139
Trd, 4319503.843, 132
Trd, 4319504.093, 130
Trd, 4319504.193, 129
Trd, 4319506.743, 113
Trd, 4319507.393, 99
Trd, 4319507.543, 104
Trd, 4319508.643, 105
Trd, 4319510.093, 135
Trd, 4319510.343, 134
Trd, 4319510.943, 138
Trd, 4319513.443, 134
Trd, 4319514.093, 135
Trd, 4319514.393, 134
Trd, 4319514.493, 128
Trd, 4319514.793, 125
Trd, 4319515.043, 133
Trd, 4319515.993, 107
Trd, 4319517.243, 106
Trd, 4319518.843, 109
Trd, 4319519.343, 89
Trd, 4319519.393, 114
Trd, 4319519.643, 67
Trd, 4319521.793, 62
Trd, 4319521.893, 83
Trd, 4319522.793, 66
Trd, 4319524.393, 62
Trd, 4319525.243, 63
Trd, 4319525.593, 69
Trd, 4319526.543, 67
Trd, 4319526.793, 96
Trd, 4319527.743, 62
Trd, 4319528.793, 82
Trd, 4319529.893, 75
Trd, 4319531.243, 81
Trd, 4319531.393, 83
Trd, 4319531.843, 78
Trd, 4319532.443, 87
Trd, 4319533.243, 122
Trd, 4319533.443, 120
Trd, 4319533.493, 113
Trd, 4319533.793, 85
Trd, 4319535.193, 99
Trd, 4319535.843, 98
Trd, 4319537.343, 101
Trd, 4319537.443, 100
Trd, 4319538.893, 96
Trd, 4319539.293, 129
Trd, 4319540.493, 104
Trd, 4319542.993, 118
Trd, 4319543.093, 123
Trd, 4319543.243, 115
Trd, 4319545.243, 138
Trd, 4319546.093, 138
Trd, 4319546.143, 135
Trd, 4319546.443, 129
Trd, 4319548.493, 98
Trd, 4319548.693, 97
Trd, 4319549.493, 105
Trd, 4319550.393, 86
Trd, 4319550.693, 76
Trd, 4319552.393, 130
Trd, 4319553.893, 126
Trd, 4319554.893, 127
Trd, 4319555.793, 134
Trd, 4319556.343, 134
Trd, 4319557.043, 117
Trd, 4319558.543, 119
Trd, 4319558.643, 116
Trd, 4319559.543, 125
Trd, 4319559.843, 129
Trd, 4319561.093, 122
Trd, 4319561.143, 120
Trd, 4319561.793, 119
Trd, 4319563.293, 123
Trd, 4319563.993, 115
Trd, 4319564.443, 122
Trd, 4319565.293, 105
Trd, 4319566.193, 89
Trd, 4319566.343, 88
Trd, 4319567.193, 95
Trd, 4319567.393, 90
Trd, 4319567.793, 111
Trd, 4319568.343, 97
Trd, 4319568.643, 127
Trd, 4319569.043, 76
Trd, 4319570.993, 130
Trd, 4319571.993, 93
Trd, 4319572.843, 86
Trd, 4319573.643, 140
Trd, 4319574.293, 140
Trd, 4319575.193, 134
Trd, 4319576.143, 117
Trd, 4319577.343, 105
Trd, 4319577.493, 103
Trd, 4319578.693, 102
Trd, 4319580.093, 131
Trd, 4319580.143, 130
Trd, 4319580.893, 126
Trd, 4319581.193, 124
Trd, 4319581.993, 136
Trd, 4319582.793, 135
Trd, 4319582.843, 126
Trd, 4319583.943, 72
Trd, 4319585.043, 139
Trd, 4319585.943, 108
Trd, 4319586.893, 118
Trd, 4319588.643, 120
Trd, 4319588.743, 119
Trd, 4319588.943, 136
Trd, 4319589.943, 117
Trd, 4319591.443, 133
Trd, 4319591.693, 126
Trd, 4319591.843, 117
Trd, 4319592.343, 138
Trd, 4319592.393, 111
Trd, 4319592.643, 62
Trd, 4319594.943, 92
Trd, 4319595.593, 124
Trd, 4319597.543, 101
Trd, 4319598.693, 109
Trd, 4319598.993, 102
Trd, 4319599.943, 133
Trd, 4319600.793, 105
Trd, 4319601.593, 95
Trd, 4319602.143, 62
Trd, 4319602.243, 63
Trd, 4319602.993, 86
Trd, 4319603.393, 97
Trd, 4319604.643, 109
Trd, 4319605.093, 124
Trd, 4319605.593, 119
Trd, 4319607.943, 124
Trd, 4319608.393, 124
Trd, 4319608.643, 123
Trd, 4319608.743, 116
Trd, 4319609.243, 132
Trd, 4319609.693, 128
Trd, 4319610.193, 127
Trd, 4319610.643, 62
Trd, 4319611.043, 116
Trd, 4319612.843, 130
Trd, 4319613.043, 137
Trd, 4319614.143, 134
Trd, 4319614.493, 119
Trd, 4319615.293, 122
Trd, 4319616.143, 85
Trd, 4319616.943, 107
Trd, 4319617.243, 91
Trd, 4319618.943, 125
Trd, 4319620.093, 111
Trd, 4319620.793, 94
Trd, 4319622.543, 139
Trd, 4319622.943, 140
Trd, 4319623.043, 138
Trd, 4319623.343, 131
Trd, 4319623.843, 96
Trd, 4319627.343, 138
Trd, 4319627.693, 116
Trd, 4319627.993, 134
Trd, 4319628.493, 115
Trd, 4319629.043, 106
Trd, 4319629.493, 95
Trd, 4319630.293, 77
Trd, 4319630.643, 137
Trd, 4319631.443, 70
Trd, 4319631.543, 71
Trd, 4319631.893, 64
Trd, 4319632.893, 72
Trd, 4319634.643, 129
Trd, 4319635.393, 138
Trd, 4319635.993, 82
Trd, 4319636.293, 81
Trd, 4319636.343, 78
Trd, 4319640.343, 87
Trd, 4319640.393, 78
Trd, 4319640.893, 88
Trd, 4319641.993, 105
Trd, 4319642.193, 78
Trd, 4319642.593, 113
Trd, 4319643.293, 119
Trd, 4319643.943, 112
Trd, 4319644.143, 103
Trd, 4319645.143, 131
Trd, 4319645.243, 115
Trd, 4319646.143, 98
Trd, 4319647.393, 137
Trd, 4319647.593, 128
Trd, 4319648.843, 128
Trd, 4319649.943, 73
Trd, 4319650.093, 66
Trd, 4319650.343, 91
Trd, 4319651.893, 89
Trd, 4319652.743, 91
Trd, 4319653.893, 111
Trd, 4319654.043, 112
Trd, 4319654.593, 140
Trd, 4319655.793, 140
Trd, 4319658.043, 140
Trd, 4319658.093, 134
Trd, 4319658.493, 125
Trd, 4319658.793, 122
Trd, 4319658.843, 97
Trd, 4319659.493, 139
Trd, 4319660.493, 89
Trd, 4319661.993, 82
Trd, 4319663.293, 70
Trd, 4319663.593, 76
Trd, 4319664.693, 93
Trd, 4319665.343, 81
Trd, 4319665.843, 72
Trd, 4319668.343, 136
Trd, 4319668.893, 131
Trd, 4319669.243, 129
Trd, 4319669.993, 119
Trd, 4319672.143, 130
Trd, 4319672.193, 122
Trd, 4319672.843, 122
Trd, 4319672.993, 121
Trd, 4319675.293, 119
Trd, 4319676.143, 118
Trd, 4319677.143, 95
Trd, 4319677.993, 100
Trd, 4319678.393, 89
Trd, 4319678.593, 88
Trd, 4319679.243, 88
Trd, 4319679.343, 91
Trd, 4319680.343, 96
Trd, 4319680.943, 82
Trd, 4319681.393, 60
Trd, 4319682.243, 64
Trd, 4319683.243, 100
Trd, 4319683.593, 84
Trd, 4319684.393, 102
Trd, 4319684.893, 113
Trd, 4319686.893, 90
Trd, 4319687.093, 82
Trd, 4319688.443, 118
Trd, 4319688.593, 83
Trd, 4319689.793, 60
Trd, 4319689.993, 60
Trd, 4319690.043, 92
Trd, 4319690.643, 124
Trd, 4319690.693, 123
Trd, 4319691.693, 62
Trd, 4319692.243, 100
Trd, 4319693.943, 60
Trd, 4319694.693, 60
Trd, 4319696.043, 122
Trd, 4319697.043, 115
Trd, 4319698.693, 63
Trd, 4319698.893, 80
Trd, 4319699.643, 75
Trd, 4319700.443, 106
Trd, 4319701.243, 107
Trd, 4319701.293, 105
Trd, 4319702.193, 119
Trd, 4319702.943, 119
Trd, 4319703.343, 113
Trd, 4319703.693, 91
Trd, 4319705.643, 112
Trd, 4319705.843, 113
Trd, 4319706.193, 65
Trd, 4319706.943, 60
Trd, 4319708.793, 129
Trd, 4319709.693, 138
Trd, 4319711.093, 130
Trd, 4319711.343, 135
Trd, 4319711.893, 130
Trd, 4319712.793, 124
Trd, 4319714.643, 137
Trd, 4319714.843, 113
Trd, 4319715.143, 126
Trd, 4319715.743, 119
Trd, 4319716.943, 139
Trd, 4319717.143, 137
Trd, 4319718.693, 84
Trd, 4319718.993, 62
Trd, 4319719.043, 111
Trd, 4319719.593, 76
Trd, 4319721.143, 118
Trd, 4319721.643, 113
Trd, 4319721.693, 106
Trd, 4319721.993, 74
Trd, 4319723.343, 114
Trd, 4319725.143, 128
Trd, 4319726.093, 121
Trd, 4319726.343, 120
Trd, 4319726.843, 113
Trd, 4319727.043, 126
Trd, 4319727.143, 102
Trd, 4319729.243, 117
Trd, 4319729.293, 116
Trd, 4319729.943, 111
Trd, 4319730.793, 111
Trd, 4319730.993, 117
Trd, 4319732.243, 122
Trd, 4319732.643, 109
Trd, 4319734.093, 129
Trd, 4319734.193, 97
Trd, 4319734.393, 127
Trd, 4319735.543, 118
Trd, 4319736.493, 60
Trd, 4319737.343, 94
Trd, 4319737.893, 114
Trd, 4319739.143, 90
Trd, 4319739.443, 84
Trd, 4319740.593, 70
Trd, 4319740.643, 71
Trd, 4319740.943, 98
Trd, 4319741.693, 86
Trd, 4319742.143, 78
Trd, 4319742.343, 126
Trd, 4319743.193, 116
Trd, 4319744.093, 71
Trd, 4319745.443, 61
Trd, 4319746.343, 87
Trd, 4319747.343, 112
Trd, 4319747.793, 106
Trd, 4319748.193, 130
Trd, 4319748.943, 131
Trd, 4319749.793, 72
Trd, 4319750.543, 80
Trd, 4319751.793, 126
Trd, 4319753.643, 126
Trd, 4319753.893, 126
Trd, 4319754.843, 140
Trd, 4319756.143, 134
Trd, 4319756.343, 129
Trd, 4319756.443, 125
Trd, 4319758.143, 112
Trd, 4319758.643, 130
Trd, 4319758.693, 105
Trd, 4319759.143, 134
Trd, 4319759.943, 113
Trd, 4319761.343, 116
Trd, 4319761.493, 109
Trd, 4319762.193, 79
Trd, 4319763.043, 61
Trd, 4319763.293, 62
Trd, 4319764.643, 68
Trd, 4319764.743, 126
Trd, 4319764.993, 68
Trd, 4319766.293, 123
Trd, 4319767.393, 127
Trd, 4319769.493, 115
Trd, 4319770.093, 126
Trd, 4319771.443, 129
Trd, 4319771.943, 129
Trd, 4319772.593, 126
Trd, 4319773.843, 111
Trd, 4319775.043, 120
Trd, 4319775.893, 119
Trd, 4319776.093, 106
Trd, 4319776.543, 71
Trd, 4319777.743, 60
Trd, 4319778.193, 61
Trd, 4319778.393, 63
Trd, 4319779.393, 64
Trd, 4319780.193, 65
Trd, 4319780.543, 70
Trd, 4319782.043, 78
Trd, 4319782.743, 78
Trd, 4319785.143, 67
Trd, 4319785.193, 89
Trd, 4319785.293, 116
Trd, 4319786.343, 124
Trd, 4319786.493, 123
Trd, 4319787.393, 124
Trd, 4319788.343, 115
Trd, 4319788.843, 103
Trd, 4319789.393, 111
Trd, 4319789.843, 123
Trd, 4319791.293, 84
Trd, 4319791.593, 85
Trd, 4319791.793, 85
Trd, 4319792.343, 110
Trd, 4319792.493, 96
Trd, 4319792.943, 84
Trd, 4319793.243, 82
Trd, 4319795.293, 98
Trd, 4319795.593, 97
Trd, 4319796.443, 63
Trd, 4319796.693, 119
Trd, 4319798.193, 111
Trd, 4319798.943, 71
Trd, 4319799.793, 64
Trd, 4319800.893, 93
Trd, 4319802.193, 75
Trd, 4319803.143, 109
Trd, 4319804.393, 105
Trd, 4319804.493, 104
Trd, 4319804.793, 86
Trd, 4319805.143, 73
Trd, 4319806.843, 102
Trd, 4319807.143, 90
Trd, 4319808.493, 140
Trd, 4319808.893, 139
Trd, 4319809.793, 116
Trd, 4319810.593, 135
Trd, 4319811.543, 104
Trd, 4319811.593, 85
Trd, 4319812.943, 95
Trd, 4319813.743, 136
Trd, 4319814.893, 129
Trd, 4319815.743, 132
Trd, 4319816.043, 131
Trd, 4319816.493, 137
Trd, 4319817.293, 126
Trd, 4319818.093, 118
Trd, 4319818.993, 105
Trd, 4319819.743, 77
Trd, 4319820.743, 134
Trd, 4319821.193, 69
Trd, 4319822.043, 71
Trd, 4319822.643, 71
Trd, 4319822.893, 61
Trd, 4319823.693, 96
Trd, 4319824.443, 96
Trd, 4319824.843, 80
Trd, 4319826.693, 119
Trd, 4319826.843, 82
Trd, 4319828.393, 123
Trd, 4319828.543, 106
Trd, 4319828.993, 108
Trd, 4319829.093, 105
Trd, 4319830.793, 135
Trd, 4319832.193, 129
Trd, 4319833.593, 140
Trd, 4319834.093, 140
Trd, 4319834.593, 139
Trd, 4319834.743, 136
Trd, 4319836.793, 115
Trd, 4319836.993, 95
Trd, 4319837.393, 82
Trd, 4319837.743, 78
Trd, 4319837.843, 77
Trd, 4319838.443, 60
Trd, 4319840.893, 123
Trd, 4319841.693, 126
Trd, 4319842.193, 125
Trd, 4319842.243, 122
Trd, 4319842.393, 114
Trd, 4319843.543, 116
Trd, 4319844.193, 113
Trd, 4319845.593, 129
Trd, 4319845.693, 115
Trd, 4319846.393, 108
Trd, 4319846.943, 97
Trd, 4319847.293, 96
Trd, 4319847.693, 106
Trd, 4319848.543, 98
Trd, 4319849.943, 80
Trd, 4319850.993, 66
Trd, 4319851.143, 67
Trd, 4319852.593, 67
Trd, 4319852.943, 70
Trd, 4319853.193, 70
Trd, 4319854.043, 91
Trd, 4319854.543, 91
Trd, 4319855.593, 140
Trd, 4319855.643, 140
Trd, 4319857.643, 140
Trd, 4319857.743, 134
Trd, 4319857.893, 130
Trd, 4319857.993, 110
Trd, 4319858.043, 91
Trd, 4319859.093, 140
Trd, 4319860.443, 140
Trd, 4319860.593, 92
Trd, 4319861.443, 77
Trd, 4319861.843, 100
Trd, 4319862.843, 113
Trd, 4319863.643, 114
Trd, 4319864.793, 105
Trd, 4319864.893, 99
Trd, 4319865.793, 140
Trd, 4319866.993, 136
Trd, 4319867.843, 133
Trd, 4319868.643, 129
Trd, 4319868.793, 128
Trd, 4319869.893, 81
Trd, 4319871.543, 134
Trd, 4319871.643, 132
Trd, 4319871.693, 93
Trd, 4319872.143, 112
Trd, 4319872.343, 111
Trd, 4319872.393, 104
Trd, 4319873.543, 60
Trd, 4319874.993, 60
Trd, 4319875.293, 66
Trd, 4319876.943, 67
Trd, 4319877.343, 67
Trd, 4319878.143, 69
Trd, 4319878.893, 108
Trd, 4319879.043, 76
Trd, 4319880.343, 75
Trd, 4319881.343, 117
Trd, 4319881.493, 116
Trd, 4319882.143, 91
Trd, 4319882.643, 99
Trd, 4319883.893, 124
Trd, 4319884.593, 107
Trd, 4319884.793, 126
Trd, 4319886.493, 131
Trd, 4319886.793, 128
Trd, 4319888.293, 131
Trd, 4319888.743, 130
Trd, 4319890.093, 122
Trd, 4319890.193, 95
Trd, 4319891.693, 121
Trd, 4319892.193, 129
Trd, 4319892.743, 121
Trd, 4319893.093, 120
Trd, 4319893.843, 120
Trd, 4319894.043, 108
Trd, 4319895.893, 100
Trd, 4319896.293, 98
Trd, 4319896.343, 122
Trd, 4319897.893, 94
Trd, 4319898.143, 85
Trd, 4319898.793, 115
Trd, 4319899.593, 134
Trd, 4319899.693, 133
Trd, 4319899.993, 126
Trd, 4319901.193, 98
Trd, 4319903.893, 103
Trd, 4319904.443, 126
Trd, 4319904.493, 91
Trd, 4319904.543, 90
Trd, 4319905.143, 116
Trd, 4319906.793, 118
Trd, 4319907.443, 116
Trd, 4319907.643, 111
Trd, 4319909.643, 123
Trd, 4319910.793, 113
Trd, 4319910.843, 97
Trd, 4319911.243, 73
Trd, 4319912.943, 71
Trd, 4319913.993, 71
Trd, 4319914.343, 72
Trd, 4319914.443, 72
Trd, 4319915.743, 67
Trd, 4319916.493, 96
Trd, 4319917.243, 140
Trd, 4319917.343, 139
Trd, 4319918.043, 138
Trd, 4319918.243, 130
Trd, 4319918.593, 134
Trd, 4319919.893, 129
Trd, 4319920.493, 129
Trd, 4319921.743, 126
Trd, 4319921.793, 125
Trd, 4319922.093, 119
Trd, 4319922.843, 80
Trd, 4319923.043, 88
Trd, 4319923.843, 115
Trd, 4319924.593, 130
Trd, 4319925.893, 80
Trd, 4319926.693, 107
Trd, 4319927.043, 116
Trd, 4319929.043, 118
Trd, 4319929.843, 92
Trd, 4319930.443, 138
Trd, 4319930.543, 78
Trd, 4319932.393, 73
Trd, 4319932.893, 72
Trd, 4319932.993, 93
Trd, 4319933.793, 102
Trd, 4319934.593, 119
Trd, 4319936.793, 93
Trd, 4319937.843, 61
Trd, 4319938.193, 63
Trd, 4319938.343, 70
Trd, 4319940.293, 133
Trd, 4319942.093, 125
Trd, 4319942.293, 124
Trd, 4319942.693, 122
Trd, 4319943.243, 121
Trd, 4319944.143, 103
Trd, 4319944.993, 128
Trd, 4319945.493, 123
Trd, 4319946.393, 114
Trd, 4319947.393, 137
Trd, 4319947.793, 109
Trd, 4319948.893, 130
Trd, 4319950.043, 106
Trd, 4319950.343, 105
Trd, 4319950.643, 106
Trd, 4319951.543, 107
Trd, 4319951.643, 98
Trd, 4319951.943, 105
Trd, 4319952.393, 123
Trd, 4319953.993, 95
Trd, 4319955.343, 73
Trd, 4319955.643, 97
Trd, 4319956.793, 101
Trd, 4319957.343, 139
Trd, 4319958.443, 138
Trd, 4319958.843, 137
Trd, 4319959.543, 131
Trd, 4319960.243, 130
Trd, 4319962.443, 137
Trd, 4319962.893, 138
Trd, 4319963.743, 137
Trd, 4319963.893, 128
Trd, 4319964.593, 102
Trd, 4319965.293, 134
Trd, 4319966.643, 98
Trd, 4319967.593, 81
Trd, 4319968.943, 111
Trd, 4319969.193, 99
Trd, 4319970.343, 99
Trd, 4319971.143, 99
Trd, 4319972.693, 99
Trd, 4319972.793, 112
Trd, 4319973.093, 98
Trd, 4319974.143, 135
Trd, 4319974.543, 103
Trd, 4319975.343, 91
Trd, 4319976.893, 129
Trd, 4319977.393, 134
Trd, 4319977.493, 130
Trd, 4319978.143, 128
Trd, 4319978.693, 108
Trd, 4319978.743, 101
Trd, 4319980.943, 97
Trd, 4319981.193, 122
Trd, 4319983.543, 101
Trd, 4319984.593, 123
Trd, 4319984.693, 122
Trd, 4319984.843, 121
Trd, 4319985.143, 121
Trd, 4319985.343, 135
Trd, 4319985.993, 91
Trd, 4319986.693, 140
Trd, 4319986.993, 140
Trd, 4319987.443, 130
Trd, 4319987.643, 110
Trd, 4319988.243, 123
Trd, 4319989.443, 128
Trd, 4319990.343, 137
Trd, 4319992.043, 111
Trd, 4319992.143, 109
Trd, 4319992.493, 109
Trd, 4319993.743, 120
Trd, 4319995.193, 113
Trd, 4319995.293, 112
Trd, 4319995.643, 112
Trd, 4319996.443, 109
Trd, 4319996.793, 100
Trd, 4319997.643, 79
Trd, 4319998.343, 85
Trd, 4319998.693, 99
Trd, 4319999.993, 94
