Trd, 4318163.343, 66
Trd, 4318163.843, 129
Trd, 4318165.843, 128
Trd, 4318166.243, 98
Trd, 4318167.143, 97
Trd, 4318167.643, 140
Trd, 4318168.193, 140
Trd, 4318168.893, 95
Trd, 4318169.693, 140
Trd, 4318170.393, 128
Trd, 4318171.093, 104
Trd, 4318171.743, 100
Trd, 4318171.993, 99
Trd, 4318172.243, 98
Trd, 4318172.643, 140
Trd, 4318173.543, 138
Trd, 4318173.593, 97
Trd, 4318174.443, 140
Trd, 4318174.793, 127
Trd, 4318175.793, 102
Trd, 4318175.993, 92
Trd, 4318176.993, 139
Trd, 4318177.293, 140
Trd, 4318177.693, 140
Trd, 4318179.493, 93
Trd, 4318180.293, 134
Trd, 4318181.393, 90
Trd, 4318181.843, 140
Trd, 4318182.093, 139
Trd, 4318182.143, 74
Trd, 4318182.793, 71
Trd, 4318184.493, 60
Trd, 4318185.193, 60
Trd, 4318185.693, 60
Trd, 4318186.293, 117
Trd, 4318186.893, 140
Trd, 4318188.293, 140
Trd, 4318188.343, 115
Trd, 4318188.543, 66
Trd, 4318189.093, 139
Trd, 4318189.843, 138
Trd, 4318190.143, 136
Trd, 4318190.193, 125
Trd, 4318192.593, 140
Trd, 4318193.243, 140
Trd, 4318193.293, 140
Trd, 4318194.193, 140
Trd, 4318194.243, 138
Trd, 4318194.293, 133
Trd, 4318195.243, 111
Trd, 4318195.293, 91
Trd, 4318196.743, 87
Trd, 4318197.193, 116
Trd, 4318198.043, 140
Trd, 4318198.193, 117
Trd, 4318198.243, 115
Trd, 4318198.993, 109
Trd, 4318200.093, 140
Trd, 4318201.043, 75
Trd, 4318201.393, 62
Trd, 4318201.843, 140
Trd, 4318203.143, 60
Trd, 4318204.543, 60
Trd, 4318205.243, 64
Trd, 4318205.393, 67
Trd, 4318205.893, 60
Trd, 4318206.343, 72
Trd, 4318207.393, 60
Trd, 4318207.743, 61
Trd, 4318207.893, 64
Trd, 4318208.743, 81
Trd, 4318209.243, 140
Trd, 4318209.643, 140
Trd, 4318210.043, 137
Trd, 4318210.693, 138
Trd, 4318211.243, 94
Trd, 4318212.393, 91
Trd, 4318212.743, 67
Trd, 4318213.193, 60
Trd, 4318214.443, 65
Trd, 4318214.643, 68
Trd, 4318215.743, 127
Trd, 4318215.993, 126
Trd, 4318216.143, 117
Trd, 4318217.043, 126
Trd, 4318217.093, 124
Trd, 4318219.393, 60
Trd, 4318220.043, 63
Trd, 4318220.593, 110
Trd, 4318221.293, 139
Trd, 4318221.543, 123
Trd, 4318221.793, 119
Trd, 4318223.643, 139
Trd, 4318223.943, 128
Trd, 4318223.993, 80
Trd, 4318224.643, 66
Trd, 4318225.043, 66
Trd, 4318225.543, 66
Trd, 4318226.843, 140
Trd, 4318226.893, 140
Trd, 4318227.643, 138
Trd, 4318228.343, 139
Trd, 4318229.143, 140
Trd, 4318229.843, 110
Trd, 4318230.243, 140
Trd, 4318230.443, 139
Trd, 4318231.443, 62
Trd, 4318231.493, 72
Trd, 4318232.643, 139
Trd, 4318233.393, 140
Trd, 4318233.943, 139
Trd, 4318234.743, 139
Trd, 4318235.943, 135
Trd, 4318237.143, 131
Trd, 4318237.343, 93
Trd, 4318238.193, 139
Trd, 4318238.293, 133
Trd, 4318239.043, 60
Trd, 4318239.393, 63
Trd, 4318239.543, 60
Trd, 4318240.793, 66
Trd, 4318241.643, 60
Trd, 4318242.193, 63
Trd, 4318242.593, 66
Trd, 4318243.643, 60
Trd, 4318244.193, 64
Trd, 4318245.243, 68
Trd, 4318246.043, 63
Trd, 4318246.393, 62
Trd, 4318246.743, 66
Trd, 4318247.693, 60
Trd, 4318247.943, 62
Trd, 4318248.543, 61
Trd, 4318250.043, 61
Trd, 4318251.393, 60
Trd, 4318251.993, 61
Trd, 4318252.293, 60
Trd, 4318252.693, 70
Trd, 4318252.943, 71
Trd, 4318253.443, 70
Trd, 4318253.593, 69
Trd, 4318254.643, 68
Trd, 4318255.493, 66
Trd, 4318255.693, 127
Trd, 4318255.893, 84
Trd, 4318257.443, 140
Trd, 4318258.043, 135
Trd, 4318259.543, 140
Trd, 4318260.243, 136
Trd, 4318260.293, 118
Trd, 4318260.543, 139
Trd, 4318260.843, 100
Trd, 4318261.193, 88
Trd, 4318262.143, 66
Trd, 4318262.693, 60
Trd, 4318263.143, 116
Trd, 4318264.093, 139
Trd, 4318264.293, 139
Trd, 4318264.743, 137
Trd, 4318265.593, 137
Trd, 4318267.093, 140
Trd, 4318267.143, 140
Trd, 4318267.293, 127
Trd, 4318267.693, 65
Trd, 4318269.343, 60
Trd, 4318270.143, 62
Trd, 4318270.943, 60
Trd, 4318270.993, 61
Trd, 4318271.093, 61
Trd, 4318273.693, 64
Trd, 4318273.843, 65
Trd, 4318274.143, 62
Trd, 4318277.093, 61
Trd, 4318277.343, 61
Trd, 4318277.393, 61
Trd, 4318277.593, 70
Trd, 4318278.043, 61
Trd, 4318279.043, 64
Trd, 4318279.593, 63
Trd, 4318279.843, 128
Trd, 4318280.643, 60
Trd, 4318281.143, 61
Trd, 4318281.993, 68
Trd, 4318282.343, 67
Trd, 4318284.393, 140
Trd, 4318285.093, 140
Trd, 4318285.393, 140
Trd, 4318285.593, 140
Trd, 4318285.643, 132
Trd, 4318286.343, 105
Trd, 4318287.793, 102
Trd, 4318288.243, 66
Trd, 4318288.593, 140
Trd, 4318289.743, 138
Trd, 4318290.693, 100
Trd, 4318291.243, 132
Trd, 4318291.393, 131
Trd, 4318292.193, 124
Trd, 4318293.093, 104
Trd, 4318294.093, 120
Trd, 4318294.843, 140
Trd, 4318294.893, 121
Trd, 4318295.843, 137
Trd, 4318295.993, 124
Trd, 4318296.093, 120
Trd, 4318297.243, 84
Trd, 4318297.293, 90
Trd, 4318297.843, 102
Trd, 4318299.193, 140
Trd, 4318299.993, 140
Trd, 4318300.943, 105
Trd, 4318302.293, 140
Trd, 4318302.593, 140
Trd, 4318302.943, 100
Trd, 4318303.243, 97
Trd, 4318303.943, 88
Trd, 4318305.393, 128
Trd, 4318305.643, 139
Trd, 4318305.743, 120
Trd, 4318306.193, 83
Trd, 4318307.243, 107
Trd, 4318307.493, 138
Trd, 4318307.543, 106
Trd, 4318309.943, 139
Trd, 4318310.343, 133
Trd, 4318312.243, 140
Trd, 4318312.543, 140
Trd, 4318312.943, 140
Trd, 4318313.143, 139
Trd, 4318313.243, 110
Trd, 4318313.293, 99
Trd, 4318314.393, 136
Trd, 4318314.743, 75
Trd, 4318315.243, 140
Trd, 4318315.393, 68
Trd, 4318315.743, 137
Trd, 4318316.643, 133
Trd, 4318318.443, 139
Trd, 4318318.843, 137
Trd, 4318319.443, 83
Trd, 4318321.193, 61
Trd, 4318322.293, 61
Trd, 4318322.343, 61
Trd, 4318323.543, 67
Trd, 4318324.043, 60
Trd, 4318324.743, 63
Trd, 4318325.093, 62
Trd, 4318326.593, 60
Trd, 4318326.843, 63
Trd, 4318327.543, 61
Trd, 4318328.043, 74
Trd, 4318328.393, 61
Trd, 4318329.393, 62
Trd, 4318331.193, 128
Trd, 4318331.393, 128
Trd, 4318332.243, 140
Trd, 4318332.443, 140
Trd, 4318333.693, 140
Trd, 4318334.043, 139
Trd, 4318334.343, 128
Trd, 4318334.393, 92
Trd, 4318334.793, 138
Trd, 4318334.843, 70
Trd, 4318336.093, 140
Trd, 4318337.443, 140
Trd, 4318338.743, 139
Trd, 4318339.593, 125
Trd, 4318339.993, 94
Trd, 4318340.593, 139
Trd, 4318340.793, 127
Trd, 4318341.643, 125
Trd, 4318341.743, 95
Trd, 4318342.343, 71
Trd, 4318343.543, 140
Trd, 4318344.993, 140
Trd, 4318345.593, 135
Trd, 4318346.293, 133
Trd, 4318346.343, 131
Trd, 4318346.493, 84
Trd, 4318347.243, 114
Trd, 4318348.093, 87
Trd, 4318348.293, 140
Trd, 4318348.593, 138
Trd, 4318349.643, 60
Trd, 4318350.643, 138
Trd, 4318350.943, 116
Trd, 4318352.243, 139
Trd, 4318352.543, 133
Trd, 4318352.993, 132
Trd, 4318353.143, 83
Trd, 4318354.843, 140
Trd, 4318355.443, 140
Trd, 4318355.743, 134
Trd, 4318356.393, 118
Trd, 4318356.793, 134
Trd, 4318357.493, 133
Trd, 4318357.893, 140
Trd, 4318359.693, 140
Trd, 4318359.793, 128
Trd, 4318360.393, 140
Trd, 4318361.343, 120
Trd, 4318362.793, 139
Trd, 4318363.393, 140
Trd, 4318363.443, 139
Trd, 4318363.593, 126
Trd, 4318363.993, 139
Trd, 4318364.343, 89
Trd, 4318364.543, 84
Trd, 4318365.293, 140
Trd, 4318365.743, 81
Trd, 4318367.343, 61
Trd, 4318367.643, 66
Trd, 4318369.043, 67
Trd, 4318369.993, 60
Trd, 4318370.243, 61
Trd, 4318370.293, 62
Trd, 4318371.493, 62
Trd, 4318373.243, 61
Trd, 4318373.393, 66
Trd, 4318375.143, 64
Trd, 4318376.043, 61
Trd, 4318376.193, 61
Trd, 4318376.643, 84
Trd, 4318376.843, 101
Trd, 4318377.293, 62
Trd, 4318379.343, 61
Trd, 4318379.793, 63
Trd, 4318381.043, 140
Trd, 4318381.193, 140
Trd, 4318381.293, 139
Trd, 4318382.293, 140
Trd, 4318383.793, 140
Trd, 4318384.443, 140
Trd, 4318384.543, 133
Trd, 4318384.993, 102
Trd, 4318385.643, 118
Trd, 4318386.043, 118
Trd, 4318386.593, 117
Trd, 4318386.993, 73
Trd, 4318387.293, 66
Trd, 4318388.693, 140
Trd, 4318388.743, 140
Trd, 4318389.593, 140
Trd, 4318390.493, 140
Trd, 4318390.643, 140
Trd, 4318391.343, 95
Trd, 4318391.793, 138
Trd, 4318392.693, 108
Trd, 4318392.893, 85
Trd, 4318394.393, 140
Trd, 4318395.293, 140
Trd, 4318395.543, 140
Trd, 4318395.843, 140
Trd, 4318395.943, 133
Trd, 4318396.293, 67
Trd, 4318396.693, 98
Trd, 4318397.743, 91
Trd, 4318398.543, 128
Trd, 4318399.043, 90
Trd, 4318399.993, 119
Trd, 4318400.843, 62
Trd, 4318401.693, 137
Trd, 4318401.743, 109
Trd, 4318402.043, 61
Trd, 4318402.993, 140
Trd, 4318403.343, 139
Trd, 4318403.443, 138
Trd, 4318405.943, 114
Trd, 4318406.543, 127
Trd, 4318406.693, 135
Trd, 4318406.993, 109
Trd, 4318408.443, 139
Trd, 4318408.543, 63
Trd, 4318410.043, 140
Trd, 4318410.143, 140
Trd, 4318410.543, 140
Trd, 4318411.543, 117
Trd, 4318411.943, 60
Trd, 4318412.543, 100
Trd, 4318413.443, 92
Trd, 4318413.893, 113
Trd, 4318414.943, 63
Trd, 4318415.443, 73
Trd, 4318416.293, 136
Trd, 4318416.743, 62
Trd, 4318416.943, 67
Trd, 4318417.743, 74
Trd, 4318418.093, 73
Trd, 4318419.943, 140
Trd, 4318420.243, 140
Trd, 4318421.043, 139
Trd, 4318421.593, 99
Trd, 4318421.693, 75
Trd, 4318422.193, 71
Trd, 4318423.143, 121
Trd, 4318423.443, 69
Trd, 4318424.793, 138
Trd, 4318425.443, 137
Trd, 4318426.143, 136
Trd, 4318426.543, 113
Trd, 4318427.893, 140
Trd, 4318428.143, 140
Trd, 4318428.943, 62
Trd, 4318429.043, 65
Trd, 4318429.543, 68
Trd, 4318431.043, 64
Trd, 4318432.043, 65
Trd, 4318432.143, 66
Trd, 4318432.793, 67
Trd, 4318433.493, 139
Trd, 4318434.393, 64
Trd, 4318434.843, 102
Trd, 4318435.443, 67
Trd, 4318437.143, 107
Trd, 4318437.393, 107
Trd, 4318438.093, 64
Trd, 4318438.393, 102
Trd, 4318438.543, 97
Trd, 4318438.743, 96
Trd, 4318439.643, 140
Trd, 4318441.393, 133
Trd, 4318442.543, 140
Trd, 4318442.693, 119
Trd, 4318443.093, 62
Trd, 4318443.343, 95
Trd, 4318443.943, 61
Trd, 4318444.643, 137
Trd, 4318445.393, 139
Trd, 4318445.893, 93
Trd, 4318447.643, 140
Trd, 4318448.193, 97
Trd, 4318448.243, 82
Trd, 4318448.393, 101
Trd, 4318449.693, 140
Trd, 4318450.093, 139
Trd, 4318450.193, 119
Trd, 4318452.143, 140
Trd, 4318452.193, 140
Trd, 4318453.693, 60
Trd, 4318453.793, 69
Trd, 4318454.193, 79
Trd, 4318454.493, 60
Trd, 4318455.643, 64
Trd, 4318456.343, 61
Trd, 4318456.543, 124
Trd, 4318458.993, 65
Trd, 4318459.593, 89
Trd, 4318459.893, 125
Trd, 4318460.543, 140
Trd, 4318460.893, 60
Trd, 4318461.943, 60
Trd, 4318462.693, 60
Trd, 4318463.193, 62
Trd, 4318463.843, 87
Trd, 4318464.143, 65
Trd, 4318464.993, 108
Trd, 4318465.793, 82
Trd, 4318466.143, 80
Trd, 4318466.643, 140
Trd, 4318467.243, 140
Trd, 4318468.093, 118
Trd, 4318468.743, 79
Trd, 4318469.143, 138
Trd, 4318469.493, 132
Trd, 4318470.993, 139
Trd, 4318471.343, 74
Trd, 4318471.493, 71
Trd, 4318472.243, 100
Trd, 4318472.543, 104
Trd, 4318472.793, 103
Trd, 4318473.393, 113
Trd, 4318474.943, 131
Trd, 4318475.143, 126
Trd, 4318475.243, 80
Trd, 4318475.893, 64
Trd, 4318476.643, 96
Trd, 4318478.143, 60
Trd, 4318478.193, 64
Trd, 4318478.293, 65
Trd, 4318480.593, 60
Trd, 4318480.643, 62
Trd, 4318480.693, 63
Trd, 4318481.193, 65
Trd, 4318481.793, 69
Trd, 4318482.343, 74
Trd, 4318482.493, 73
Trd, 4318483.243, 71
Trd, 4318483.643, 107
Trd, 4318483.943, 60
Trd, 4318484.993, 60
Trd, 4318486.443, 65
Trd, 4318487.543, 70
Trd, 4318488.143, 72
Trd, 4318488.443, 128
Trd, 4318488.493, 93
Trd, 4318488.743, 77
Trd, 4318488.893, 69
Trd, 4318490.843, 140
Trd, 4318490.893, 140
Trd, 4318491.193, 140
Trd, 4318491.543, 140
Trd, 4318491.943, 138
Trd, 4318492.693, 137
Trd, 4318494.093, 102
Trd, 4318494.693, 122
Trd, 4318495.693, 93
Trd, 4318496.543, 63
Trd, 4318497.343, 64
Trd, 4318498.393, 137
Trd, 4318499.093, 89
Trd, 4318499.143, 87
Trd, 4318499.293, 107
Trd, 4318500.193, 136
Trd, 4318500.243, 88
Trd, 4318500.543, 87
Trd, 4318501.543, 88
Trd, 4318501.993, 64
Trd, 4318502.893, 66
Trd, 4318503.093, 140
Trd, 4318503.693, 61
Trd, 4318504.793, 79
Trd, 4318505.143, 92
Trd, 4318506.093, 127
Trd, 4318507.443, 140
Trd, 4318507.693, 140
Trd, 4318507.843, 92
Trd, 4318508.043, 90
Trd, 4318508.993, 111
Trd, 4318509.143, 110
Trd, 4318509.493, 101
Trd, 4318509.843, 101
Trd, 4318510.593, 64
Trd, 4318512.843, 70
Trd, 4318513.593, 140
Trd, 4318514.143, 140
Trd, 4318514.293, 140
Trd, 4318514.543, 109
Trd, 4318515.493, 124
Trd, 4318515.543, 119
Trd, 4318515.743, 94
Trd, 4318515.943, 136
Trd, 4318516.693, 88
Trd, 4318516.793, 65
Trd, 4318517.393, 124
Trd, 4318518.743, 60
Trd, 4318520.343, 70
Trd, 4318521.843, 140
Trd, 4318521.943, 140
Trd, 4318521.993, 140
Trd, 4318522.393, 138
Trd, 4318522.593, 134
Trd, 4318523.093, 89
Trd, 4318523.393, 87
Trd, 4318524.243, 120
Trd, 4318525.293, 128
Trd, 4318526.393, 140
Trd, 4318527.943, 140
Trd, 4318527.993, 140
Trd, 4318528.443, 115
Trd, 4318528.943, 135
Trd, 4318531.193, 140
Trd, 4318531.543, 140
Trd, 4318532.343, 140
Trd, 4318532.643, 138
Trd, 4318534.493, 140
Trd, 4318535.243, 140
Trd, 4318535.293, 140
Trd, 4318535.493, 130
Trd, 4318535.693, 105
Trd, 4318536.093, 132
Trd, 4318536.143, 91
Trd, 4318536.943, 138
Trd, 4318537.393, 140
Trd, 4318537.743, 137
Trd, 4318538.193, 140
Trd, 4318538.793, 107
Trd, 4318539.093, 91
Trd, 4318540.643, 139
Trd, 4318541.293, 111
Trd, 4318541.993, 110
Trd, 4318542.243, 138
Trd, 4318544.243, 139
Trd, 4318544.893, 140
Trd, 4318545.043, 140
Trd, 4318545.143, 126
Trd, 4318545.393, 107
Trd, 4318547.143, 122
Trd, 4318547.893, 139
Trd, 4318547.993, 137
Trd, 4318548.193, 126
Trd, 4318548.593, 102
Trd, 4318549.343, 94
Trd, 4318549.743, 61
Trd, 4318550.843, 140
Trd, 4318551.793, 97
Trd, 4318552.943, 86
Trd, 4318553.443, 103
Trd, 4318553.843, 122
Trd, 4318554.243, 140
Trd, 4318555.593, 112
Trd, 4318556.693, 140
Trd, 4318556.943, 140
Trd, 4318556.993, 76
Trd, 4318558.293, 136
Trd, 4318558.343, 101
Trd, 4318558.593, 86
Trd, 4318560.143, 61
Trd, 4318561.143, 62
Trd, 4318561.293, 72
Trd, 4318561.843, 139
Trd, 4318561.943, 136
Trd, 4318562.793, 128
Trd, 4318562.843, 86
Trd, 4318564.093, 61
Trd, 4318564.643, 63
Trd, 4318565.043, 64
Trd, 4318566.243, 60
Trd, 4318567.193, 116
Trd, 4318567.243, 115
Trd, 4318567.543, 96
Trd, 4318569.143, 140
Trd, 4318569.193, 140
Trd, 4318569.843, 84
Trd, 4318570.143, 81
Trd, 4318571.343, 61
Trd, 4318571.393, 62
Trd, 4318572.893, 62
Trd, 4318574.293, 60
Trd, 4318574.443, 65
Trd, 4318576.443, 61
Trd, 4318576.943, 60
Trd, 4318577.643, 60
Trd, 4318577.793, 61
Trd, 4318579.143, 60
Trd, 4318580.043, 61
Trd, 4318580.093, 63
Trd, 4318580.993, 60
Trd, 4318581.643, 62
Trd, 4318581.893, 62
Trd, 4318582.393, 76
Trd, 4318583.793, 61
Trd, 4318584.293, 62
Trd, 4318585.493, 140
Trd, 4318585.693, 140
Trd, 4318585.943, 139
Trd, 4318586.843, 115
Trd, 4318587.493, 61
Trd, 4318588.293, 63
Trd, 4318589.443, 66
Trd, 4318590.943, 112
Trd, 4318591.193, 110
Trd, 4318592.193, 109
Trd, 4318592.293, 109
Trd, 4318592.893, 140
Trd, 4318593.843, 73
Trd, 4318594.443, 111
Trd, 4318595.843, 124
Trd, 4318595.943, 115
Trd, 4318596.643, 81
Trd, 4318596.843, 121
Trd, 4318597.143, 121
Trd, 4318597.843, 120
Trd, 4318598.593, 91
Trd, 4318598.643, 103
Trd, 4318599.043, 128
Trd, 4318600.243, 137
Trd, 4318601.743, 140
Trd, 4318602.193, 137
Trd, 4318602.843, 138
Trd, 4318603.343, 122
Trd, 4318604.543, 140
Trd, 4318604.743, 139
Trd, 4318605.943, 140
Trd, 4318606.443, 85
Trd, 4318606.993, 69
Trd, 4318607.143, 75
Trd, 4318608.293, 72
Trd, 4318609.643, 72
Trd, 4318609.793, 68
Trd, 4318610.743, 132
Trd, 4318611.993, 117
Trd, 4318612.143, 113
Trd, 4318613.743, 140
Trd, 4318613.893, 140
Trd, 4318615.043, 140
Trd, 4318615.143, 140
Trd, 4318616.143, 137
Trd, 4318616.643, 90
Trd, 4318617.093, 105
Trd, 4318618.093, 139
Trd, 4318618.393, 116
Trd, 4318618.593, 139
Trd, 4318618.893, 89
Trd, 4318619.243, 64
Trd, 4318620.343, 60
Trd, 4318620.943, 62
Trd, 4318621.293, 63
Trd, 4318621.743, 67
Trd, 4318622.543, 80
Trd, 4318623.393, 61
Trd, 4318623.543, 62
Trd, 4318624.193, 65
Trd, 4318624.343, 64
Trd, 4318626.143, 79
Trd, 4318626.793, 138
Trd, 4318627.343, 139
Trd, 4318627.443, 137
Trd, 4318628.093, 118
Trd, 4318628.193, 104
Trd, 4318629.393, 140
Trd, 4318629.493, 140
Trd, 4318629.693, 134
Trd, 4318631.993, 140
Trd, 4318632.243, 137
Trd, 4318633.193, 139
Trd, 4318633.693, 140
Trd, 4318633.943, 137
Trd, 4318634.843, 127
Trd, 4318635.593, 131
Trd, 4318635.793, 88
Trd, 4318637.493, 140
Trd, 4318637.993, 140
Trd, 4318638.493, 140
Trd, 4318638.593, 108
Trd, 4318639.343, 74
Trd, 4318640.193, 137
Trd, 4318640.343, 121
Trd, 4318641.743, 118
Trd, 4318642.143, 81
Trd, 4318642.743, 107
Trd, 4318642.943, 81
Trd, 4318643.643, 125
Trd, 4318643.893, 97
Trd, 4318643.993, 94
Trd, 4318644.493, 62
Trd, 4318645.043, 63
Trd, 4318645.393, 63
Trd, 4318646.643, 140
Trd, 4318646.693, 140
Trd, 4318647.793, 62
Trd, 4318648.543, 68
Trd, 4318648.693, 72
Trd, 4318649.193, 66
Trd, 4318650.893, 80
Trd, 4318651.193, 95
Trd, 4318652.043, 140
Trd, 4318652.343, 140
Trd, 4318652.843, 140
Trd, 4318652.943, 140
Trd, 4318654.143, 140
Trd, 4318654.593, 116
Trd, 4318656.443, 60
Trd, 4318657.293, 63
Trd, 4318657.493, 66
Trd, 4318657.793, 139
Trd, 4318658.843, 75
Trd, 4318660.043, 65
Trd, 4318660.943, 73
Trd, 4318661.243, 73
Trd, 4318661.343, 72
Trd, 4318661.793, 139
Trd, 4318663.393, 139
Trd, 4318663.493, 138
Trd, 4318663.543, 122
Trd, 4318663.743, 100
Trd, 4318664.443, 139
Trd, 4318665.493, 140
Trd, 4318665.993, 140
Trd, 4318667.393, 140
Trd, 4318667.793, 138
Trd, 4318668.243, 125
Trd, 4318668.743, 84
Trd, 4318669.893, 67
Trd, 4318670.293, 64
Trd, 4318670.993, 70
Trd, 4318671.093, 118
Trd, 4318671.493, 60
Trd, 4318673.243, 60
Trd, 4318673.393, 60
Trd, 4318674.143, 89
Trd, 4318674.493, 75
Trd, 4318675.943, 61
Trd, 4318676.443, 62
Trd, 4318677.443, 140
Trd, 4318678.643, 60
Trd, 4318679.143, 61
Trd, 4318679.193, 62
Trd, 4318680.043, 62
Trd, 4318681.393, 132
Trd, 4318682.043, 135
Trd, 4318682.093, 133
Trd, 4318682.193, 132
Trd, 4318682.293, 105
Trd, 4318682.993, 130
Trd, 4318684.193, 62
Trd, 4318685.143, 77
Trd, 4318685.793, 124
Trd, 4318687.193, 139
Trd, 4318688.443, 126
Trd, 4318688.543, 125
Trd, 4318688.693, 133
Trd, 4318688.893, 138
Trd, 4318688.943, 127
Trd, 4318689.043, 124
Trd, 4318689.143, 115
Trd, 4318689.743, 140
Trd, 4318690.993, 138
Trd, 4318691.443, 122
Trd, 4318692.143, 64
Trd, 4318693.043, 65
Trd, 4318694.193, 62
Trd, 4318695.343, 60
Trd, 4318696.193, 62
Trd, 4318696.493, 71
Trd, 4318697.493, 62
Trd, 4318697.643, 77
Trd, 4318698.843, 67
Trd, 4318699.543, 64
Trd, 4318700.243, 66
Trd, 4318701.493, 61
Trd, 4318702.743, 60
Trd, 4318703.243, 60
Trd, 4318703.543, 61
Trd, 4318704.893, 133
Trd, 4318705.593, 140
Trd, 4318705.793, 134
Trd, 4318705.943, 131
Trd, 4318707.043, 134
Trd, 4318707.793, 134
Trd, 4318708.043, 133
Trd, 4318708.243, 131
Trd, 4318709.793, 139
Trd, 4318710.093, 140
Trd, 4318710.443, 127
Trd, 4318711.093, 64
Trd, 4318712.043, 138
Trd, 4318712.143, 80
Trd, 4318713.143, 64
Trd, 4318714.143, 64
Trd, 4318714.493, 66
Trd, 4318714.993, 70
Trd, 4318715.193, 130
Trd, 4318716.093, 74
Trd, 4318717.093, 134
Trd, 4318717.243, 112
Trd, 4318717.593, 115
Trd, 4318718.843, 88
Trd, 4318719.493, 120
Trd, 4318719.543, 71
Trd, 4318719.993, 105
Trd, 4318720.093, 85
Trd, 4318720.443, 83
Trd, 4318721.143, 60
Trd, 4318721.543, 62
Trd, 4318722.393, 61
Trd, 4318723.693, 75
Trd, 4318724.393, 61
Trd, 4318724.743, 61
Trd, 4318725.843, 60
Trd, 4318726.493, 62
Trd, 4318726.743, 128
Trd, 4318728.543, 137
Trd, 4318728.843, 136
Trd, 4318729.393, 126
Trd, 4318730.043, 89
Trd, 4318730.143, 88
Trd, 4318730.643, 140
Trd, 4318731.343, 139
Trd, 4318731.843, 139
Trd, 4318733.643, 140
Trd, 4318734.693, 140
Trd, 4318734.793, 140
Trd, 4318735.143, 140
Trd, 4318735.343, 140
Trd, 4318735.443, 90
Trd, 4318736.043, 97
Trd, 4318736.093, 79
Trd, 4318736.643, 119
Trd, 4318737.343, 109
Trd, 4318737.743, 62
Trd, 4318738.943, 72
Trd, 4318739.293, 83
Trd, 4318739.543, 72
Trd, 4318741.093, 140
Trd, 4318741.443, 133
Trd, 4318743.193, 140
Trd, 4318743.243, 140
Trd, 4318743.943, 140
Trd, 4318744.143, 116
Trd, 4318745.293, 106
Trd, 4318745.893, 103
Trd, 4318746.143, 140
Trd, 4318746.393, 140
Trd, 4318746.993, 88
Trd, 4318747.343, 133
Trd, 4318748.843, 136
Trd, 4318748.943, 114
Trd, 4318749.743, 63
Trd, 4318751.343, 77
Trd, 4318751.393, 76
Trd, 4318752.993, 140
Trd, 4318753.343, 92
Trd, 4318754.193, 110
Trd, 4318755.293, 96
Trd, 4318755.443, 84
Trd, 4318755.693, 96
Trd, 4318755.993, 137
Trd, 4318757.443, 140
Trd, 4318758.543, 140
Trd, 4318759.043, 117
Trd, 4318759.193, 115
Trd, 4318759.493, 110
Trd, 4318760.193, 115
Trd, 4318761.243, 60
Trd, 4318761.293, 64
Trd, 4318761.693, 61
Trd, 4318763.193, 65
Trd, 4318764.293, 60
Trd, 4318764.393, 61
Trd, 4318764.843, 64
Trd, 4318766.493, 102
Trd, 4318766.693, 99
Trd, 4318767.143, 71
Trd, 4318767.743, 60
Trd, 4318768.043, 60
Trd, 4318768.393, 64
Trd, 4318768.843, 65
Trd, 4318769.193, 60
Trd, 4318769.743, 64
Trd, 4318770.393, 62
Trd, 4318771.843, 65
Trd, 4318771.943, 65
Trd, 4318773.143, 140
Trd, 4318773.643, 140
Trd, 4318773.743, 140
Trd, 4318774.193, 63
Trd, 4318775.043, 60
Trd, 4318776.193, 99
Trd, 4318776.893, 60
Trd, 4318777.243, 65
Trd, 4318777.643, 95
Trd, 4318777.743, 103
Trd, 4318778.643, 139
Trd, 4318779.043, 138
Trd, 4318779.393, 67
Trd, 4318780.243, 64
Trd, 4318780.893, 139
Trd, 4318781.493, 137
Trd, 4318782.193, 118
Trd, 4318782.693, 70
Trd, 4318783.643, 119
Trd, 4318783.893, 117
Trd, 4318784.543, 82
Trd, 4318785.243, 135
Trd, 4318785.993, 64
Trd, 4318786.643, 68
Trd, 4318786.893, 114
Trd, 4318788.193, 104
Trd, 4318788.243, 109
Trd, 4318788.293, 97
Trd, 4318789.543, 61
Trd, 4318789.593, 62
Trd, 4318791.043, 61
Trd, 4318791.143, 61
Trd, 4318791.543, 61
Trd, 4318791.793, 62
Trd, 4318793.393, 60
Trd, 4318794.243, 81
Trd, 4318794.643, 81
Trd, 4318795.543, 130
Trd, 4318796.193, 94
Trd, 4318796.393, 63
Trd, 4318797.193, 140
Trd, 4318797.593, 140
Trd, 4318798.493, 140
Trd, 4318799.093, 140
Trd, 4318799.593, 140
Trd, 4318799.643, 140
Trd, 4318799.993, 131
Trd, 4318800.243, 118
Trd, 4318800.593, 114
Trd, 4318801.393, 90
Trd, 4318802.393, 114
Trd, 4318803.843, 140
Trd, 4318805.043, 140
Trd, 4318805.843, 139
Trd, 4318805.993, 140
Trd, 4318806.393, 98
Trd, 4318806.593, 97
Trd, 4318806.693, 133
Trd, 4318807.043, 65
Trd, 4318809.043, 140
Trd, 4318809.243, 120
Trd, 4318809.543, 140
Trd, 4318810.393, 140
Trd, 4318810.743, 87
Trd, 4318811.493, 139
Trd, 4318812.143, 139
Trd, 4318812.693, 101
Trd, 4318812.743, 81
Trd, 4318814.543, 139
Trd, 4318815.293, 126
Trd, 4318815.993, 125
Trd, 4318816.493, 140
Trd, 4318817.193, 137
Trd, 4318818.243, 124
Trd, 4318818.393, 67
Trd, 4318818.543, 122
Trd, 4318819.343, 140
Trd, 4318819.943, 140
Trd, 4318820.043, 139
Trd, 4318821.493, 140
Trd, 4318822.743, 140
Trd, 4318822.843, 140
Trd, 4318822.893, 134
Trd, 4318823.843, 140
Trd, 4318824.243, 139
Trd, 4318825.243, 129
Trd, 4318825.743, 131
Trd, 4318825.843, 129
Trd, 4318826.593, 140
Trd, 4318826.743, 74
Trd, 4318828.543, 138
Trd, 4318828.693, 131
Trd, 4318829.043, 128
Trd, 4318829.693, 133
Trd, 4318829.843, 130
Trd, 4318830.193, 138
Trd, 4318831.643, 70
Trd, 4318834.293, 60
Trd, 4318834.593, 61
Trd, 4318834.993, 75
Trd, 4318835.743, 126
Trd, 4318836.193, 63
Trd, 4318838.293, 140
Trd, 4318838.543, 107
Trd, 4318838.643, 86
Trd, 4318839.693, 103
Trd, 4318840.043, 73
Trd, 4318840.543, 73
Trd, 4318841.593, 140
Trd, 4318841.993, 77
Trd, 4318842.493, 138
Trd, 4318843.543, 107
Trd, 4318844.543, 140
Trd, 4318844.793, 138
Trd, 4318845.993, 140
Trd, 4318846.143, 140
Trd, 4318846.393, 140
Trd, 4318846.643, 87
Trd, 4318846.943, 93
Trd, 4318847.843, 61
Trd, 4318849.293, 140
Trd, 4318850.043, 140
Trd, 4318850.243, 123
Trd, 4318850.643, 120
Trd, 4318851.843, 140
Trd, 4318851.993, 140
Trd, 4318852.293, 108
Trd, 4318853.093, 135
Trd, 4318853.793, 74
Trd, 4318854.143, 115
Trd, 4318855.243, 69
Trd, 4318856.393, 129
Trd, 4318856.493, 127
Trd, 4318856.943, 67
Trd, 4318857.043, 61
Trd, 4318858.293, 139
Trd, 4318858.943, 131
Trd, 4318859.593, 136
Trd, 4318859.943, 63
Trd, 4318860.393, 68
Trd, 4318862.093, 61
Trd, 4318862.193, 65
Trd, 4318862.543, 65
Trd, 4318864.443, 66
Trd, 4318865.843, 140
Trd, 4318865.943, 139
Trd, 4318866.043, 61
Trd, 4318866.843, 140
Trd, 4318867.593, 82
Trd, 4318867.843, 81
Trd, 4318868.793, 116
Trd, 4318868.893, 86
Trd, 4318869.393, 82
Trd, 4318870.393, 65
Trd, 4318870.543, 75
Trd, 4318871.193, 67
Trd, 4318872.743, 64
Trd, 4318873.493, 63
Trd, 4318874.693, 60
Trd, 4318875.393, 65
Trd, 4318876.093, 73
Trd, 4318876.893, 60
Trd, 4318877.093, 69
Trd, 4318877.493, 139
Trd, 4318878.143, 79
Trd, 4318879.793, 60
Trd, 4318880.193, 62
Trd, 4318881.243, 60
Trd, 4318881.743, 63
Trd, 4318884.243, 140
Trd, 4318884.693, 140
Trd, 4318884.743, 140
Trd, 4318885.243, 140
Trd, 4318886.293, 140
Trd, 4318887.443, 140
Trd, 4318888.293, 140
Trd, 4318889.193, 140
Trd, 4318889.693, 140
Trd, 4318889.743, 133
Trd, 4318889.893, 121
Trd, 4318891.043, 140
Trd, 4318891.193, 140
Trd, 4318892.643, 140
Trd, 4318892.993, 130
Trd, 4318894.293, 104
Trd, 4318895.543, 117
Trd, 4318895.593, 89
Trd, 4318895.743, 86
Trd, 4318896.043, 81
Trd, 4318896.443, 139
Trd, 4318898.143, 60
Trd, 4318898.743, 63
Trd, 4318899.493, 61
Trd, 4318900.143, 61
Trd, 4318901.043, 63
Trd, 4318901.143, 64
Trd, 4318901.543, 64
Trd, 4318902.143, 64
Trd, 4318902.593, 63
Trd, 4318904.543, 68
Trd, 4318905.093, 60
Trd, 4318906.693, 62
Trd, 4318907.493, 63
Trd, 4318907.743, 74
Trd, 4318908.793, 61
Trd, 4318909.143, 60
Trd, 4318909.343, 62
Trd, 4318909.743, 136
Trd, 4318910.243, 62
Trd, 4318910.493, 69
Trd, 4318912.743, 64
Trd, 4318912.993, 66
Trd, 4318913.993, 140
Trd, 4318914.243, 116
Trd, 4318915.093, 120
Trd, 4318915.943, 140
Trd, 4318917.493, 140
Trd, 4318918.343, 140
Trd, 4318918.693, 140
Trd, 4318918.843, 140
Trd, 4318918.893, 140
Trd, 4318919.543, 140
Trd, 4318919.593, 116
Trd, 4318920.593, 140
Trd, 4318920.743, 135
Trd, 4318921.743, 110
Trd, 4318922.293, 139
Trd, 4318923.443, 140
Trd, 4318923.543, 140
Trd, 4318923.593, 140
Trd, 4318924.993, 112
Trd, 4318925.893, 140
Trd, 4318926.143, 139
Trd, 4318926.293, 111
Trd, 4318926.543, 74
Trd, 4318927.643, 115
Trd, 4318927.693, 115
Trd, 4318928.393, 99
Trd, 4318929.293, 99
Trd, 4318930.093, 102
Trd, 4318931.693, 66
Trd, 4318931.893, 62
Trd, 4318932.493, 61
Trd, 4318932.843, 70
Trd, 4318933.843, 61
Trd, 4318935.143, 65
Trd, 4318935.793, 61
Trd, 4318936.143, 111
Trd, 4318936.993, 109
Trd, 4318937.493, 138
Trd, 4318937.543, 61
Trd, 4318938.243, 131
Trd, 4318938.843, 140
Trd, 4318939.293, 84
Trd, 4318939.693, 65
Trd, 4318940.393, 64
Trd, 4318940.943, 62
Trd, 4318943.093, 139
Trd, 4318943.143, 133
Trd, 4318943.993, 114
Trd, 4318944.243, 139
Trd, 4318944.443, 77
Trd, 4318945.293, 140
Trd, 4318945.393, 140
Trd, 4318945.593, 140
Trd, 4318945.993, 140
Trd, 4318947.243, 63
Trd, 4318947.343, 67
Trd, 4318947.493, 83
Trd, 4318947.943, 62
Trd, 4318949.643, 75
Trd, 4318950.643, 122
Trd, 4318950.793, 121
Trd, 4318951.443, 140
Trd, 4318951.743, 115
Trd, 4318952.543, 103
Trd, 4318953.493, 135
Trd, 4318953.643, 74
Trd, 4318954.343, 74
Trd, 4318955.093, 138
Trd, 4318955.793, 122
Trd, 4318956.243, 75
Trd, 4318958.193, 140
Trd, 4318958.443, 139
Trd, 4318959.293, 138
Trd, 4318959.743, 136
Trd, 4318959.893, 134
Trd, 4318960.543, 92
Trd, 4318960.743, 88
Trd, 4318960.893, 87
Trd, 4318961.393, 139
Trd, 4318961.693, 126
Trd, 4318963.343, 140
Trd, 4318963.693, 140
Trd, 4318963.743, 135
Trd, 4318964.793, 135
Trd, 4318966.193, 106
Trd, 4318966.893, 66
Trd, 4318967.593, 64
Trd, 4318967.843, 62
Trd, 4318968.043, 66
Trd, 4318968.243, 63
Trd, 4318968.843, 71
Trd, 4318969.443, 103
Trd, 4318969.993, 60
Trd, 4318971.043, 139
Trd, 4318971.943, 140
Trd, 4318972.193, 139
Trd, 4318973.593, 140
Trd, 4318974.493, 133
Trd, 4318974.843, 98
Trd, 4318975.493, 126
Trd, 4318975.743, 128
Trd, 4318976.343, 105
Trd, 4318977.043, 65
Trd, 4318977.443, 61
Trd, 4318977.843, 61
Trd, 4318979.043, 111
Trd, 4318979.193, 108
Trd, 4318979.993, 61
Trd, 4318980.993, 66
Trd, 4318982.693, 62
Trd, 4318982.893, 65
Trd, 4318984.443, 63
Trd, 4318984.893, 60
Trd, 4318985.193, 72
Trd, 4318986.943, 63
Trd, 4318987.293, 85
Trd, 4318987.843, 84
Trd, 4318987.893, 83
Trd, 4318988.643, 89
Trd, 4318989.093, 83
Trd, 4318989.743, 138
Trd, 4318990.543, 138
Trd, 4318991.243, 139
Trd, 4318991.293, 80
Trd, 4318992.893, 61
Trd, 4318995.043, 87
Trd, 4318995.143, 115
Trd, 4318995.443, 123
Trd, 4318995.743, 86
Trd, 4318996.543, 60
Trd, 4318996.843, 60
Trd, 4318997.343, 61
Trd, 4318998.243, 61
Trd, 4318999.743, 138
Trd, 4318999.993, 137
Trd, 4319000.043, 138
Trd, 4319000.743, 140
Trd, 4319000.843, 115
Trd, 4319001.443, 140
Trd, 4319002.543, 60
Trd, 4319003.893, 61
Trd, 4319004.043, 67
Trd, 4319004.693, 63
Trd, 4319005.243, 140
Trd, 4319005.893, 140
Trd, 4319006.243, 139
Trd, 4319006.343, 60
Trd, 4319006.893, 69
Trd, 4319007.893, 61
Trd, 4319008.243, 69
Trd, 4319008.593, 60
Trd, 4319009.193, 100
Trd, 4319010.743, 126
Trd, 4319011.493, 136
Trd, 4319011.743, 135
Trd, 4319012.193, 116
Trd, 4319013.293, 110
Trd, 4319014.143, 140
Trd, 4319014.393, 109
Trd, 4319015.943, 101
Trd, 4319016.393, 92
Trd, 4319016.893, 92
Trd, 4319017.343, 140
Trd, 4319017.743, 139
Trd, 4319018.043, 90
Trd, 4319019.443, 138
Trd, 4319020.043, 115
Trd, 4319020.193, 109
Trd, 4319020.393, 107
Trd, 4319021.493, 66
Trd, 4319022.843, 121
Trd, 4319023.693, 140
Trd, 4319024.093, 140
Trd, 4319024.743, 83
Trd, 4319024.993, 73
Trd, 4319026.343, 140
Trd, 4319026.543, 77
Trd, 4319026.893, 113
Trd, 4319027.043, 63
Trd, 4319028.193, 61
Trd, 4319029.043, 60
Trd, 4319029.393, 67
Trd, 4319029.943, 112
Trd, 4319030.493, 112
Trd, 4319031.243, 140
Trd, 4319031.793, 140
Trd, 4319032.893, 140
Trd, 4319033.043, 89
Trd, 4319034.693, 128
Trd, 4319035.193, 128
Trd, 4319035.243, 127
Trd, 4319035.543, 140
Trd, 4319035.993, 84
Trd, 4319037.943, 140
Trd, 4319038.543, 135
Trd, 4319039.743, 140
Trd, 4319039.993, 140
Trd, 4319040.493, 139
Trd, 4319040.743, 91
Trd, 4319042.893, 139
Trd, 4319043.143, 123
Trd, 4319043.593, 121
Trd, 4319043.993, 133
Trd, 4319044.293, 120
Trd, 4319045.193, 62
Trd, 4319045.543, 70
Trd, 4319045.793, 106
Trd, 4319045.943, 60
Trd, 4319047.443, 140
Trd, 4319048.843, 140
Trd, 4319049.243, 140
Trd, 4319049.343, 140
Trd, 4319050.443, 98
Trd, 4319051.593, 114
Trd, 4319051.893, 103
Trd, 4319052.793, 136
Trd, 4319052.843, 135
Trd, 4319053.343, 112
Trd, 4319053.543, 111
Trd, 4319054.543, 125
Trd, 4319054.593, 109
Trd, 4319056.243, 140
Trd, 4319056.393, 140
Trd, 4319056.743, 138
Trd, 4319057.243, 138
Trd, 4319057.443, 119
Trd, 4319058.543, 139
Trd, 4319058.993, 116
Trd, 4319059.793, 83
Trd, 4319061.393, 140
Trd, 4319061.493, 140
Trd, 4319062.993, 140
Trd, 4319063.293, 140
Trd, 4319063.543, 122
Trd, 4319064.493, 106
Trd, 4319065.093, 95
Trd, 4319065.793, 83
Trd, 4319066.643, 121
Trd, 4319066.793, 120
Trd, 4319067.993, 138
Trd, 4319068.543, 140
Trd, 4319069.893, 82
Trd, 4319070.443, 134
Trd, 4319071.743, 132
Trd, 4319071.993, 83
Trd, 4319072.793, 138
Trd, 4319073.293, 129
Trd, 4319073.543, 76
Trd, 4319074.943, 140
Trd, 4319076.493, 136
Trd, 4319076.793, 127
Trd, 4319077.543, 121
Trd, 4319077.643, 75
Trd, 4319078.393, 129
Trd, 4319079.343, 91
Trd, 4319080.493, 139
Trd, 4319081.093, 99
Trd, 4319081.393, 140
Trd, 4319082.043, 123
Trd, 4319082.493, 120
Trd, 4319082.743, 98
Trd, 4319083.343, 79
Trd, 4319083.743, 70
Trd, 4319085.143, 66
Trd, 4319085.893, 108
Trd, 4319085.943, 104
Trd, 4319087.393, 140
Trd, 4319087.743, 140
Trd, 4319089.593, 64
Trd, 4319089.993, 60
Trd, 4319090.793, 61
Trd, 4319091.043, 64
Trd, 4319092.093, 86
Trd, 4319092.143, 83
Trd, 4319093.693, 64
Trd, 4319094.643, 140
Trd, 4319095.143, 137
Trd, 4319095.543, 138
Trd, 4319095.593, 137
Trd, 4319095.993, 88
Trd, 4319096.743, 140
Trd, 4319097.393, 84
Trd, 4319098.093, 65
Trd, 4319098.543, 64
Trd, 4319100.943, 136
Trd, 4319100.993, 135
Trd, 4319101.143, 134
Trd, 4319101.993, 133
Trd, 4319102.293, 137
Trd, 4319102.443, 129
Trd, 4319102.493, 120
Trd, 4319103.093, 79
Trd, 4319103.193, 140
Trd, 4319104.093, 62
Trd, 4319104.693, 66
Trd, 4319105.343, 84
Trd, 4319106.343, 60
Trd, 4319107.643, 62
Trd, 4319107.793, 61
Trd, 4319108.043, 73
Trd, 4319109.293, 138
Trd, 4319109.543, 111
Trd, 4319110.393, 118
Trd, 4319111.043, 100
Trd, 4319111.793, 64
Trd, 4319112.343, 67
Trd, 4319113.493, 127
Trd, 4319113.893, 127
Trd, 4319114.943, 140
Trd, 4319116.143, 140
Trd, 4319116.343, 140
Trd, 4319116.393, 127
Trd, 4319117.543, 122
Trd, 4319117.643, 120
Trd, 4319118.493, 62
Trd, 4319118.543, 69
Trd, 4319119.893, 69
Trd, 4319120.143, 68
Trd, 4319120.293, 65
Trd, 4319120.893, 61
Trd, 4319121.843, 73
Trd, 4319122.343, 90
Trd, 4319122.893, 131
Trd, 4319123.243, 138
Trd, 4319123.393, 130
Trd, 4319124.893, 98
Trd, 4319125.843, 140
Trd, 4319126.943, 83
Trd, 4319127.193, 81
Trd, 4319127.443, 122
Trd, 4319127.943, 123
Trd, 4319128.393, 99
Trd, 4319128.793, 92
Trd, 4319128.993, 140
Trd, 4319129.293, 67
Trd, 4319130.443, 60
Trd, 4319130.893, 61
Trd, 4319131.643, 118
Trd, 4319132.093, 120
Trd, 4319132.493, 118
Trd, 4319132.943, 136
Trd, 4319134.193, 100
Trd, 4319134.343, 90
Trd, 4319134.743, 129
Trd, 4319135.543, 139
Trd, 4319135.943, 113
Trd, 4319137.393, 115
Trd, 4319137.493, 114
Trd, 4319138.493, 99
Trd, 4319138.693, 78
Trd, 4319138.943, 110
Trd, 4319139.143, 113
Trd, 4319139.643, 139
Trd, 4319139.843, 138
Trd, 4319140.593, 106
Trd, 4319141.793, 60
Trd, 4319142.143, 60
Trd, 4319142.743, 64
Trd, 4319143.543, 64
Trd, 4319144.293, 62
Trd, 4319144.843, 62
Trd, 4319145.993, 60
Trd, 4319146.693, 61
Trd, 4319147.493, 62
Trd, 4319148.043, 67
Trd, 4319148.493, 134
Trd, 4319149.743, 81
Trd, 4319151.093, 64
Trd, 4319151.543, 127
Trd, 4319152.843, 60
Trd, 4319152.893, 64
Trd, 4319153.143, 68
Trd, 4319153.943, 100
Trd, 4319154.893, 70
Trd, 4319155.743, 60
Trd, 4319156.593, 61
Trd, 4319156.843, 65
Trd, 4319158.343, 140
Trd, 4319158.443, 140
Trd, 4319158.943, 139
Trd, 4319159.543, 104
Trd, 4319160.593, 93
Trd, 4319161.443, 101
Trd, 4319161.743, 93
Trd, 4319162.743, 140
Trd, 4319163.043, 140
Trd, 4319163.193, 124
Trd, 4319163.893, 135
Trd, 4319165.093, 124
Trd, 4319165.343, 98
Trd, 4319165.593, 66
Trd, 4319166.393, 140
Trd, 4319166.743, 103
Trd, 4319168.093, 62
Trd, 4319169.443, 66
Trd, 4319170.143, 62
Trd, 4319170.743, 62
Trd, 4319171.743, 62
Trd, 4319172.743, 62
Trd, 4319172.843, 65
Trd, 4319173.043, 66
Trd, 4319174.443, 65
Trd, 4319174.543, 65
Trd, 4319174.693, 89
Trd, 4319175.693, 129
Trd, 4319176.193, 67
Trd, 4319176.793, 106
Trd, 4319177.443, 139
Trd, 4319177.493, 133
Trd, 4319177.993, 138
Trd, 4319179.943, 122
Trd, 4319181.193, 126
Trd, 4319181.243, 124
Trd, 4319181.343, 122
Trd, 4319181.443, 107
Trd, 4319181.793, 138
Trd, 4319182.343, 98
Trd, 4319182.443, 77
Trd, 4319184.893, 137
Trd, 4319185.943, 140
Trd, 4319186.493, 136
Trd, 4319187.943, 96
Trd, 4319188.143, 95
Trd, 4319188.543, 105
Trd, 4319188.843, 115
Trd, 4319189.243, 67
Trd, 4319191.243, 139
Trd, 4319191.493, 138
Trd, 4319191.993, 137
Trd, 4319192.343, 137
Trd, 4319192.993, 136
Trd, 4319193.043, 84
Trd, 4319194.193, 117
Trd, 4319194.543, 105
Trd, 4319194.593, 74
Trd, 4319195.143, 68
Trd, 4319197.293, 140
Trd, 4319197.693, 135
Trd, 4319198.793, 61
Trd, 4319199.643, 82
Trd, 4319199.993, 75
Trd, 4319201.393, 140
Trd, 4319201.593, 94
Trd, 4319202.343, 69
Trd, 4319202.643, 120
Trd, 4319202.793, 60
Trd, 4319204.093, 92
Trd, 4319204.793, 140
Trd, 4319205.143, 140
Trd, 4319205.243, 139
Trd, 4319205.993, 81
Trd, 4319206.093, 80
Trd, 4319206.643, 60
Trd, 4319207.493, 65
Trd, 4319207.893, 68
Trd, 4319208.693, 92
Trd, 4319208.943, 64
Trd, 4319210.793, 60
Trd, 4319211.643, 61
Trd, 4319211.943, 62
Trd, 4319213.343, 64
Trd, 4319214.543, 60
Trd, 4319215.093, 60
Trd, 4319215.443, 61
Trd, 4319216.293, 62
Trd, 4319217.343, 70
Trd, 4319219.243, 60
Trd, 4319219.493, 61
Trd, 4319219.993, 61
Trd, 4319220.593, 67
Trd, 4319221.343, 68
Trd, 4319221.593, 68
Trd, 4319222.043, 140
Trd, 4319222.993, 140
Trd, 4319223.793, 137
Trd, 4319223.843, 132
Trd, 4319224.393, 127
Trd, 4319225.493, 136
Trd, 4319225.743, 99
Trd, 4319225.793, 98
Trd, 4319226.543, 117
Trd, 4319226.993, 63
Trd, 4319228.193, 64
Trd, 4319229.943, 60
Trd, 4319230.493, 60
Trd, 4319231.443, 63
Trd, 4319231.643, 76
Trd, 4319232.593, 60
Trd, 4319235.343, 60
Trd, 4319235.693, 61
Trd, 4319236.093, 64
Trd, 4319236.293, 62
Trd, 4319236.543, 68
Trd, 4319237.443, 67
Trd, 4319237.993, 63
Trd, 4319238.493, 120
Trd, 4319238.943, 64
Trd, 4319239.193, 140
Trd, 4319239.643, 62
Trd, 4319240.743, 140
Trd, 4319240.843, 140
Trd, 4319241.543, 73
Trd, 4319242.943, 124
Trd, 4319243.393, 139
Trd, 4319244.043, 129
Trd, 4319244.143, 124
Trd, 4319244.243, 124
Trd, 4319245.243, 139
Trd, 4319247.543, 64
Trd, 4319248.593, 67
Trd, 4319249.693, 61
Trd, 4319250.193, 78
Trd, 4319250.243, 63
Trd, 4319250.843, 109
Trd, 4319250.993, 97
Trd, 4319252.093, 63
Trd, 4319252.443, 62
Trd, 4319252.993, 66
Trd, 4319254.143, 68
Trd, 4319255.093, 117
Trd, 4319255.643, 139
Trd, 4319255.893, 138
Trd, 4319256.293, 116
Trd, 4319256.843, 85
Trd, 4319258.243, 140
Trd, 4319259.193, 140
Trd, 4319259.443, 139
Trd, 4319259.693, 84
Trd, 4319260.543, 61
Trd, 4319261.193, 103
Trd, 4319261.493, 69
Trd, 4319261.993, 86
Trd, 4319262.193, 85
Trd, 4319262.743, 63
Trd, 4319264.043, 98
Trd, 4319264.643, 120
Trd, 4319264.743, 78
Trd, 4319265.693, 140
Trd, 4319266.393, 76
Trd, 4319266.893, 137
Trd, 4319268.093, 83
Trd, 4319268.343, 63
Trd, 4319269.643, 138
Trd, 4319269.893, 137
Trd, 4319270.093, 136
Trd, 4319270.593, 123
Trd, 4319270.893, 78
Trd, 4319272.543, 140
Trd, 4319272.993, 89
Trd, 4319273.343, 102
Trd, 4319274.093, 123
Trd, 4319274.393, 81
Trd, 4319274.993, 60
Trd, 4319275.893, 63
Trd, 4319276.243, 140
Trd, 4319276.643, 140
Trd, 4319277.493, 140
Trd, 4319277.543, 139
Trd, 4319277.743, 137
Trd, 4319278.143, 132
Trd, 4319279.193, 60
Trd, 4319281.593, 61
Trd, 4319282.243, 73
Trd, 4319282.643, 124
Trd, 4319283.443, 65
Trd, 4319283.993, 63
Trd, 4319284.043, 66
Trd, 4319284.943, 87
Trd, 4319286.843, 62
Trd, 4319287.893, 65
Trd, 4319288.243, 66
Trd, 4319289.343, 139
Trd, 4319289.693, 140
Trd, 4319290.193, 140
Trd, 4319290.393, 127
Trd, 4319290.643, 128
Trd, 4319290.943, 127
Trd, 4319293.593, 140
Trd, 4319293.843, 139
Trd, 4319294.993, 60
Trd, 4319296.893, 61
Trd, 4319297.093, 63
Trd, 4319297.293, 66
Trd, 4319298.143, 73
Trd, 4319299.393, 99
Trd, 4319299.893, 136
Trd, 4319300.093, 122
Trd, 4319300.243, 97
Trd, 4319300.293, 91
Trd, 4319300.943, 63
Trd, 4319301.543, 140
Trd, 4319302.093, 140
Trd, 4319303.043, 139
Trd, 4319303.893, 112
Trd, 4319304.393, 110
Trd, 4319305.643, 140
Trd, 4319306.643, 139
Trd, 4319306.743, 138
Trd, 4319306.943, 115
Trd, 4319307.143, 102
Trd, 4319307.743, 67
Trd, 4319307.843, 66
Trd, 4319309.243, 105
Trd, 4319309.893, 61
Trd, 4319310.043, 61
Trd, 4319310.643, 60
Trd, 4319312.793, 82
Trd, 4319313.543, 139
Trd, 4319314.093, 138
Trd, 4319314.493, 126
Trd, 4319314.843, 82
Trd, 4319315.543, 132
Trd, 4319315.643, 127
Trd, 4319316.993, 110
Trd, 4319317.343, 80
Trd, 4319317.793, 134
Trd, 4319318.793, 138
Trd, 4319319.093, 94
Trd, 4319320.443, 134
Trd, 4319320.793, 135
Trd, 4319321.493, 136
Trd, 4319321.793, 135
Trd, 4319322.843, 106
Trd, 4319323.143, 60
Trd, 4319323.643, 67
Trd, 4319324.493, 63
Trd, 4319325.493, 60
Trd, 4319325.643, 69
Trd, 4319325.993, 126
Trd, 4319328.143, 114
Trd, 4319328.543, 103
Trd, 4319330.043, 140
Trd, 4319330.843, 140
Trd, 4319331.193, 140
Trd, 4319331.343, 140
Trd, 4319331.843, 140
Trd, 4319332.443, 108
Trd, 4319333.143, 86
Trd, 4319333.643, 63
Trd, 4319334.393, 63
Trd, 4319335.543, 65
Trd, 4319335.893, 69
Trd, 4319336.093, 74
Trd, 4319336.543, 105
Trd, 4319337.293, 79
Trd, 4319337.843, 79
Trd, 4319339.243, 140
Trd, 4319339.643, 138
Trd, 4319340.143, 113
Trd, 4319340.643, 138
Trd, 4319341.393, 134
Trd, 4319341.543, 133
Trd, 4319342.043, 80
Trd, 4319342.493, 85
Trd, 4319342.693, 121
Trd, 4319343.693, 60
Trd, 4319344.093, 60
Trd, 4319345.343, 71
Trd, 4319345.743, 66
Trd, 4319345.893, 67
Trd, 4319346.743, 132
Trd, 4319347.443, 134
Trd, 4319348.193, 140
Trd, 4319348.543, 132
Trd, 4319349.093, 127
Trd, 4319349.493, 140
Trd, 4319350.393, 119
Trd, 4319350.843, 129
Trd, 4319351.293, 139
Trd, 4319351.343, 106
Trd, 4319352.843, 76
Trd, 4319353.393, 78
Trd, 4319353.593, 63
Trd, 4319354.643, 63
Trd, 4319354.893, 60
Trd, 4319357.043, 61
Trd, 4319357.643, 75
Trd, 4319358.293, 140
Trd, 4319358.693, 131
Trd, 4319359.393, 130
Trd, 4319359.643, 140
Trd, 4319360.093, 131
Trd, 4319360.293, 129
Trd, 4319360.393, 78
Trd, 4319361.293, 135
Trd, 4319362.893, 138
Trd, 4319363.643, 138
Trd, 4319363.943, 139
Trd, 4319365.243, 138
Trd, 4319365.493, 137
Trd, 4319365.743, 119
Trd, 4319367.643, 140
Trd, 4319367.893, 140
Trd, 4319368.193, 139
Trd, 4319369.043, 140
Trd, 4319369.943, 137
Trd, 4319370.043, 108
Trd, 4319370.493, 118
Trd, 4319371.193, 82
Trd, 4319371.993, 92
Trd, 4319372.043, 132
Trd, 4319373.143, 127
Trd, 4319373.293, 91
Trd, 4319373.693, 135
Trd, 4319373.993, 133
Trd, 4319374.593, 130
Trd, 4319375.393, 87
Trd, 4319375.643, 66
Trd, 4319376.593, 111
Trd, 4319376.943, 111
Trd, 4319377.443, 110
Trd, 4319378.443, 114
Trd, 4319379.743, 131
Trd, 4319379.893, 139
Trd, 4319379.993, 140
Trd, 4319381.193, 69
Trd, 4319381.943, 140
Trd, 4319382.243, 139
Trd, 4319383.093, 139
Trd, 4319383.943, 140
Trd, 4319384.193, 111
Trd, 4319385.343, 136
Trd, 4319385.643, 135
Trd, 4319386.293, 77
Trd, 4319388.443, 61
Trd, 4319388.893, 60
Trd, 4319389.443, 61
Trd, 4319390.043, 65
Trd, 4319390.493, 74
Trd, 4319391.043, 75
Trd, 4319391.143, 74
Trd, 4319392.693, 140
Trd, 4319392.893, 96
Trd, 4319393.343, 76
Trd, 4319393.993, 66
Trd, 4319394.593, 73
Trd, 4319395.693, 60
Trd, 4319395.993, 68
Trd, 4319396.693, 72
Trd, 4319396.843, 77
Trd, 4319397.843, 65
Trd, 4319398.893, 63
Trd, 4319399.243, 62
Trd, 4319399.643, 70
Trd, 4319401.643, 63
Trd, 4319402.493, 60
Trd, 4319402.943, 60
Trd, 4319403.243, 63
Trd, 4319403.593, 63
Trd, 4319403.843, 66
Trd, 4319405.193, 63
Trd, 4319405.393, 66
Trd, 4319405.843, 65
Trd, 4319406.943, 140
Trd, 4319407.893, 74
Trd, 4319409.693, 140
Trd, 4319410.543, 139
Trd, 4319411.643, 63
Trd, 4319411.993, 63
Trd, 4319412.793, 62
Trd, 4319414.193, 140
Trd, 4319414.943, 139
Trd, 4319415.593, 140
Trd, 4319416.493, 120
Trd, 4319417.593, 108
Trd, 4319417.893, 108
Trd, 4319417.943, 107
Trd, 4319418.243, 102
Trd, 4319418.343, 98
Trd, 4319421.493, 140
Trd, 4319422.143, 140
Trd, 4319422.643, 140
Trd, 4319422.893, 129
Trd, 4319423.593, 102
Trd, 4319424.643, 125
Trd, 4319424.943, 139
Trd, 4319425.543, 140
Trd, 4319426.493, 140
Trd, 4319426.743, 138
Trd, 4319427.443, 119
Trd, 4319427.893, 118
Trd, 4319428.543, 115
Trd, 4319428.893, 114
Trd, 4319429.293, 88
Trd, 4319429.893, 140
Trd, 4319430.893, 67
Trd, 4319431.343, 128
Trd, 4319431.743, 113
Trd, 4319432.143, 140
Trd, 4319432.993, 103
Trd, 4319433.543, 86
Trd, 4319434.343, 79
Trd, 4319434.843, 65
Trd, 4319435.093, 64
Trd, 4319435.493, 139
Trd, 4319437.143, 136
Trd, 4319438.393, 140
Trd, 4319438.743, 139
Trd, 4319439.593, 127
Trd, 4319439.993, 109
Trd, 4319440.293, 105
Trd, 4319441.393, 60
Trd, 4319441.493, 124
Trd, 4319441.993, 137
Trd, 4319443.043, 133
Trd, 4319443.593, 110
Trd, 4319444.043, 127
Trd, 4319445.943, 140
Trd, 4319446.043, 140
Trd, 4319446.893, 140
Trd, 4319446.993, 140
Trd, 4319448.093, 140
Trd, 4319448.993, 140
Trd, 4319449.493, 140
Trd, 4319450.043, 140
Trd, 4319450.893, 126
Trd, 4319451.493, 69
Trd, 4319451.893, 65
Trd, 4319452.593, 136
Trd, 4319452.793, 135
Trd, 4319453.743, 129
Trd, 4319454.093, 128
Trd, 4319454.743, 139
Trd, 4319455.043, 138
Trd, 4319455.243, 112
Trd, 4319455.893, 140
Trd, 4319456.043, 140
Trd, 4319456.543, 112
Trd, 4319457.593, 126
Trd, 4319458.143, 128
Trd, 4319458.593, 91
Trd, 4319459.293, 63
Trd, 4319460.343, 63
Trd, 4319460.543, 66
Trd, 4319460.743, 61
Trd, 4319462.043, 69
Trd, 4319462.393, 140
Trd, 4319462.993, 140
Trd, 4319463.493, 140
Trd, 4319463.943, 140
Trd, 4319465.343, 112
Trd, 4319466.543, 127
Trd, 4319467.293, 128
Trd, 4319467.543, 127
Trd, 4319468.293, 140
Trd, 4319468.493, 138
Trd, 4319468.943, 139
Trd, 4319468.993, 119
Trd, 4319470.493, 61
Trd, 4319471.593, 60
Trd, 4319472.393, 74
Trd, 4319472.993, 140
Trd, 4319473.543, 60
Trd, 4319473.743, 60
Trd, 4319475.443, 62
Trd, 4319475.593, 63
Trd, 4319476.443, 61
Trd, 4319477.093, 60
Trd, 4319477.143, 66
Trd, 4319477.843, 66
Trd, 4319478.093, 71
Trd, 4319479.043, 114
Trd, 4319479.343, 70
Trd, 4319479.793, 123
Trd, 4319482.193, 135
Trd, 4319482.293, 96
Trd, 4319482.843, 97
Trd, 4319483.243, 127
Trd, 4319484.443, 139
Trd, 4319485.143, 139
Trd, 4319485.443, 86
Trd, 4319485.993, 61
Trd, 4319487.143, 60
Trd, 4319487.393, 62
Trd, 4319488.893, 62
Trd, 4319489.093, 140
Trd, 4319490.293, 140
Trd, 4319490.443, 140
Trd, 4319490.593, 140
Trd, 4319490.843, 131
Trd, 4319491.693, 121
Trd, 4319492.443, 140
Trd, 4319492.993, 140
Trd, 4319493.443, 137
Trd, 4319493.493, 90
Trd, 4319494.943, 77
Trd, 4319495.793, 128
Trd, 4319495.893, 91
Trd, 4319496.843, 140
Trd, 4319497.793, 140
Trd, 4319498.193, 140
Trd, 4319498.593, 139
Trd, 4319499.893, 140
Trd, 4319500.743, 139
Trd, 4319501.243, 131
Trd, 4319502.193, 140
Trd, 4319502.993, 140
Trd, 4319503.343, 140
Trd, 4319503.793, 133
Trd, 4319504.743, 139
Trd, 4319504.793, 111
Trd, 4319504.993, 85
Trd, 4319505.893, 100
Trd, 4319506.993, 140
Trd, 4319507.193, 138
Trd, 4319508.693, 114
Trd, 4319509.293, 114
Trd, 4319509.443, 83
Trd, 4319510.943, 120
Trd, 4319511.593, 125
Trd, 4319511.643, 108
Trd, 4319512.593, 112
Trd, 4319512.943, 139
Trd, 4319513.343, 78
Trd, 4319513.843, 94
Trd, 4319513.893, 83
Trd, 4319514.993, 94
Trd, 4319515.393, 139
Trd, 4319515.643, 97
Trd, 4319515.943, 94
Trd, 4319516.843, 131
Trd, 4319517.243, 140
Trd, 4319517.893, 140
Trd, 4319519.993, 132
Trd, 4319520.193, 139
Trd, 4319520.443, 131
Trd, 4319520.743, 104
Trd, 4319520.993, 102
Trd, 4319521.893, 108
Trd, 4319522.743, 88
Trd, 4319522.943, 116
Trd, 4319524.193, 140
Trd, 4319524.943, 130
Trd, 4319525.193, 83
Trd, 4319526.843, 140
Trd, 4319526.893, 140
Trd, 4319527.993, 140
Trd, 4319528.093, 139
Trd, 4319529.493, 139
Trd, 4319529.843, 138
Trd, 4319529.943, 129
Trd, 4319532.293, 140
Trd, 4319532.543, 136
Trd, 4319532.893, 140
Trd, 4319533.493, 139
Trd, 4319533.643, 107
Trd, 4319534.843, 137
Trd, 4319535.393, 130
Trd, 4319535.693, 130
Trd, 4319535.893, 129
Trd, 4319536.393, 75
Trd, 4319536.993, 65
Trd, 4319538.593, 65
Trd, 4319538.843, 61
Trd, 4319539.243, 129
Trd, 4319540.793, 61
Trd, 4319541.093, 60
Trd, 4319541.743, 62
Trd, 4319543.193, 60
Trd, 4319543.243, 61
Trd, 4319544.443, 60
Trd, 4319544.693, 60
Trd, 4319545.043, 66
Trd, 4319546.193, 69
Trd, 4319548.393, 63
Trd, 4319548.443, 65
Trd, 4319548.943, 78
Trd, 4319551.543, 60
Trd, 4319551.593, 61
Trd, 4319552.443, 64
Trd, 4319552.643, 62
Trd, 4319553.843, 62
Trd, 4319553.993, 65
Trd, 4319554.293, 67
Trd, 4319555.443, 68
Trd, 4319555.693, 124
Trd, 4319556.043, 68
Trd, 4319556.093, 67
Trd, 4319557.443, 60
Trd, 4319558.093, 64
Trd, 4319558.993, 102
Trd, 4319559.993, 139
Trd, 4319560.743, 61
Trd, 4319561.093, 61
Trd, 4319561.743, 62
Trd, 4319562.193, 64
Trd, 4319562.443, 62
Trd, 4319564.193, 61
Trd, 4319565.543, 60
Trd, 4319565.643, 62
Trd, 4319565.993, 63
Trd, 4319566.243, 63
Trd, 4319566.793, 61
Trd, 4319567.943, 90
Trd, 4319569.093, 63
Trd, 4319569.243, 65
Trd, 4319569.943, 61
Trd, 4319570.043, 61
Trd, 4319570.243, 72
Trd, 4319571.643, 65
Trd, 4319572.093, 64
Trd, 4319572.893, 67
Trd, 4319573.243, 82
Trd, 4319574.243, 60
Trd, 4319574.293, 63
Trd, 4319574.793, 131
Trd, 4319574.843, 122
Trd, 4319575.443, 140
Trd, 4319577.543, 66
Trd, 4319578.593, 140
Trd, 4319578.793, 140
Trd, 4319578.993, 121
Trd, 4319581.293, 60
Trd, 4319581.393, 61
Trd, 4319581.843, 61
Trd, 4319583.443, 140
Trd, 4319583.893, 140
Trd, 4319584.593, 140
Trd, 4319584.643, 140
Trd, 4319584.893, 137
Trd, 4319585.743, 139
Trd, 4319587.043, 60
Trd, 4319587.893, 60
Trd, 4319587.993, 63
Trd, 4319588.243, 101
Trd, 4319589.843, 64
Trd, 4319590.193, 62
Trd, 4319590.393, 61
Trd, 4319590.443, 64
Trd, 4319591.343, 65
Trd, 4319592.293, 61
Trd, 4319593.443, 63
Trd, 4319593.893, 75
Trd, 4319595.043, 140
Trd, 4319596.293, 140
Trd, 4319596.393, 139
Trd, 4319596.793, 134
Trd, 4319596.843, 133
Trd, 4319597.593, 84
Trd, 4319598.843, 138
Trd, 4319599.093, 112
Trd, 4319599.493, 105
Trd, 4319599.843, 80
Trd, 4319600.943, 61
Trd, 4319602.593, 60
Trd, 4319602.643, 67
Trd, 4319603.243, 60
Trd, 4319604.693, 90
Trd, 4319605.143, 60
Trd, 4319605.693, 63
Trd, 4319606.243, 67
Trd, 4319606.443, 63
Trd, 4319607.193, 134
Trd, 4319608.843, 140
Trd, 4319608.943, 140
Trd, 4319609.143, 136
Trd, 4319609.593, 140
Trd, 4319610.493, 136
Trd, 4319610.543, 135
Trd, 4319611.193, 71
Trd, 4319611.293, 66
Trd, 4319612.893, 91
Trd, 4319613.443, 130
Trd, 4319615.393, 140
Trd, 4319615.443, 140
Trd, 4319615.943, 140
Trd, 4319616.593, 140
Trd, 4319616.643, 138
Trd, 4319617.343, 116
Trd, 4319617.993, 60
Trd, 4319618.943, 84
Trd, 4319619.493, 138
Trd, 4319619.693, 62
Trd, 4319620.143, 140
Trd, 4319620.593, 60
Trd, 4319620.893, 61
Trd, 4319623.443, 79
Trd, 4319623.843, 80
Trd, 4319624.893, 140
Trd, 4319625.143, 129
Trd, 4319625.293, 118
Trd, 4319626.643, 140
Trd, 4319626.943, 139
Trd, 4319627.043, 138
Trd, 4319628.443, 139
Trd, 4319628.643, 125
Trd, 4319629.143, 121
Trd, 4319629.293, 120
Trd, 4319629.543, 118
Trd, 4319631.043, 136
Trd, 4319631.993, 136
Trd, 4319632.893, 140
Trd, 4319634.343, 140
Trd, 4319634.643, 140
Trd, 4319634.693, 139
Trd, 4319635.143, 96
Trd, 4319635.743, 92
Trd, 4319636.993, 139
Trd, 4319637.093, 105
Trd, 4319637.643, 138
Trd, 4319639.143, 140
Trd, 4319639.193, 140
Trd, 4319639.393, 136
Trd, 4319640.243, 133
Trd, 4319641.343, 135
Trd, 4319642.293, 136
Trd, 4319643.243, 136
Trd, 4319643.393, 131
Trd, 4319644.643, 140
Trd, 4319644.893, 139
Trd, 4319645.343, 112
Trd, 4319646.043, 95
Trd, 4319646.243, 92
Trd, 4319646.693, 103
Trd, 4319647.093, 61
Trd, 4319647.843, 60
Trd, 4319648.343, 62
Trd, 4319648.643, 138
Trd, 4319650.293, 65
Trd, 4319651.593, 60
Trd, 4319652.843, 61
Trd, 4319653.893, 61
Trd, 4319654.143, 61
Trd, 4319654.643, 60
Trd, 4319656.493, 60
Trd, 4319657.193, 60
Trd, 4319658.343, 60
Trd, 4319658.393, 62
Trd, 4319658.543, 63
Trd, 4319658.993, 64
Trd, 4319659.343, 65
Trd, 4319659.943, 62
Trd, 4319660.143, 139
Trd, 4319660.793, 81
Trd, 4319661.893, 76
Trd, 4319662.443, 122
Trd, 4319663.143, 140
Trd, 4319664.243, 67
Trd, 4319664.443, 111
Trd, 4319664.693, 89
Trd, 4319665.193, 85
Trd, 4319665.343, 83
Trd, 4319665.393, 82
Trd, 4319665.793, 78
Trd, 4319667.893, 132
Trd, 4319668.693, 113
Trd, 4319669.143, 71
Trd, 4319669.243, 70
Trd, 4319670.243, 64
Trd, 4319671.793, 60
Trd, 4319672.193, 62
Trd, 4319672.543, 86
Trd, 4319672.743, 78
Trd, 4319673.843, 72
Trd, 4319674.093, 71
Trd, 4319675.843, 136
Trd, 4319676.093, 136
Trd, 4319676.743, 140
Trd, 4319676.793, 137
Trd, 4319678.093, 140
Trd, 4319678.393, 138
Trd, 4319678.943, 120
Trd, 4319679.893, 126
Trd, 4319680.243, 98
Trd, 4319680.743, 96
Trd, 4319681.493, 76
Trd, 4319681.943, 80
Trd, 4319682.293, 140
Trd, 4319682.643, 136
Trd, 4319682.843, 125
Trd, 4319684.243, 95
Trd, 4319684.343, 67
Trd, 4319685.143, 62
Trd, 4319685.443, 61
Trd, 4319686.393, 140
Trd, 4319686.943, 110
Trd, 4319686.993, 98
Trd, 4319687.943, 65
Trd, 4319688.643, 124
Trd, 4319689.243, 62
Trd, 4319689.943, 139
Trd, 4319691.693, 66
Trd, 4319691.893, 97
Trd, 4319693.393, 60
Trd, 4319693.643, 64
Trd, 4319694.793, 67
Trd, 4319694.893, 72
Trd, 4319695.393, 62
Trd, 4319695.493, 99
Trd, 4319695.743, 63
Trd, 4319696.993, 105
Trd, 4319697.043, 89
Trd, 4319697.543, 140
Trd, 4319698.443, 136
Trd, 4319699.143, 135
Trd, 4319699.993, 129
Trd, 4319700.043, 84
Trd, 4319700.193, 128
Trd, 4319701.193, 85
Trd, 4319701.843, 104
Trd, 4319702.293, 125
Trd, 4319702.343, 83
Trd, 4319702.793, 110
Trd, 4319703.193, 81
Trd, 4319705.243, 140
Trd, 4319706.793, 140
Trd, 4319706.893, 140
Trd, 4319708.043, 140
Trd, 4319708.243, 136
Trd, 4319708.293, 128
Trd, 4319708.693, 137
Trd, 4319709.443, 92
Trd, 4319710.343, 140
Trd, 4319710.493, 136
Trd, 4319711.993, 139
Trd, 4319712.943, 117
Trd, 4319713.043, 84
Trd, 4319713.543, 113
Trd, 4319714.393, 62
Trd, 4319714.943, 68
Trd, 4319715.543, 61
Trd, 4319716.693, 64
Trd, 4319717.893, 62
Trd, 4319717.993, 63
Trd, 4319718.243, 64
Trd, 4319719.043, 89
Trd, 4319719.193, 62
Trd, 4319719.293, 64
Trd, 4319721.343, 82
Trd, 4319722.343, 61
Trd, 4319722.943, 140
Trd, 4319723.143, 117
Trd, 4319723.193, 116
Trd, 4319723.893, 61
Trd, 4319724.993, 63
Trd, 4319725.143, 81
Trd, 4319726.243, 60
Trd, 4319726.793, 137
Trd, 4319727.093, 60
Trd, 4319727.993, 61
Trd, 4319728.693, 60
Trd, 4319729.093, 72
Trd, 4319729.543, 140
Trd, 4319729.693, 105
Trd, 4319730.343, 60
Trd, 4319730.943, 64
Trd, 4319731.343, 83
Trd, 4319732.043, 139
Trd, 4319732.343, 63
Trd, 4319733.493, 140
Trd, 4319733.893, 122
Trd, 4319734.043, 129
Trd, 4319735.043, 76
Trd, 4319736.443, 139
Trd, 4319736.543, 125
Trd, 4319737.143, 129
Trd, 4319737.543, 114
Trd, 4319737.893, 113
Trd, 4319739.243, 140
Trd, 4319739.593, 132
Trd, 4319740.443, 89
Trd, 4319740.943, 117
Trd, 4319741.143, 87
Trd, 4319741.643, 140
Trd, 4319741.943, 85
Trd, 4319743.143, 138
Trd, 4319744.843, 140
Trd, 4319745.243, 140
Trd, 4319745.493, 133
Trd, 4319745.943, 64
Trd, 4319746.643, 63
Trd, 4319747.793, 136
Trd, 4319748.243, 135
Trd, 4319750.043, 140
Trd, 4319750.093, 138
Trd, 4319750.243, 115
Trd, 4319750.643, 62
Trd, 4319751.693, 72
Trd, 4319753.043, 60
Trd, 4319754.093, 61
Trd, 4319754.143, 66
Trd, 4319754.543, 66
Trd, 4319754.843, 72
Trd, 4319755.093, 72
Trd, 4319755.693, 109
Trd, 4319757.443, 60
Trd, 4319757.843, 60
Trd, 4319757.993, 60
Trd, 4319759.443, 64
Trd, 4319760.143, 139
Trd, 4319760.893, 140
Trd, 4319761.393, 140
Trd, 4319762.093, 139
Trd, 4319762.493, 140
Trd, 4319763.443, 140
Trd, 4319763.493, 140
Trd, 4319764.643, 121
Trd, 4319765.143, 108
Trd, 4319766.293, 104
Trd, 4319767.143, 109
Trd, 4319767.543, 78
Trd, 4319768.143, 107
Trd, 4319768.793, 92
Trd, 4319769.893, 133
Trd, 4319769.943, 116
Trd, 4319771.093, 129
Trd, 4319772.643, 108
Trd, 4319772.743, 107
Trd, 4319772.793, 106
Trd, 4319772.943, 135
Trd, 4319773.843, 123
Trd, 4319774.143, 92
Trd, 4319774.493, 140
Trd, 4319775.093, 84
Trd, 4319775.893, 125
Trd, 4319778.293, 140
Trd, 4319778.693, 140
Trd, 4319779.043, 127
Trd, 4319779.393, 126
Trd, 4319779.693, 77
Trd, 4319780.043, 140
Trd, 4319780.643, 89
Trd, 4319783.493, 140
Trd, 4319784.143, 140
Trd, 4319784.243, 140
Trd, 4319784.793, 140
Trd, 4319784.943, 101
Trd, 4319786.243, 119
Trd, 4319786.293, 118
Trd, 4319786.793, 119
Trd, 4319787.343, 135
Trd, 4319788.243, 140
Trd, 4319788.543, 138
Trd, 4319788.843, 116
Trd, 4319789.893, 114
Trd, 4319790.493, 73
Trd, 4319790.993, 66
Trd, 4319791.693, 63
Trd, 4319793.593, 64
Trd, 4319793.643, 115
Trd, 4319794.593, 60
Trd, 4319794.693, 62
Trd, 4319797.043, 60
Trd, 4319797.143, 66
Trd, 4319797.293, 61
Trd, 4319797.493, 69
Trd, 4319798.593, 63
Trd, 4319799.543, 134
Trd, 4319799.693, 132
Trd, 4319800.343, 131
Trd, 4319801.143, 60
Trd, 4319801.493, 68
Trd, 4319802.293, 128
Trd, 4319802.693, 134
Trd, 4319802.893, 125
Trd, 4319803.093, 124
Trd, 4319803.343, 68
Trd, 4319805.643, 140
Trd, 4319805.693, 140
Trd, 4319805.793, 139
Trd, 4319805.843, 85
Trd, 4319806.143, 82
Trd, 4319807.143, 131
Trd, 4319809.043, 63
Trd, 4319809.093, 99
Trd, 4319809.443, 124
Trd, 4319810.043, 140
Trd, 4319811.093, 140
Trd, 4319811.693, 140
Trd, 4319812.293, 138
Trd, 4319812.443, 137
Trd, 4319812.643, 135
Trd, 4319813.393, 70
Trd, 4319813.493, 65
Trd, 4319814.893, 60
Trd, 4319816.043, 62
Trd, 4319816.343, 60
Trd, 4319816.493, 115
Trd, 4319818.093, 61
Trd, 4319818.393, 63
Trd, 4319819.543, 61
Trd, 4319820.643, 61
Trd, 4319820.893, 60
Trd, 4319821.343, 60
Trd, 4319821.593, 61
Trd, 4319821.943, 69
Trd, 4319822.643, 136
Trd, 4319824.143, 140
Trd, 4319825.643, 140
Trd, 4319825.693, 140
Trd, 4319825.793, 138
Trd, 4319826.143, 96
Trd, 4319826.643, 110
Trd, 4319826.793, 83
Trd, 4319827.943, 111
Trd, 4319828.043, 121
Trd, 4319829.793, 140
Trd, 4319830.043, 140
Trd, 4319830.493, 125
Trd, 4319831.043, 63
Trd, 4319832.893, 139
Trd, 4319833.593, 126
Trd, 4319834.343, 125
Trd, 4319834.593, 139
Trd, 4319834.993, 139
Trd, 4319835.893, 103
Trd, 4319836.493, 132
Trd, 4319836.643, 116
Trd, 4319836.893, 112
Trd, 4319837.443, 107
Trd, 4319838.143, 63
Trd, 4319838.643, 60
Trd, 4319839.343, 140
Trd, 4319839.843, 140
Trd, 4319841.543, 140
Trd, 4319842.243, 125
Trd, 4319842.693, 92
Trd, 4319843.543, 139
Trd, 4319843.793, 138
Trd, 4319844.843, 126
Trd, 4319845.143, 126
Trd, 4319845.193, 93
Trd, 4319845.593, 110
Trd, 4319845.793, 63
Trd, 4319847.543, 60
Trd, 4319849.793, 62
Trd, 4319850.493, 62
Trd, 4319851.343, 62
Trd, 4319852.243, 115
Trd, 4319853.293, 140
Trd, 4319853.743, 140
Trd, 4319854.243, 140
Trd, 4319854.443, 140
Trd, 4319854.493, 140
Trd, 4319854.793, 134
Trd, 4319854.943, 87
Trd, 4319857.193, 140
Trd, 4319857.543, 129
Trd, 4319857.693, 104
Trd, 4319857.993, 117
Trd, 4319858.443, 71
Trd, 4319859.193, 135
Trd, 4319859.693, 74
Trd, 4319859.893, 69
Trd, 4319861.243, 140
Trd, 4319862.043, 125
Trd, 4319862.693, 112
Trd, 4319862.743, 110
Trd, 4319863.093, 139
Trd, 4319863.593, 112
Trd, 4319863.743, 111
Trd, 4319865.043, 140
Trd, 4319865.143, 139
Trd, 4319866.193, 61
Trd, 4319867.193, 127
Trd, 4319867.693, 139
Trd, 4319868.593, 140
Trd, 4319868.743, 140
Trd, 4319868.993, 140
Trd, 4319869.243, 118
Trd, 4319869.443, 64
Trd, 4319870.393, 79
Trd, 4319871.593, 64
Trd, 4319871.943, 139
Trd, 4319873.393, 140
Trd, 4319874.143, 140
Trd, 4319874.243, 140
Trd, 4319875.493, 140
Trd, 4319875.543, 139
Trd, 4319876.193, 66
Trd, 4319876.593, 130
Trd, 4319877.143, 75
Trd, 4319878.343, 60
Trd, 4319878.943, 61
Trd, 4319879.393, 80
Trd, 4319879.693, 104
Trd, 4319881.293, 60
Trd, 4319882.843, 63
Trd, 4319884.393, 63
Trd, 4319884.643, 83
Trd, 4319884.843, 81
Trd, 4319885.293, 65
Trd, 4319886.993, 60
Trd, 4319888.093, 60
Trd, 4319888.143, 62
Trd, 4319888.843, 61
Trd, 4319889.693, 63
Trd, 4319890.093, 60
Trd, 4319890.243, 62
Trd, 4319891.093, 73
Trd, 4319891.793, 74
Trd, 4319892.193, 139
Trd, 4319892.793, 138
Trd, 4319893.593, 62
Trd, 4319893.793, 119
Trd, 4319894.593, 140
Trd, 4319894.843, 67
Trd, 4319895.093, 72
Trd, 4319897.043, 140
Trd, 4319897.693, 140
Trd, 4319898.343, 139
Trd, 4319898.743, 97
Trd, 4319899.443, 105
Trd, 4319899.693, 87
Trd, 4319900.693, 61
Trd, 4319900.743, 107
Trd, 4319900.893, 104
Trd, 4319901.443, 77
Trd, 4319902.993, 60
Trd, 4319903.443, 69
Trd, 4319904.293, 61
Trd, 4319905.343, 61
Trd, 4319905.743, 62
Trd, 4319906.393, 66
Trd, 4319907.593, 61
Trd, 4319908.043, 63
Trd, 4319909.743, 80
Trd, 4319910.193, 92
Trd, 4319910.643, 133
Trd, 4319910.993, 79
Trd, 4319911.843, 61
Trd, 4319912.593, 67
Trd, 4319912.743, 100
Trd, 4319914.793, 140
Trd, 4319914.843, 138
Trd, 4319915.943, 61
Trd, 4319916.193, 62
Trd, 4319916.543, 102
Trd, 4319917.243, 62
Trd, 4319917.343, 64
Trd, 4319918.393, 65
Trd, 4319918.493, 140
Trd, 4319919.343, 71
Trd, 4319920.293, 62
Trd, 4319920.743, 104
Trd, 4319921.293, 140
Trd, 4319921.793, 60
Trd, 4319923.243, 62
Trd, 4319923.393, 62
Trd, 4319924.093, 60
Trd, 4319927.093, 140
Trd, 4319928.143, 140
Trd, 4319928.543, 140
Trd, 4319928.793, 139
Trd, 4319929.393, 126
Trd, 4319929.743, 120
Trd, 4319930.243, 98
Trd, 4319930.993, 139
Trd, 4319931.143, 130
Trd, 4319931.943, 98
Trd, 4319932.443, 77
Trd, 4319933.543, 60
Trd, 4319934.243, 139
Trd, 4319934.993, 140
Trd, 4319935.493, 140
Trd, 4319936.693, 140
Trd, 4319936.993, 140
Trd, 4319937.293, 140
Trd, 4319938.543, 139
Trd, 4319938.793, 127
Trd, 4319938.843, 104
Trd, 4319941.993, 140
Trd, 4319942.693, 140
Trd, 4319942.793, 139
Trd, 4319943.093, 96
Trd, 4319943.443, 135
Trd, 4319943.993, 134
Trd, 4319944.343, 64
Trd, 4319945.443, 60
Trd, 4319945.593, 99
Trd, 4319947.493, 60
Trd, 4319948.143, 62
Trd, 4319948.493, 62
Trd, 4319948.593, 63
Trd, 4319949.543, 67
Trd, 4319949.993, 67
Trd, 4319950.243, 110
Trd, 4319950.743, 116
Trd, 4319951.743, 123
Trd, 4319951.793, 118
Trd, 4319952.743, 104
Trd, 4319952.893, 103
Trd, 4319953.593, 61
Trd, 4319954.343, 71
Trd, 4319955.543, 139
Trd, 4319956.893, 117
Trd, 4319957.343, 117
Trd, 4319957.493, 123
Trd, 4319957.993, 98
Trd, 4319958.343, 131
Trd, 4319958.443, 97
Trd, 4319959.793, 139
Trd, 4319960.293, 92
Trd, 4319961.043, 124
Trd, 4319961.943, 62
Trd, 4319962.793, 60
Trd, 4319965.543, 60
Trd, 4319965.593, 60
Trd, 4319966.043, 61
Trd, 4319966.243, 67
Trd, 4319966.643, 62
Trd, 4319967.893, 64
Trd, 4319968.343, 63
Trd, 4319969.043, 60
Trd, 4319970.043, 60
Trd, 4319970.243, 61
Trd, 4319970.743, 64
Trd, 4319970.893, 82
Trd, 4319970.993, 61
Trd, 4319972.043, 65
Trd, 4319972.943, 72
Trd, 4319973.643, 69
Trd, 4319975.293, 62
Trd, 4319975.643, 62
Trd, 4319976.243, 61
Trd, 4319977.043, 108
Trd, 4319977.693, 60
Trd, 4319978.043, 61
Trd, 4319978.993, 140
Trd, 4319980.093, 140
Trd, 4319980.343, 140
Trd, 4319980.793, 140
Trd, 4319981.043, 133
Trd, 4319981.743, 110
Trd, 4319982.193, 121
Trd, 4319982.393, 129
Trd, 4319984.193, 87
Trd, 4319984.493, 136
Trd, 4319985.293, 139
Trd, 4319985.643, 138
Trd, 4319986.143, 117
Trd, 4319986.343, 89
Trd, 4319986.943, 79
Trd, 4319987.743, 77
Trd, 4319988.743, 134
Trd, 4319988.843, 132
Trd, 4319990.393, 140
Trd, 4319990.643, 139
Trd, 4319990.843, 138
Trd, 4319991.393, 117
Trd, 4319991.893, 117
Trd, 4319992.943, 88
Trd, 4319993.293, 69
Trd, 4319994.893, 140
Trd, 4319995.043, 129
Trd, 4319995.443, 132
Trd, 4319995.593, 131
Trd, 4319995.893, 129
Trd, 4319996.093, 90
Trd, 4319996.793, 122
Trd, 4319998.043, 140
Trd, 4319998.493, 62
