Trd, 4318201.743, 73
Trd, 4318201.993, 74
Trd, 4318202.293, 136
Trd, 4318202.943, 140
Trd, 4318203.043, 131
Trd, 4318203.693, 108
Trd, 4318204.193, 140
Trd, 4318205.543, 140
Trd, 4318205.843, 140
Trd, 4318206.943, 140
Trd, 4318206.993, 134
Trd, 4318207.693, 140
Trd, 4318207.893, 121
Trd, 4318208.293, 139
Trd, 4318208.643, 112
Trd, 4318209.093, 101
Trd, 4318210.943, 116
Trd, 4318211.443, 140
Trd, 4318211.743, 82
Trd, 4318211.893, 81
Trd, 4318212.093, 119
Trd, 4318212.243, 130
Trd, 4318212.943, 140
Trd, 4318213.643, 139
Trd, 4318214.093, 73
Trd, 4318214.243, 138
Trd, 4318215.843, 139
Trd, 4318216.693, 65
Trd, 4318217.143, 83
Trd, 4318217.643, 140
Trd, 4318217.893, 139
Trd, 4318218.243, 70
Trd, 4318219.543, 140
Trd, 4318219.693, 140
Trd, 4318220.993, 139
Trd, 4318221.343, 140
Trd, 4318221.393, 105
Trd, 4318221.743, 88
Trd, 4318222.243, 75
Trd, 4318224.293, 140
Trd, 4318224.493, 140
Trd, 4318224.793, 139
Trd, 4318225.243, 140
Trd, 4318225.643, 139
Trd, 4318226.293, 107
Trd, 4318226.493, 131
Trd, 4318227.743, 140
Trd, 4318227.793, 140
Trd, 4318227.893, 70
Trd, 4318228.343, 67
Trd, 4318229.493, 62
Trd, 4318229.943, 64
Trd, 4318230.893, 140
Trd, 4318231.643, 139
Trd, 4318232.393, 140
Trd, 4318233.343, 93
Trd, 4318233.943, 140
Trd, 4318234.393, 140
Trd, 4318234.743, 114
Trd, 4318235.643, 140
Trd, 4318235.943, 140
Trd, 4318236.493, 69
Trd, 4318236.543, 70
Trd, 4318237.493, 138
Trd, 4318238.593, 121
Trd, 4318239.143, 109
Trd, 4318239.393, 80
Trd, 4318239.643, 60
Trd, 4318240.393, 67
Trd, 4318240.693, 140
Trd, 4318240.893, 67
Trd, 4318241.393, 140
Trd, 4318242.093, 140
Trd, 4318242.243, 140
Trd, 4318242.943, 139
Trd, 4318243.293, 65
Trd, 4318244.493, 140
Trd, 4318245.143, 140
Trd, 4318245.493, 140
Trd, 4318246.493, 140
Trd, 4318247.493, 124
Trd, 4318248.193, 140
Trd, 4318248.693, 140
Trd, 4318248.793, 139
Trd, 4318249.743, 138
Trd, 4318249.893, 129
Trd, 4318250.743, 140
Trd, 4318251.093, 134
Trd, 4318251.243, 121
Trd, 4318251.993, 105
Trd, 4318253.493, 80
Trd, 4318255.193, 140
Trd, 4318255.243, 140
Trd, 4318255.293, 139
Trd, 4318255.743, 117
Trd, 4318255.943, 60
Trd, 4318256.193, 60
Trd, 4318256.493, 139
Trd, 4318256.793, 91
Trd, 4318258.043, 139
Trd, 4318258.693, 139
Trd, 4318259.393, 139
Trd, 4318259.643, 79
Trd, 4318260.693, 122
Trd, 4318260.943, 60
Trd, 4318261.393, 60
Trd, 4318261.593, 61
Trd, 4318262.043, 60
Trd, 4318262.693, 77
Trd, 4318263.193, 76
Trd, 4318263.743, 114
Trd, 4318264.493, 63
Trd, 4318265.443, 62
Trd, 4318266.293, 60
Trd, 4318266.643, 65
Trd, 4318266.893, 69
Trd, 4318267.343, 60
Trd, 4318268.043, 63
Trd, 4318268.093, 68
Trd, 4318269.293, 62
Trd, 4318270.193, 64
Trd, 4318270.493, 64
Trd, 4318271.893, 60
Trd, 4318271.993, 61
Trd, 4318272.393, 61
Trd, 4318273.993, 60
Trd, 4318274.743, 60
Trd, 4318274.893, 61
Trd, 4318275.243, 71
Trd, 4318275.643, 60
Trd, 4318276.793, 61
Trd, 4318277.343, 64
Trd, 4318277.643, 61
Trd, 4318278.443, 64
Trd, 4318278.693, 139
Trd, 4318280.093, 60
Trd, 4318280.793, 61
Trd, 4318280.943, 62
Trd, 4318281.843, 61
Trd, 4318282.193, 62
Trd, 4318282.843, 73
Trd, 4318283.793, 118
Trd, 4318284.893, 120
Trd, 4318285.093, 135
Trd, 4318285.443, 117
Trd, 4318285.893, 138
Trd, 4318286.443, 140
Trd, 4318286.993, 140
Trd, 4318287.343, 136
Trd, 4318287.993, 94
Trd, 4318288.943, 140
Trd, 4318289.593, 140
Trd, 4318289.943, 138
Trd, 4318290.093, 75
Trd, 4318291.393, 139
Trd, 4318291.443, 137
Trd, 4318292.193, 136
Trd, 4318292.393, 107
Trd, 4318293.493, 62
Trd, 4318293.943, 138
Trd, 4318295.793, 139
Trd, 4318296.293, 140
Trd, 4318296.643, 138
Trd, 4318296.743, 138
Trd, 4318296.893, 85
Trd, 4318299.143, 140
Trd, 4318299.193, 113
Trd, 4318299.743, 140
Trd, 4318300.093, 139
Trd, 4318301.293, 140
Trd, 4318303.143, 140
Trd, 4318303.643, 140
Trd, 4318303.943, 139
Trd, 4318304.493, 60
Trd, 4318304.543, 61
Trd, 4318304.893, 62
Trd, 4318305.293, 61
Trd, 4318305.493, 63
Trd, 4318306.443, 64
Trd, 4318307.993, 140
Trd, 4318308.693, 138
Trd, 4318308.993, 60
Trd, 4318309.093, 60
Trd, 4318309.693, 139
Trd, 4318311.143, 140
Trd, 4318311.793, 140
Trd, 4318312.043, 140
Trd, 4318312.893, 140
Trd, 4318313.393, 140
Trd, 4318313.643, 127
Trd, 4318314.143, 139
Trd, 4318315.393, 63
Trd, 4318315.693, 74
Trd, 4318316.143, 60
Trd, 4318316.593, 65
Trd, 4318317.743, 140
Trd, 4318318.243, 140
Trd, 4318318.393, 69
Trd, 4318321.093, 140
Trd, 4318321.743, 140
Trd, 4318321.793, 138
Trd, 4318322.943, 139
Trd, 4318323.193, 138
Trd, 4318324.493, 140
Trd, 4318324.893, 140
Trd, 4318325.343, 102
Trd, 4318326.143, 114
Trd, 4318326.743, 123
Trd, 4318327.043, 66
Trd, 4318327.543, 134
Trd, 4318327.743, 92
Trd, 4318328.293, 79
Trd, 4318331.393, 140
Trd, 4318331.443, 139
Trd, 4318331.593, 139
Trd, 4318331.793, 140
Trd, 4318332.743, 140
Trd, 4318333.243, 72
Trd, 4318333.393, 66
Trd, 4318333.893, 119
Trd, 4318334.393, 98
Trd, 4318335.793, 60
Trd, 4318335.943, 61
Trd, 4318336.343, 69
Trd, 4318337.193, 139
Trd, 4318337.693, 61
Trd, 4318338.493, 62
Trd, 4318338.593, 63
Trd, 4318338.993, 140
Trd, 4318339.643, 139
Trd, 4318339.693, 115
Trd, 4318341.093, 60
Trd, 4318341.243, 61
Trd, 4318342.643, 140
Trd, 4318343.093, 136
Trd, 4318343.493, 67
Trd, 4318344.443, 63
Trd, 4318344.493, 66
Trd, 4318345.593, 140
Trd, 4318345.643, 139
Trd, 4318346.393, 60
Trd, 4318347.193, 137
Trd, 4318348.193, 64
Trd, 4318349.143, 60
Trd, 4318349.643, 60
Trd, 4318349.943, 62
Trd, 4318352.043, 62
Trd, 4318352.293, 62
Trd, 4318352.543, 65
Trd, 4318353.243, 61
Trd, 4318353.293, 61
Trd, 4318353.393, 62
Trd, 4318354.243, 60
Trd, 4318354.743, 60
Trd, 4318355.143, 62
Trd, 4318356.143, 140
Trd, 4318356.443, 140
Trd, 4318356.843, 140
Trd, 4318358.393, 139
Trd, 4318359.243, 138
Trd, 4318359.593, 130
Trd, 4318360.393, 140
Trd, 4318361.843, 140
Trd, 4318361.993, 140
Trd, 4318362.393, 137
Trd, 4318363.443, 140
Trd, 4318363.693, 134
Trd, 4318365.093, 140
Trd, 4318365.393, 132
Trd, 4318365.843, 127
Trd, 4318366.093, 140
Trd, 4318367.143, 140
Trd, 4318367.743, 140
Trd, 4318368.093, 139
Trd, 4318368.843, 140
Trd, 4318369.193, 64
Trd, 4318369.243, 65
Trd, 4318369.943, 140
Trd, 4318370.243, 85
Trd, 4318371.093, 63
Trd, 4318371.393, 64
Trd, 4318372.643, 64
Trd, 4318372.893, 66
Trd, 4318373.293, 61
Trd, 4318373.593, 63
Trd, 4318373.993, 61
Trd, 4318374.443, 65
Trd, 4318375.493, 61
Trd, 4318375.993, 61
Trd, 4318376.043, 64
Trd, 4318376.743, 77
Trd, 4318377.543, 60
Trd, 4318377.893, 63
Trd, 4318378.443, 66
Trd, 4318379.393, 140
Trd, 4318379.793, 140
Trd, 4318380.493, 140
Trd, 4318380.793, 75
Trd, 4318380.993, 125
Trd, 4318381.993, 60
Trd, 4318382.243, 63
Trd, 4318382.393, 64
Trd, 4318383.293, 61
Trd, 4318384.143, 64
Trd, 4318384.543, 68
Trd, 4318385.693, 140
Trd, 4318385.793, 138
Trd, 4318386.693, 139
Trd, 4318387.793, 139
Trd, 4318388.993, 140
Trd, 4318389.093, 140
Trd, 4318389.743, 136
Trd, 4318389.793, 109
Trd, 4318389.993, 66
Trd, 4318390.343, 61
Trd, 4318390.943, 136
Trd, 4318391.193, 138
Trd, 4318391.693, 62
Trd, 4318392.143, 60
Trd, 4318393.893, 63
Trd, 4318394.293, 63
Trd, 4318394.443, 63
Trd, 4318396.243, 62
Trd, 4318397.193, 60
Trd, 4318397.393, 63
Trd, 4318397.743, 64
Trd, 4318398.443, 61
Trd, 4318398.743, 63
Trd, 4318399.593, 61
Trd, 4318400.243, 62
Trd, 4318401.243, 69
Trd, 4318401.293, 71
Trd, 4318402.243, 62
Trd, 4318403.743, 62
Trd, 4318404.143, 61
Trd, 4318404.443, 70
Trd, 4318404.493, 71
Trd, 4318404.793, 140
Trd, 4318405.043, 136
Trd, 4318405.893, 61
Trd, 4318406.943, 61
Trd, 4318408.143, 60
Trd, 4318409.093, 61
Trd, 4318409.193, 67
Trd, 4318409.343, 68
Trd, 4318409.493, 140
Trd, 4318409.943, 60
Trd, 4318411.643, 60
Trd, 4318412.293, 61
Trd, 4318413.393, 60
Trd, 4318413.443, 61
Trd, 4318414.693, 60
Trd, 4318415.693, 60
Trd, 4318416.293, 60
Trd, 4318416.543, 63
Trd, 4318417.893, 60
Trd, 4318418.493, 60
Trd, 4318419.343, 60
Trd, 4318419.793, 60
Trd, 4318420.043, 60
Trd, 4318420.143, 61
Trd, 4318420.593, 63
Trd, 4318421.243, 60
Trd, 4318422.593, 60
Trd, 4318422.893, 60
Trd, 4318423.543, 61
Trd, 4318424.193, 60
Trd, 4318424.943, 60
Trd, 4318425.643, 61
Trd, 4318426.743, 60
Trd, 4318427.793, 60
Trd, 4318428.393, 60
Trd, 4318428.493, 60
Trd, 4318428.843, 60
Trd, 4318429.593, 62
Trd, 4318430.093, 64
Trd, 4318430.293, 67
Trd, 4318431.743, 60
Trd, 4318432.043, 61
Trd, 4318432.943, 63
Trd, 4318433.093, 65
Trd, 4318433.893, 62
Trd, 4318434.243, 60
Trd, 4318434.393, 60
Trd, 4318434.793, 60
Trd, 4318435.943, 60
Trd, 4318436.693, 60
Trd, 4318436.743, 61
Trd, 4318437.593, 61
Trd, 4318438.443, 61
Trd, 4318438.693, 61
Trd, 4318439.543, 60
Trd, 4318441.393, 60
Trd, 4318441.743, 61
Trd, 4318441.843, 61
Trd, 4318442.393, 60
Trd, 4318442.493, 60
Trd, 4318443.343, 65
Trd, 4318444.293, 60
Trd, 4318444.643, 60
Trd, 4318445.043, 62
Trd, 4318445.693, 62
Trd, 4318445.793, 65
Trd, 4318445.993, 60
Trd, 4318447.643, 60
Trd, 4318448.193, 61
Trd, 4318448.793, 60
Trd, 4318448.943, 65
Trd, 4318449.393, 63
Trd, 4318449.793, 74
Trd, 4318450.093, 139
Trd, 4318450.593, 139
Trd, 4318451.293, 60
Trd, 4318451.793, 76
Trd, 4318452.643, 61
Trd, 4318453.243, 70
Trd, 4318453.743, 61
Trd, 4318454.293, 61
Trd, 4318455.093, 60
Trd, 4318455.943, 61
Trd, 4318456.093, 61
Trd, 4318456.393, 123
Trd, 4318456.643, 65
Trd, 4318457.743, 60
Trd, 4318458.543, 60
Trd, 4318458.743, 63
Trd, 4318459.193, 64
Trd, 4318460.193, 65
Trd, 4318461.593, 60
Trd, 4318462.093, 61
Trd, 4318462.343, 62
Trd, 4318463.343, 140
Trd, 4318463.493, 140
Trd, 4318464.493, 140
Trd, 4318464.543, 111
Trd, 4318465.243, 126
Trd, 4318465.943, 101
Trd, 4318466.493, 140
Trd, 4318466.593, 64
Trd, 4318466.843, 139
Trd, 4318468.693, 140
Trd, 4318468.943, 140
Trd, 4318469.043, 138
Trd, 4318469.393, 119
Trd, 4318471.293, 140
Trd, 4318471.543, 139
Trd, 4318471.843, 140
Trd, 4318472.343, 135
Trd, 4318472.693, 123
Trd, 4318473.743, 138
Trd, 4318474.293, 138
Trd, 4318474.843, 81
Trd, 4318475.943, 139
Trd, 4318476.643, 140
Trd, 4318477.143, 138
Trd, 4318477.693, 92
Trd, 4318478.293, 139
Trd, 4318478.743, 112
Trd, 4318479.643, 137
Trd, 4318479.693, 99
Trd, 4318479.743, 96
Trd, 4318480.843, 140
Trd, 4318481.043, 138
Trd, 4318481.743, 122
Trd, 4318483.243, 140
Trd, 4318483.443, 140
Trd, 4318484.593, 139
Trd, 4318485.293, 140
Trd, 4318485.743, 140
Trd, 4318487.393, 140
Trd, 4318487.593, 131
Trd, 4318487.893, 107
Trd, 4318488.693, 92
Trd, 4318489.243, 138
Trd, 4318489.293, 91
Trd, 4318490.293, 119
Trd, 4318490.643, 140
Trd, 4318491.293, 140
Trd, 4318492.693, 139
Trd, 4318493.043, 139
Trd, 4318493.193, 138
Trd, 4318493.343, 116
Trd, 4318494.693, 63
Trd, 4318494.843, 65
Trd, 4318495.093, 139
Trd, 4318495.993, 70
Trd, 4318496.293, 78
Trd, 4318496.843, 140
Trd, 4318497.043, 100
Trd, 4318498.293, 140
Trd, 4318499.343, 139
Trd, 4318499.893, 136
Trd, 4318500.393, 121
Trd, 4318501.143, 140
Trd, 4318501.593, 140
Trd, 4318502.293, 138
Trd, 4318503.243, 139
Trd, 4318503.343, 137
Trd, 4318504.293, 138
Trd, 4318504.393, 140
Trd, 4318504.993, 133
Trd, 4318506.143, 62
Trd, 4318507.893, 60
Trd, 4318508.143, 60
Trd, 4318508.643, 65
Trd, 4318509.093, 64
Trd, 4318509.143, 67
Trd, 4318509.443, 60
Trd, 4318510.143, 69
Trd, 4318510.843, 63
Trd, 4318511.093, 66
Trd, 4318511.643, 60
Trd, 4318512.543, 60
Trd, 4318512.943, 105
Trd, 4318513.443, 104
Trd, 4318514.193, 139
Trd, 4318515.093, 64
Trd, 4318515.143, 137
Trd, 4318516.443, 62
Trd, 4318516.643, 66
Trd, 4318517.193, 64
Trd, 4318518.043, 60
Trd, 4318518.393, 66
Trd, 4318519.393, 65
Trd, 4318519.743, 60
Trd, 4318520.693, 60
Trd, 4318520.943, 61
Trd, 4318522.293, 60
Trd, 4318522.743, 60
Trd, 4318523.043, 63
Trd, 4318523.493, 60
Trd, 4318525.993, 60
Trd, 4318526.393, 60
Trd, 4318526.993, 60
Trd, 4318527.043, 62
Trd, 4318528.043, 63
Trd, 4318528.093, 128
Trd, 4318529.193, 60
Trd, 4318530.343, 60
Trd, 4318530.643, 61
Trd, 4318530.943, 65
Trd, 4318531.443, 68
Trd, 4318531.493, 64
Trd, 4318531.943, 140
Trd, 4318532.543, 61
Trd, 4318533.893, 139
Trd, 4318534.293, 94
Trd, 4318535.143, 140
Trd, 4318535.193, 114
Trd, 4318535.943, 140
Trd, 4318536.443, 140
Trd, 4318537.393, 140
Trd, 4318537.993, 71
Trd, 4318538.493, 98
Trd, 4318538.993, 138
Trd, 4318539.543, 76
Trd, 4318541.443, 140
Trd, 4318541.793, 139
Trd, 4318542.243, 139
Trd, 4318542.643, 62
Trd, 4318543.693, 68
Trd, 4318544.193, 87
Trd, 4318544.543, 116
Trd, 4318545.593, 138
Trd, 4318546.093, 140
Trd, 4318546.143, 140
Trd, 4318546.193, 140
Trd, 4318547.643, 139
Trd, 4318548.243, 140
Trd, 4318548.493, 76
Trd, 4318549.043, 85
Trd, 4318550.293, 63
Trd, 4318550.443, 63
Trd, 4318551.043, 62
Trd, 4318551.593, 66
Trd, 4318551.943, 60
Trd, 4318553.293, 140
Trd, 4318553.643, 84
Trd, 4318554.293, 60
Trd, 4318554.793, 60
Trd, 4318554.893, 62
Trd, 4318555.643, 62
Trd, 4318556.793, 61
Trd, 4318556.843, 63
Trd, 4318557.293, 64
Trd, 4318557.393, 74
Trd, 4318558.243, 135
Trd, 4318559.143, 60
Trd, 4318560.243, 61
Trd, 4318560.343, 65
Trd, 4318560.793, 69
Trd, 4318561.343, 140
Trd, 4318562.443, 139
Trd, 4318563.343, 140
Trd, 4318564.393, 140
Trd, 4318564.943, 140
Trd, 4318565.393, 140
Trd, 4318565.593, 140
Trd, 4318566.093, 139
Trd, 4318566.743, 138
Trd, 4318567.593, 139
Trd, 4318568.093, 105
Trd, 4318568.193, 93
Trd, 4318568.643, 62
Trd, 4318569.443, 63
Trd, 4318570.143, 128
Trd, 4318570.493, 139
Trd, 4318571.793, 140
Trd, 4318572.593, 140
Trd, 4318572.993, 139
Trd, 4318573.243, 84
Trd, 4318573.693, 69
Trd, 4318574.593, 140
Trd, 4318575.443, 73
Trd, 4318575.693, 134
Trd, 4318576.293, 61
Trd, 4318577.143, 107
Trd, 4318577.893, 140
Trd, 4318579.443, 140
Trd, 4318579.743, 136
Trd, 4318579.843, 106
Trd, 4318579.993, 103
Trd, 4318580.393, 77
Trd, 4318581.993, 140
Trd, 4318582.193, 140
Trd, 4318583.343, 140
Trd, 4318583.493, 119
Trd, 4318584.593, 140
Trd, 4318584.693, 134
Trd, 4318585.043, 117
Trd, 4318585.343, 136
Trd, 4318586.793, 140
Trd, 4318587.193, 140
Trd, 4318587.743, 139
Trd, 4318588.243, 136
Trd, 4318588.843, 126
Trd, 4318589.443, 139
Trd, 4318590.793, 139
Trd, 4318591.643, 97
Trd, 4318592.043, 116
Trd, 4318592.543, 140
Trd, 4318592.643, 67
Trd, 4318594.093, 140
Trd, 4318594.243, 91
Trd, 4318595.693, 139
Trd, 4318595.793, 96
Trd, 4318597.343, 140
Trd, 4318597.893, 140
Trd, 4318598.243, 139
Trd, 4318598.793, 110
Trd, 4318599.143, 85
Trd, 4318599.943, 140
Trd, 4318601.293, 140
Trd, 4318601.443, 140
Trd, 4318601.593, 140
Trd, 4318602.543, 140
Trd, 4318603.393, 140
Trd, 4318603.643, 140
Trd, 4318604.043, 118
Trd, 4318604.243, 117
Trd, 4318605.043, 140
Trd, 4318605.193, 138
Trd, 4318606.293, 139
Trd, 4318606.843, 88
Trd, 4318607.943, 138
Trd, 4318608.893, 87
Trd, 4318609.543, 63
Trd, 4318609.743, 70
Trd, 4318609.943, 136
Trd, 4318611.143, 136
Trd, 4318612.193, 140
Trd, 4318612.593, 138
Trd, 4318612.693, 127
Trd, 4318613.743, 137
Trd, 4318614.543, 138
Trd, 4318614.793, 129
Trd, 4318615.043, 133
Trd, 4318615.893, 139
Trd, 4318617.493, 138
Trd, 4318618.093, 139
Trd, 4318618.693, 140
Trd, 4318619.443, 140
Trd, 4318619.543, 140
Trd, 4318619.743, 139
Trd, 4318620.993, 140
Trd, 4318621.793, 137
Trd, 4318622.293, 140
Trd, 4318622.443, 137
Trd, 4318623.643, 140
Trd, 4318624.093, 131
Trd, 4318624.443, 62
Trd, 4318624.693, 73
Trd, 4318625.443, 61
Trd, 4318626.893, 63
Trd, 4318627.343, 61
Trd, 4318627.593, 60
Trd, 4318627.643, 61
Trd, 4318628.093, 60
Trd, 4318628.993, 60
Trd, 4318629.343, 64
Trd, 4318629.543, 63
Trd, 4318631.193, 60
Trd, 4318631.243, 63
Trd, 4318631.893, 61
Trd, 4318632.343, 136
Trd, 4318633.443, 140
Trd, 4318633.743, 140
Trd, 4318634.043, 140
Trd, 4318635.243, 140
Trd, 4318635.293, 72
Trd, 4318636.643, 62
Trd, 4318636.843, 63
Trd, 4318637.593, 66
Trd, 4318638.593, 62
Trd, 4318638.943, 71
Trd, 4318639.093, 70
Trd, 4318639.393, 64
Trd, 4318640.493, 92
Trd, 4318640.793, 138
Trd, 4318641.593, 97
Trd, 4318642.043, 65
Trd, 4318642.193, 90
Trd, 4318643.043, 111
Trd, 4318644.893, 140
Trd, 4318645.143, 140
Trd, 4318645.793, 139
Trd, 4318646.843, 140
Trd, 4318646.993, 137
Trd, 4318647.193, 119
Trd, 4318647.343, 103
Trd, 4318649.093, 140
Trd, 4318649.243, 140
Trd, 4318649.293, 140
Trd, 4318650.093, 140
Trd, 4318651.193, 125
Trd, 4318651.543, 123
Trd, 4318651.743, 120
Trd, 4318651.943, 61
Trd, 4318652.893, 63
Trd, 4318653.093, 62
Trd, 4318653.893, 138
Trd, 4318654.843, 61
Trd, 4318655.243, 67
Trd, 4318655.843, 140
Trd, 4318656.843, 139
Trd, 4318657.193, 138
Trd, 4318657.593, 63
Trd, 4318658.943, 140
Trd, 4318659.943, 140
Trd, 4318661.543, 140
Trd, 4318661.643, 137
Trd, 4318661.743, 114
Trd, 4318662.893, 139
Trd, 4318663.093, 139
Trd, 4318663.393, 109
Trd, 4318663.593, 108
Trd, 4318663.793, 98
Trd, 4318664.693, 135
Trd, 4318665.643, 140
Trd, 4318666.643, 140
Trd, 4318667.343, 140
Trd, 4318667.443, 139
Trd, 4318667.543, 139
Trd, 4318668.543, 136
Trd, 4318669.743, 140
Trd, 4318669.893, 125
Trd, 4318671.093, 110
Trd, 4318671.893, 139
Trd, 4318672.693, 139
Trd, 4318673.193, 138
Trd, 4318673.443, 135
Trd, 4318674.293, 135
Trd, 4318674.943, 134
Trd, 4318675.143, 140
Trd, 4318675.593, 61
Trd, 4318676.393, 137
Trd, 4318677.143, 140
Trd, 4318677.543, 139
Trd, 4318677.943, 112
Trd, 4318679.593, 140
Trd, 4318680.143, 140
Trd, 4318681.943, 140
Trd, 4318682.493, 140
Trd, 4318682.993, 140
Trd, 4318683.293, 139
Trd, 4318683.543, 139
Trd, 4318684.193, 140
Trd, 4318684.743, 112
Trd, 4318684.893, 137
Trd, 4318685.093, 132
Trd, 4318685.743, 67
Trd, 4318686.843, 97
Trd, 4318687.643, 94
Trd, 4318689.043, 135
Trd, 4318689.443, 117
Trd, 4318689.543, 135
Trd, 4318689.693, 116
Trd, 4318690.443, 140
Trd, 4318690.993, 140
Trd, 4318692.793, 140
Trd, 4318692.843, 140
Trd, 4318692.943, 139
Trd, 4318693.943, 139
Trd, 4318694.943, 140
Trd, 4318695.143, 140
Trd, 4318697.093, 140
Trd, 4318697.143, 140
Trd, 4318697.393, 126
Trd, 4318698.643, 139
Trd, 4318699.243, 137
Trd, 4318700.143, 139
Trd, 4318700.343, 135
Trd, 4318700.493, 140
Trd, 4318702.443, 140
Trd, 4318702.843, 140
Trd, 4318703.243, 140
Trd, 4318703.993, 138
Trd, 4318704.193, 134
Trd, 4318705.293, 140
Trd, 4318706.393, 115
Trd, 4318707.043, 139
Trd, 4318707.743, 139
Trd, 4318708.293, 140
Trd, 4318709.593, 140
Trd, 4318709.643, 131
Trd, 4318710.193, 94
Trd, 4318710.743, 139
Trd, 4318710.843, 137
Trd, 4318711.693, 61
Trd, 4318712.843, 62
Trd, 4318712.943, 64
Trd, 4318713.243, 68
Trd, 4318713.543, 66
Trd, 4318713.743, 60
Trd, 4318713.993, 63
Trd, 4318714.343, 99
Trd, 4318715.093, 60
Trd, 4318716.443, 75
Trd, 4318717.293, 140
Trd, 4318717.343, 140
Trd, 4318717.443, 88
Trd, 4318718.293, 140
Trd, 4318719.693, 139
Trd, 4318720.093, 138
Trd, 4318720.993, 137
Trd, 4318721.493, 138
Trd, 4318722.543, 140
Trd, 4318722.743, 140
Trd, 4318724.043, 139
Trd, 4318724.093, 68
Trd, 4318725.193, 61
Trd, 4318725.243, 73
Trd, 4318725.793, 137
Trd, 4318726.693, 135
Trd, 4318726.793, 131
Trd, 4318727.693, 132
Trd, 4318727.943, 108
Trd, 4318728.293, 70
Trd, 4318729.493, 140
Trd, 4318729.743, 140
Trd, 4318730.643, 70
Trd, 4318730.943, 68
Trd, 4318731.443, 61
Trd, 4318731.743, 61
Trd, 4318732.643, 62
Trd, 4318732.943, 62
Trd, 4318733.393, 63
Trd, 4318734.293, 140
Trd, 4318734.993, 137
Trd, 4318735.093, 136
Trd, 4318735.293, 136
Trd, 4318735.743, 60
Trd, 4318736.443, 60
Trd, 4318737.843, 60
Trd, 4318737.993, 64
Trd, 4318738.393, 64
Trd, 4318739.443, 65
Trd, 4318739.493, 66
Trd, 4318740.243, 61
Trd, 4318740.743, 63
Trd, 4318741.193, 140
Trd, 4318741.693, 140
Trd, 4318742.493, 140
Trd, 4318742.993, 138
Trd, 4318743.043, 113
Trd, 4318743.443, 93
Trd, 4318744.893, 140
Trd, 4318745.793, 140
Trd, 4318746.343, 140
Trd, 4318746.393, 138
Trd, 4318746.543, 103
Trd, 4318747.043, 80
Trd, 4318747.793, 113
Trd, 4318748.543, 137
Trd, 4318749.693, 61
Trd, 4318750.093, 74
Trd, 4318750.543, 61
Trd, 4318750.793, 61
Trd, 4318751.243, 61
Trd, 4318752.293, 61
Trd, 4318752.993, 140
Trd, 4318753.193, 140
Trd, 4318753.843, 69
Trd, 4318754.743, 98
Trd, 4318755.143, 80
Trd, 4318756.343, 140
Trd, 4318756.843, 139
Trd, 4318757.893, 116
Trd, 4318758.393, 140
Trd, 4318758.443, 140
Trd, 4318758.793, 103
Trd, 4318759.993, 139
Trd, 4318760.693, 139
Trd, 4318761.543, 139
Trd, 4318761.593, 138
Trd, 4318761.743, 133
Trd, 4318763.043, 140
Trd, 4318763.093, 139
Trd, 4318763.393, 96
Trd, 4318764.343, 139
Trd, 4318764.843, 79
Trd, 4318765.243, 78
Trd, 4318765.593, 60
Trd, 4318767.043, 139
Trd, 4318767.843, 139
Trd, 4318768.543, 106
Trd, 4318768.843, 140
Trd, 4318769.243, 140
Trd, 4318769.343, 127
Trd, 4318770.193, 60
Trd, 4318771.193, 140
Trd, 4318772.093, 140
Trd, 4318772.243, 140
Trd, 4318773.743, 63
Trd, 4318774.743, 63
Trd, 4318775.043, 65
Trd, 4318775.193, 67
Trd, 4318775.343, 134
Trd, 4318775.743, 140
Trd, 4318776.593, 139
Trd, 4318777.043, 140
Trd, 4318777.693, 117
Trd, 4318778.243, 140
Trd, 4318778.443, 139
Trd, 4318779.343, 140
Trd, 4318780.043, 140
Trd, 4318780.993, 139
Trd, 4318781.193, 113
Trd, 4318781.993, 134
Trd, 4318782.793, 139
Trd, 4318783.143, 100
Trd, 4318784.393, 60
Trd, 4318784.493, 60
Trd, 4318784.693, 67
Trd, 4318785.843, 60
Trd, 4318786.693, 60
Trd, 4318786.843, 60
Trd, 4318787.243, 62
Trd, 4318787.993, 62
Trd, 4318789.793, 140
Trd, 4318789.943, 138
Trd, 4318790.743, 63
Trd, 4318790.943, 74
Trd, 4318791.043, 84
Trd, 4318791.693, 66
Trd, 4318792.493, 65
Trd, 4318792.543, 66
Trd, 4318792.843, 67
Trd, 4318793.393, 83
Trd, 4318793.443, 85
Trd, 4318793.793, 140
Trd, 4318794.843, 140
Trd, 4318795.793, 75
Trd, 4318796.243, 140
Trd, 4318797.543, 140
Trd, 4318798.243, 139
Trd, 4318798.693, 140
Trd, 4318798.843, 73
Trd, 4318800.193, 60
Trd, 4318800.243, 61
Trd, 4318800.343, 62
Trd, 4318800.543, 62
Trd, 4318800.843, 61
Trd, 4318802.193, 65
Trd, 4318803.443, 61
Trd, 4318803.493, 66
Trd, 4318803.593, 139
Trd, 4318804.643, 140
Trd, 4318805.043, 140
Trd, 4318805.593, 74
Trd, 4318806.343, 140
Trd, 4318807.343, 140
Trd, 4318808.393, 140
Trd, 4318809.343, 138
Trd, 4318809.593, 140
Trd, 4318809.993, 128
Trd, 4318810.143, 125
Trd, 4318810.243, 82
Trd, 4318810.943, 140
Trd, 4318812.493, 140
Trd, 4318812.643, 139
Trd, 4318814.043, 140
Trd, 4318814.293, 139
Trd, 4318815.193, 139
Trd, 4318816.343, 140
Trd, 4318816.943, 140
Trd, 4318817.593, 140
Trd, 4318817.893, 139
Trd, 4318817.993, 132
Trd, 4318818.443, 140
Trd, 4318818.743, 76
Trd, 4318819.843, 74
Trd, 4318820.243, 140
Trd, 4318821.643, 140
Trd, 4318821.993, 140
Trd, 4318822.393, 140
Trd, 4318822.493, 104
Trd, 4318823.743, 140
Trd, 4318824.893, 139
Trd, 4318825.193, 139
Trd, 4318825.493, 62
Trd, 4318826.343, 140
Trd, 4318826.943, 139
Trd, 4318827.443, 140
Trd, 4318828.593, 117
Trd, 4318829.093, 133
Trd, 4318829.593, 133
Trd, 4318830.443, 139
Trd, 4318831.293, 76
Trd, 4318831.543, 61
Trd, 4318831.793, 66
Trd, 4318832.893, 60
Trd, 4318833.943, 60
Trd, 4318834.493, 60
Trd, 4318834.743, 60
Trd, 4318836.143, 61
Trd, 4318836.893, 67
Trd, 4318837.293, 67
Trd, 4318837.493, 60
Trd, 4318837.893, 140
Trd, 4318838.393, 115
Trd, 4318838.443, 110
Trd, 4318838.743, 77
Trd, 4318839.893, 138
Trd, 4318840.293, 140
Trd, 4318840.993, 140
Trd, 4318841.643, 140
Trd, 4318842.293, 108
Trd, 4318842.893, 139
Trd, 4318843.043, 62
Trd, 4318844.243, 123
Trd, 4318844.843, 63
Trd, 4318845.043, 61
Trd, 4318845.143, 63
Trd, 4318846.193, 73
Trd, 4318847.093, 140
Trd, 4318847.843, 140
Trd, 4318848.193, 140
Trd, 4318849.793, 140
Trd, 4318850.443, 140
Trd, 4318851.093, 139
Trd, 4318852.543, 140
Trd, 4318852.643, 137
Trd, 4318852.693, 128
Trd, 4318854.143, 138
Trd, 4318854.593, 138
Trd, 4318855.493, 139
Trd, 4318855.843, 87
Trd, 4318855.993, 85
Trd, 4318856.143, 138
Trd, 4318856.393, 63
Trd, 4318856.543, 65
Trd, 4318857.893, 123
Trd, 4318858.793, 140
Trd, 4318860.193, 140
Trd, 4318860.543, 140
Trd, 4318860.993, 139
Trd, 4318861.193, 110
Trd, 4318861.243, 109
Trd, 4318861.693, 139
Trd, 4318862.343, 137
Trd, 4318863.293, 140
Trd, 4318863.343, 140
Trd, 4318864.593, 138
Trd, 4318865.893, 140
Trd, 4318865.993, 140
Trd, 4318866.043, 93
Trd, 4318866.193, 139
Trd, 4318866.393, 83
Trd, 4318867.043, 140
Trd, 4318868.843, 139
Trd, 4318869.393, 119
Trd, 4318869.643, 83
Trd, 4318870.093, 60
Trd, 4318870.543, 60
Trd, 4318870.993, 61
Trd, 4318871.793, 60
Trd, 4318872.543, 62
Trd, 4318873.843, 65
Trd, 4318874.493, 140
Trd, 4318874.793, 102
Trd, 4318875.993, 60
Trd, 4318876.093, 63
Trd, 4318876.193, 70
Trd, 4318876.943, 113
Trd, 4318877.493, 139
Trd, 4318878.693, 120
Trd, 4318879.393, 139
Trd, 4318880.043, 140
Trd, 4318880.743, 140
Trd, 4318881.493, 139
Trd, 4318882.343, 98
Trd, 4318882.643, 64
Trd, 4318883.393, 139
Trd, 4318884.343, 140
Trd, 4318884.443, 139
Trd, 4318885.443, 77
Trd, 4318885.693, 63
Trd, 4318886.593, 67
Trd, 4318886.743, 140
Trd, 4318887.943, 140
Trd, 4318888.043, 139
Trd, 4318888.193, 134
Trd, 4318888.893, 75
Trd, 4318889.143, 60
Trd, 4318889.543, 60
Trd, 4318890.393, 106
Trd, 4318890.693, 84
Trd, 4318890.843, 64
Trd, 4318892.143, 139
Trd, 4318893.093, 140
Trd, 4318893.893, 64
Trd, 4318894.443, 140
Trd, 4318895.843, 140
Trd, 4318896.193, 140
Trd, 4318896.393, 139
Trd, 4318897.193, 125
Trd, 4318897.693, 63
Trd, 4318898.393, 140
Trd, 4318898.743, 64
Trd, 4318899.443, 103
Trd, 4318899.793, 140
Trd, 4318899.993, 119
Trd, 4318901.293, 139
Trd, 4318901.343, 96
Trd, 4318901.593, 66
Trd, 4318902.943, 140
Trd, 4318903.043, 138
Trd, 4318903.293, 138
Trd, 4318904.093, 140
Trd, 4318905.543, 140
Trd, 4318905.793, 140
Trd, 4318906.943, 114
Trd, 4318906.993, 89
Trd, 4318907.393, 60
Trd, 4318907.843, 137
Trd, 4318909.893, 140
Trd, 4318910.493, 69
Trd, 4318910.743, 66
Trd, 4318911.393, 61
Trd, 4318911.693, 62
Trd, 4318911.843, 64
Trd, 4318912.293, 91
Trd, 4318914.043, 60
Trd, 4318914.243, 60
Trd, 4318914.393, 61
Trd, 4318915.493, 61
Trd, 4318916.093, 63
Trd, 4318916.193, 66
Trd, 4318916.993, 138
Trd, 4318917.093, 127
Trd, 4318917.843, 140
Trd, 4318918.343, 65
Trd, 4318919.543, 62
Trd, 4318920.493, 60
Trd, 4318920.593, 61
Trd, 4318921.693, 140
Trd, 4318921.793, 113
Trd, 4318922.643, 103
Trd, 4318923.093, 82
Trd, 4318923.143, 71
Trd, 4318923.893, 138
Trd, 4318924.643, 138
Trd, 4318924.993, 138
Trd, 4318925.543, 61
Trd, 4318926.143, 65
Trd, 4318926.993, 140
Trd, 4318927.093, 126
Trd, 4318927.993, 140
Trd, 4318928.593, 60
Trd, 4318929.393, 60
Trd, 4318929.593, 68
Trd, 4318929.793, 140
Trd, 4318930.443, 139
Trd, 4318930.893, 61
Trd, 4318931.293, 140
Trd, 4318931.743, 61
Trd, 4318932.593, 62
Trd, 4318933.493, 62
Trd, 4318933.893, 66
Trd, 4318933.943, 73
Trd, 4318935.693, 136
Trd, 4318936.493, 63
Trd, 4318936.643, 67
Trd, 4318937.643, 60
Trd, 4318937.743, 68
Trd, 4318938.593, 61
Trd, 4318939.993, 132
Trd, 4318940.093, 127
Trd, 4318940.443, 138
Trd, 4318940.793, 70
Trd, 4318940.893, 70
Trd, 4318941.343, 140
Trd, 4318941.743, 140
Trd, 4318941.943, 64
Trd, 4318942.693, 111
Trd, 4318943.643, 138
Trd, 4318944.093, 122
Trd, 4318944.543, 140
Trd, 4318945.243, 69
Trd, 4318946.793, 138
Trd, 4318946.943, 126
Trd, 4318947.743, 140
Trd, 4318948.343, 137
Trd, 4318949.043, 60
Trd, 4318949.093, 70
Trd, 4318949.543, 137
Trd, 4318949.843, 139
Trd, 4318951.493, 139
Trd, 4318951.543, 138
Trd, 4318953.043, 62
Trd, 4318953.893, 66
Trd, 4318954.043, 66
Trd, 4318954.293, 71
Trd, 4318954.393, 72
Trd, 4318955.143, 61
Trd, 4318955.643, 61
Trd, 4318956.393, 87
Trd, 4318956.993, 60
Trd, 4318957.793, 61
Trd, 4318958.493, 61
Trd, 4318958.943, 61
Trd, 4318959.143, 62
Trd, 4318960.193, 61
Trd, 4318960.693, 60
Trd, 4318961.343, 61
Trd, 4318961.943, 64
Trd, 4318962.343, 60
Trd, 4318963.343, 62
Trd, 4318963.843, 65
Trd, 4318964.043, 66
Trd, 4318964.393, 76
Trd, 4318965.493, 60
Trd, 4318966.893, 61
Trd, 4318967.043, 60
Trd, 4318967.693, 66
Trd, 4318967.843, 83
Trd, 4318969.143, 65
Trd, 4318969.193, 66
Trd, 4318969.943, 61
Trd, 4318970.343, 60
Trd, 4318970.493, 61
Trd, 4318971.043, 62
Trd, 4318971.393, 66
Trd, 4318971.993, 63
Trd, 4318972.593, 139
Trd, 4318974.343, 140
Trd, 4318974.543, 140
Trd, 4318974.793, 140
Trd, 4318975.343, 137
Trd, 4318975.593, 140
Trd, 4318976.243, 138
Trd, 4318977.343, 139
Trd, 4318977.843, 140
Trd, 4318978.193, 124
Trd, 4318978.243, 83
Trd, 4318979.393, 63
Trd, 4318979.893, 140
Trd, 4318981.243, 140
Trd, 4318983.643, 94
Trd, 4318983.943, 140
Trd, 4318984.193, 140
Trd, 4318984.293, 132
Trd, 4318984.893, 81
Trd, 4318985.593, 140
Trd, 4318985.643, 79
Trd, 4318987.843, 140
Trd, 4318987.943, 139
Trd, 4318988.293, 139
Trd, 4318988.593, 137
Trd, 4318988.893, 89
Trd, 4318989.493, 110
Trd, 4318989.643, 70
Trd, 4318990.393, 140
Trd, 4318991.343, 64
Trd, 4318992.493, 60
Trd, 4318992.943, 60
Trd, 4318993.443, 137
Trd, 4318994.293, 62
Trd, 4318994.393, 72
Trd, 4318995.743, 64
Trd, 4318996.343, 62
Trd, 4318997.193, 60
Trd, 4318997.593, 64
Trd, 4318997.693, 67
Trd, 4318997.893, 64
Trd, 4318998.243, 61
Trd, 4318999.743, 62
Trd, 4318999.843, 63
Trd, 4319000.193, 63
Trd, 4319000.793, 64
Trd, 4319001.943, 140
Trd, 4319002.143, 140
Trd, 4319003.393, 140
Trd, 4319003.993, 138
Trd, 4319005.343, 140
Trd, 4319005.393, 139
Trd, 4319005.593, 138
Trd, 4319006.293, 135
Trd, 4319007.343, 137
Trd, 4319007.743, 138
Trd, 4319007.793, 81
Trd, 4319009.143, 60
Trd, 4319009.643, 60
Trd, 4319009.793, 60
Trd, 4319009.943, 62
Trd, 4319011.043, 64
Trd, 4319011.743, 60
Trd, 4319012.143, 60
Trd, 4319012.443, 62
Trd, 4319013.043, 139
Trd, 4319013.343, 132
Trd, 4319013.743, 140
Trd, 4319014.543, 106
Trd, 4319014.993, 65
Trd, 4319015.093, 140
Trd, 4319015.993, 65
Trd, 4319017.093, 124
Trd, 4319017.843, 115
Trd, 4319018.643, 139
Trd, 4319018.693, 137
Trd, 4319019.443, 139
Trd, 4319019.993, 124
Trd, 4319021.693, 103
Trd, 4319021.893, 79
Trd, 4319022.193, 117
Trd, 4319023.293, 140
Trd, 4319023.443, 140
Trd, 4319024.693, 140
Trd, 4319025.143, 136
Trd, 4319025.193, 134
Trd, 4319026.993, 140
Trd, 4319027.043, 139
Trd, 4319027.093, 82
Trd, 4319028.993, 140
Trd, 4319029.393, 130
Trd, 4319029.693, 119
Trd, 4319030.243, 140
Trd, 4319031.093, 60
Trd, 4319031.393, 62
Trd, 4319031.493, 68
Trd, 4319031.843, 114
Trd, 4319032.393, 140
Trd, 4319033.993, 140
Trd, 4319034.443, 140
Trd, 4319035.243, 130
Trd, 4319035.493, 109
Trd, 4319035.793, 75
Trd, 4319035.943, 108
Trd, 4319036.743, 74
Trd, 4319037.793, 102
Trd, 4319038.193, 61
Trd, 4319039.343, 140
Trd, 4319039.793, 140
Trd, 4319039.843, 139
Trd, 4319040.193, 140
Trd, 4319041.493, 140
Trd, 4319041.743, 140
Trd, 4319042.093, 135
Trd, 4319042.343, 139
Trd, 4319043.693, 139
Trd, 4319043.793, 84
Trd, 4319044.343, 138
Trd, 4319044.493, 78
Trd, 4319046.093, 94
Trd, 4319046.793, 60
Trd, 4319047.243, 70
Trd, 4319047.743, 61
Trd, 4319048.443, 97
Trd, 4319048.793, 96
Trd, 4319049.643, 140
Trd, 4319049.743, 137
Trd, 4319050.993, 139
Trd, 4319051.393, 135
Trd, 4319051.443, 124
Trd, 4319051.693, 121
Trd, 4319052.543, 140
Trd, 4319053.493, 60
Trd, 4319053.593, 63
Trd, 4319055.343, 140
Trd, 4319055.743, 110
Trd, 4319056.743, 140
Trd, 4319057.993, 140
Trd, 4319058.243, 139
Trd, 4319058.743, 140
Trd, 4319058.893, 139
Trd, 4319059.043, 125
Trd, 4319059.493, 92
Trd, 4319059.993, 121
Trd, 4319060.843, 138
Trd, 4319060.943, 139
Trd, 4319062.893, 139
Trd, 4319063.243, 122
Trd, 4319063.493, 138
Trd, 4319065.543, 112
Trd, 4319065.693, 111
Trd, 4319066.143, 140
Trd, 4319066.243, 106
Trd, 4319066.493, 136
Trd, 4319067.443, 139
Trd, 4319068.643, 140
Trd, 4319069.643, 140
Trd, 4319070.193, 140
Trd, 4319070.543, 140
Trd, 4319070.943, 100
Trd, 4319071.343, 74
Trd, 4319072.393, 66
Trd, 4319072.793, 62
Trd, 4319073.143, 60
Trd, 4319073.993, 140
Trd, 4319074.193, 78
Trd, 4319075.293, 140
Trd, 4319075.643, 140
Trd, 4319075.943, 140
Trd, 4319077.243, 136
Trd, 4319077.293, 85
Trd, 4319078.193, 80
Trd, 4319078.643, 127
Trd, 4319079.293, 124
Trd, 4319080.043, 139
Trd, 4319080.193, 138
Trd, 4319081.143, 139
Trd, 4319082.493, 63
Trd, 4319083.043, 140
Trd, 4319084.043, 100
Trd, 4319084.993, 140
Trd, 4319085.143, 126
Trd, 4319085.493, 126
Trd, 4319085.943, 122
Trd, 4319086.843, 140
Trd, 4319087.043, 140
Trd, 4319087.893, 140
Trd, 4319088.493, 140
Trd, 4319088.593, 139
Trd, 4319089.343, 61
Trd, 4319090.043, 63
Trd, 4319091.043, 63
Trd, 4319091.593, 66
Trd, 4319091.693, 72
Trd, 4319092.143, 87
Trd, 4319092.543, 140
Trd, 4319092.993, 65
Trd, 4319094.293, 139
Trd, 4319094.993, 140
Trd, 4319095.593, 140
Trd, 4319097.243, 139
Trd, 4319097.493, 139
Trd, 4319097.693, 91
Trd, 4319098.143, 138
Trd, 4319098.643, 133
Trd, 4319099.693, 138
Trd, 4319100.193, 100
Trd, 4319100.593, 139
Trd, 4319102.393, 140
Trd, 4319102.643, 139
Trd, 4319102.993, 77
Trd, 4319103.393, 74
Trd, 4319103.893, 139
Trd, 4319104.393, 121
Trd, 4319105.143, 140
Trd, 4319105.993, 140
Trd, 4319106.843, 83
Trd, 4319106.943, 137
Trd, 4319106.993, 79
Trd, 4319107.593, 133
Trd, 4319108.793, 139
Trd, 4319109.593, 139
Trd, 4319109.743, 140
Trd, 4319110.093, 113
Trd, 4319110.143, 64
Trd, 4319110.793, 132
Trd, 4319110.893, 107
Trd, 4319112.343, 140
Trd, 4319112.393, 139
Trd, 4319113.093, 61
Trd, 4319114.343, 65
Trd, 4319114.643, 139
Trd, 4319115.143, 95
Trd, 4319116.243, 97
Trd, 4319116.643, 138
Trd, 4319117.743, 139
Trd, 4319118.143, 139
Trd, 4319118.643, 116
Trd, 4319118.743, 96
Trd, 4319118.993, 138
Trd, 4319120.343, 140
Trd, 4319120.993, 99
Trd, 4319121.493, 92
Trd, 4319122.493, 61
Trd, 4319122.593, 134
Trd, 4319123.793, 136
Trd, 4319123.843, 124
Trd, 4319124.193, 139
Trd, 4319124.843, 136
Trd, 4319125.393, 138
Trd, 4319125.593, 71
Trd, 4319125.793, 116
Trd, 4319126.293, 140
Trd, 4319126.693, 62
Trd, 4319127.793, 140
Trd, 4319128.243, 140
Trd, 4319128.843, 61
Trd, 4319129.243, 60
Trd, 4319130.093, 62
Trd, 4319130.543, 69
Trd, 4319130.743, 70
Trd, 4319130.843, 72
Trd, 4319131.643, 140
Trd, 4319132.193, 139
Trd, 4319132.793, 140
Trd, 4319133.543, 74
Trd, 4319134.643, 138
Trd, 4319135.593, 135
Trd, 4319136.393, 130
Trd, 4319136.593, 139
Trd, 4319136.943, 125
Trd, 4319137.243, 84
Trd, 4319137.693, 140
Trd, 4319138.693, 139
Trd, 4319138.793, 63
Trd, 4319139.343, 140
Trd, 4319140.493, 64
Trd, 4319141.593, 138
Trd, 4319141.893, 130
Trd, 4319142.043, 129
Trd, 4319142.293, 79
Trd, 4319143.843, 138
Trd, 4319143.943, 112
Trd, 4319144.043, 78
Trd, 4319145.193, 61
Trd, 4319145.543, 101
Trd, 4319145.743, 64
Trd, 4319146.393, 67
Trd, 4319146.943, 102
Trd, 4319147.743, 140
Trd, 4319148.843, 140
Trd, 4319148.993, 140
Trd, 4319150.193, 140
Trd, 4319150.443, 138
Trd, 4319150.643, 140
Trd, 4319151.043, 138
Trd, 4319152.043, 90
Trd, 4319152.343, 67
Trd, 4319153.293, 61
Trd, 4319154.193, 65
Trd, 4319154.443, 61
Trd, 4319154.993, 61
Trd, 4319155.193, 67
Trd, 4319155.593, 63
Trd, 4319155.943, 94
Trd, 4319158.143, 60
Trd, 4319158.493, 60
Trd, 4319158.843, 60
Trd, 4319158.943, 62
Trd, 4319161.043, 60
Trd, 4319161.343, 62
Trd, 4319161.593, 60
Trd, 4319161.943, 60
Trd, 4319162.843, 61
Trd, 4319164.143, 60
Trd, 4319164.193, 60
Trd, 4319164.743, 62
Trd, 4319164.993, 62
Trd, 4319165.693, 140
Trd, 4319166.443, 122
Trd, 4319167.643, 66
Trd, 4319168.193, 60
Trd, 4319168.543, 64
Trd, 4319168.693, 74
Trd, 4319169.193, 64
Trd, 4319170.493, 140
Trd, 4319170.793, 140
Trd, 4319171.993, 140
Trd, 4319172.543, 128
Trd, 4319172.793, 140
Trd, 4319173.193, 75
Trd, 4319173.943, 138
Trd, 4319174.243, 70
Trd, 4319175.243, 140
Trd, 4319175.293, 89
Trd, 4319176.043, 139
Trd, 4319176.493, 138
Trd, 4319176.543, 95
Trd, 4319176.943, 87
Trd, 4319177.543, 140
Trd, 4319178.443, 131
Trd, 4319178.593, 87
Trd, 4319179.543, 63
Trd, 4319180.243, 139
Trd, 4319180.693, 87
Trd, 4319181.693, 61
Trd, 4319181.993, 62
Trd, 4319182.693, 64
Trd, 4319183.093, 62
Trd, 4319183.593, 60
Trd, 4319184.043, 64
Trd, 4319184.693, 137
Trd, 4319185.193, 63
Trd, 4319185.393, 63
Trd, 4319185.993, 62
Trd, 4319186.043, 63
Trd, 4319187.643, 61
Trd, 4319188.543, 139
Trd, 4319189.443, 139
Trd, 4319190.143, 140
Trd, 4319190.293, 139
Trd, 4319190.993, 140
Trd, 4319191.093, 123
Trd, 4319191.493, 139
Trd, 4319192.743, 112
Trd, 4319193.793, 140
Trd, 4319194.293, 69
Trd, 4319195.043, 64
Trd, 4319195.493, 112
Trd, 4319196.493, 136
Trd, 4319196.943, 140
Trd, 4319197.693, 136
Trd, 4319197.793, 69
Trd, 4319198.343, 68
Trd, 4319199.093, 62
Trd, 4319199.943, 63
Trd, 4319200.043, 73
Trd, 4319200.943, 62
Trd, 4319200.993, 60
Trd, 4319201.093, 65
Trd, 4319202.593, 140
Trd, 4319202.843, 140
Trd, 4319203.893, 139
Trd, 4319204.443, 140
Trd, 4319204.893, 140
Trd, 4319204.943, 118
Trd, 4319206.093, 140
Trd, 4319207.243, 140
Trd, 4319207.793, 140
Trd, 4319207.843, 140
Trd, 4319208.243, 129
Trd, 4319208.443, 126
Trd, 4319209.993, 138
Trd, 4319210.193, 139
Trd, 4319210.993, 140
Trd, 4319211.093, 86
Trd, 4319211.243, 65
Trd, 4319211.493, 139
Trd, 4319213.593, 140
Trd, 4319213.843, 140
Trd, 4319214.343, 140
Trd, 4319215.093, 122
Trd, 4319215.193, 76
Trd, 4319216.143, 140
Trd, 4319216.193, 111
Trd, 4319217.243, 140
Trd, 4319217.693, 139
Trd, 4319218.793, 140
Trd, 4319219.593, 138
Trd, 4319219.943, 114
Trd, 4319220.393, 140
Trd, 4319220.593, 102
Trd, 4319222.093, 140
Trd, 4319222.493, 139
Trd, 4319224.393, 140
Trd, 4319224.493, 140
Trd, 4319224.793, 140
Trd, 4319225.493, 137
Trd, 4319225.943, 103
Trd, 4319226.243, 60
Trd, 4319226.793, 61
Trd, 4319227.043, 119
Trd, 4319228.743, 138
Trd, 4319228.893, 138
Trd, 4319230.143, 139
Trd, 4319230.293, 136
Trd, 4319230.893, 97
Trd, 4319231.493, 60
Trd, 4319231.643, 60
Trd, 4319231.993, 139
Trd, 4319232.693, 81
Trd, 4319233.743, 60
Trd, 4319235.443, 60
Trd, 4319235.643, 60
Trd, 4319235.943, 60
Trd, 4319236.093, 64
Trd, 4319236.793, 60
Trd, 4319237.243, 66
Trd, 4319237.793, 66
Trd, 4319237.993, 60
Trd, 4319238.493, 63
Trd, 4319239.693, 114
Trd, 4319239.843, 80
Trd, 4319240.093, 62
Trd, 4319240.443, 119
Trd, 4319240.893, 133
Trd, 4319241.743, 60
Trd, 4319241.993, 62
Trd, 4319242.343, 61
Trd, 4319243.643, 140
Trd, 4319245.493, 139
Trd, 4319245.543, 138
Trd, 4319246.243, 97
Trd, 4319246.543, 63
Trd, 4319247.193, 64
Trd, 4319247.793, 63
Trd, 4319248.793, 135
Trd, 4319249.643, 60
Trd, 4319249.893, 60
Trd, 4319250.043, 65
Trd, 4319250.743, 66
Trd, 4319251.693, 140
Trd, 4319252.443, 140
Trd, 4319252.943, 79
Trd, 4319253.293, 77
Trd, 4319253.343, 76
Trd, 4319253.843, 137
Trd, 4319254.843, 139
Trd, 4319255.493, 139
Trd, 4319255.593, 116
Trd, 4319256.293, 138
Trd, 4319256.343, 73
Trd, 4319257.043, 68
Trd, 4319257.743, 66
Trd, 4319258.043, 60
Trd, 4319259.043, 138
Trd, 4319259.643, 60
Trd, 4319259.743, 61
Trd, 4319260.643, 139
Trd, 4319260.993, 138
Trd, 4319261.193, 90
Trd, 4319261.543, 84
Trd, 4319263.293, 62
Trd, 4319263.643, 75
Trd, 4319263.993, 60
Trd, 4319266.293, 140
Trd, 4319266.443, 140
Trd, 4319266.493, 139
Trd, 4319267.143, 140
Trd, 4319267.543, 140
Trd, 4319267.643, 66
Trd, 4319268.093, 69
Trd, 4319269.243, 71
Trd, 4319269.593, 67
Trd, 4319270.293, 138
Trd, 4319271.193, 61
Trd, 4319271.943, 94
Trd, 4319272.643, 60
Trd, 4319273.393, 63
Trd, 4319273.943, 61
Trd, 4319274.443, 62
Trd, 4319274.893, 62
Trd, 4319275.293, 133
Trd, 4319276.043, 60
Trd, 4319276.793, 60
Trd, 4319277.443, 140
Trd, 4319278.993, 123
Trd, 4319279.143, 82
Trd, 4319280.393, 64
Trd, 4319281.093, 67
Trd, 4319281.193, 69
Trd, 4319281.793, 84
Trd, 4319281.843, 86
Trd, 4319284.143, 140
Trd, 4319284.543, 140
Trd, 4319284.893, 140
Trd, 4319285.343, 139
Trd, 4319285.493, 130
Trd, 4319285.793, 116
Trd, 4319286.743, 135
Trd, 4319287.243, 61
Trd, 4319287.643, 64
Trd, 4319288.543, 62
Trd, 4319289.393, 61
Trd, 4319289.643, 63
Trd, 4319290.293, 61
Trd, 4319291.443, 60
Trd, 4319292.093, 60
Trd, 4319292.343, 61
Trd, 4319292.643, 62
Trd, 4319294.593, 65
Trd, 4319294.843, 60
Trd, 4319296.293, 61
Trd, 4319296.393, 63
Trd, 4319296.593, 64
Trd, 4319297.043, 79
Trd, 4319298.093, 140
Trd, 4319298.293, 140
Trd, 4319298.593, 62
Trd, 4319298.743, 63
Trd, 4319299.143, 69
Trd, 4319299.693, 102
Trd, 4319299.893, 66
Trd, 4319300.493, 139
Trd, 4319301.143, 74
Trd, 4319302.143, 60
Trd, 4319302.293, 90
Trd, 4319303.343, 79
Trd, 4319304.943, 60
Trd, 4319305.393, 140
Trd, 4319306.143, 140
Trd, 4319306.243, 134
Trd, 4319306.893, 138
Trd, 4319306.943, 112
Trd, 4319307.893, 139
Trd, 4319308.243, 105
Trd, 4319308.843, 81
Trd, 4319309.193, 69
Trd, 4319309.243, 68
Trd, 4319309.993, 138
Trd, 4319311.143, 60
Trd, 4319311.293, 63
Trd, 4319312.443, 64
Trd, 4319312.493, 93
Trd, 4319313.293, 140
Trd, 4319314.493, 94
Trd, 4319315.043, 140
Trd, 4319315.393, 140
Trd, 4319316.443, 140
Trd, 4319316.893, 140
Trd, 4319317.443, 139
Trd, 4319317.593, 61
Trd, 4319318.643, 62
Trd, 4319318.743, 65
Trd, 4319319.593, 84
Trd, 4319320.293, 67
Trd, 4319320.643, 140
Trd, 4319320.943, 71
Trd, 4319323.093, 140
Trd, 4319323.343, 140
Trd, 4319323.393, 140
Trd, 4319323.693, 62
Trd, 4319324.443, 64
Trd, 4319324.693, 131
Trd, 4319325.993, 140
Trd, 4319326.743, 140
Trd, 4319326.843, 65
Trd, 4319328.143, 140
Trd, 4319328.243, 139
Trd, 4319330.343, 140
Trd, 4319330.743, 139
Trd, 4319331.093, 140
Trd, 4319332.593, 140
Trd, 4319332.693, 140
Trd, 4319332.843, 116
Trd, 4319332.993, 96
Trd, 4319334.443, 137
Trd, 4319335.493, 140
Trd, 4319335.593, 140
Trd, 4319337.043, 140
Trd, 4319337.093, 140
Trd, 4319337.943, 121
Trd, 4319338.543, 140
Trd, 4319339.043, 89
Trd, 4319340.043, 60
Trd, 4319341.043, 60
Trd, 4319341.143, 60
Trd, 4319341.343, 61
Trd, 4319341.643, 64
Trd, 4319342.943, 60
Trd, 4319343.043, 61
Trd, 4319343.693, 61
Trd, 4319344.193, 61
Trd, 4319344.593, 63
Trd, 4319345.543, 60
Trd, 4319346.443, 60
Trd, 4319347.593, 62
Trd, 4319347.643, 65
Trd, 4319347.743, 92
Trd, 4319348.243, 61
Trd, 4319348.493, 70
Trd, 4319349.993, 60
Trd, 4319350.093, 61
Trd, 4319351.443, 60
Trd, 4319351.993, 63
Trd, 4319352.643, 60
Trd, 4319353.293, 66
Trd, 4319353.343, 68
Trd, 4319355.243, 66
Trd, 4319356.043, 60
Trd, 4319356.143, 61
Trd, 4319356.743, 61
Trd, 4319357.293, 61
Trd, 4319358.043, 61
Trd, 4319358.443, 62
Trd, 4319359.343, 60
Trd, 4319359.493, 60
Trd, 4319360.493, 61
Trd, 4319360.893, 65
Trd, 4319361.593, 120
Trd, 4319362.293, 139
Trd, 4319362.993, 64
Trd, 4319363.593, 61
Trd, 4319364.193, 64
Trd, 4319364.443, 69
Trd, 4319364.543, 64
Trd, 4319365.643, 140
Trd, 4319366.293, 124
Trd, 4319366.943, 140
Trd, 4319367.743, 139
Trd, 4319367.993, 127
Trd, 4319368.443, 138
Trd, 4319370.243, 107
Trd, 4319370.293, 77
Trd, 4319370.493, 66
Trd, 4319371.043, 140
Trd, 4319372.393, 140
Trd, 4319373.043, 61
Trd, 4319374.393, 140
Trd, 4319374.643, 140
Trd, 4319374.993, 138
Trd, 4319376.943, 140
Trd, 4319377.843, 139
Trd, 4319378.393, 137
Trd, 4319379.043, 137
Trd, 4319379.243, 131
Trd, 4319380.143, 140
Trd, 4319380.493, 139
Trd, 4319380.743, 134
Trd, 4319381.143, 139
Trd, 4319381.243, 105
Trd, 4319382.143, 62
Trd, 4319382.543, 140
Trd, 4319383.193, 140
Trd, 4319383.943, 110
Trd, 4319384.193, 84
Trd, 4319384.443, 134
Trd, 4319384.893, 61
Trd, 4319385.693, 62
Trd, 4319386.943, 61
Trd, 4319387.043, 61
Trd, 4319387.493, 66
Trd, 4319388.043, 60
Trd, 4319388.543, 61
Trd, 4319389.043, 74
Trd, 4319390.193, 140
Trd, 4319390.743, 140
Trd, 4319391.493, 140
Trd, 4319391.793, 139
Trd, 4319392.543, 139
Trd, 4319392.693, 70
Trd, 4319393.143, 140
Trd, 4319394.393, 63
Trd, 4319394.543, 64
Trd, 4319394.893, 139
Trd, 4319395.493, 70
Trd, 4319396.043, 140
Trd, 4319396.443, 140
Trd, 4319397.043, 76
Trd, 4319398.093, 105
Trd, 4319398.443, 104
Trd, 4319399.893, 82
Trd, 4319400.693, 65
Trd, 4319400.743, 123
Trd, 4319400.843, 124
Trd, 4319401.943, 60
Trd, 4319402.543, 60
Trd, 4319402.893, 60
Trd, 4319403.393, 61
Trd, 4319404.493, 62
Trd, 4319406.543, 62
Trd, 4319406.693, 63
Trd, 4319407.343, 61
Trd, 4319407.493, 63
Trd, 4319408.843, 60
Trd, 4319409.143, 62
Trd, 4319409.243, 63
Trd, 4319409.493, 63
Trd, 4319409.893, 111
Trd, 4319410.443, 60
Trd, 4319411.043, 64
Trd, 4319411.193, 64
Trd, 4319412.393, 79
Trd, 4319412.643, 77
Trd, 4319413.443, 64
Trd, 4319413.993, 84
Trd, 4319414.493, 66
Trd, 4319415.093, 62
Trd, 4319415.993, 140
Trd, 4319416.993, 137
Trd, 4319417.343, 63
Trd, 4319418.093, 138
Trd, 4319418.443, 138
Trd, 4319418.893, 125
Trd, 4319419.343, 91
Trd, 4319420.093, 138
Trd, 4319420.143, 110
Trd, 4319420.993, 139
Trd, 4319421.493, 60
Trd, 4319422.893, 72
Trd, 4319423.743, 138
Trd, 4319424.093, 140
Trd, 4319425.743, 140
Trd, 4319426.243, 140
Trd, 4319426.643, 140
Trd, 4319426.693, 132
Trd, 4319427.693, 119
Trd, 4319428.093, 140
Trd, 4319428.393, 60
Trd, 4319428.643, 60
Trd, 4319429.193, 61
Trd, 4319430.893, 62
Trd, 4319431.043, 62
Trd, 4319431.593, 140
Trd, 4319431.693, 137
Trd, 4319432.743, 61
Trd, 4319433.043, 64
Trd, 4319434.343, 140
Trd, 4319434.893, 140
Trd, 4319435.393, 129
Trd, 4319435.843, 139
Trd, 4319436.593, 140
Trd, 4319436.993, 134
Trd, 4319437.543, 65
Trd, 4319437.793, 95
Trd, 4319438.493, 63
Trd, 4319439.293, 139
Trd, 4319439.643, 60
Trd, 4319439.993, 67
Trd, 4319440.643, 66
Trd, 4319441.943, 65
Trd, 4319442.643, 65
Trd, 4319442.893, 61
Trd, 4319443.543, 68
Trd, 4319443.793, 66
Trd, 4319445.143, 92
Trd, 4319445.243, 139
Trd, 4319446.193, 61
Trd, 4319446.693, 70
Trd, 4319447.793, 140
Trd, 4319448.843, 140
Trd, 4319449.493, 139
Trd, 4319449.943, 140
Trd, 4319450.243, 97
Trd, 4319450.643, 138
Trd, 4319450.843, 136
Trd, 4319451.443, 112
Trd, 4319451.843, 61
Trd, 4319452.143, 65
Trd, 4319452.743, 125
Trd, 4319453.893, 88
Trd, 4319454.843, 140
Trd, 4319455.293, 138
Trd, 4319455.843, 138
Trd, 4319456.643, 138
Trd, 4319457.143, 137
Trd, 4319457.243, 114
Trd, 4319457.443, 88
Trd, 4319459.393, 140
Trd, 4319459.893, 140
Trd, 4319460.693, 140
Trd, 4319460.843, 140
Trd, 4319461.243, 123
Trd, 4319461.443, 109
Trd, 4319462.843, 83
Trd, 4319463.193, 108
Trd, 4319464.743, 140
Trd, 4319465.343, 140
Trd, 4319465.493, 139
Trd, 4319465.593, 136
Trd, 4319465.743, 121
Trd, 4319466.043, 140
Trd, 4319467.593, 139
Trd, 4319468.043, 140
Trd, 4319470.193, 139
Trd, 4319470.543, 139
Trd, 4319470.993, 89
Trd, 4319471.343, 113
Trd, 4319471.443, 61
Trd, 4319472.193, 138
Trd, 4319473.093, 140
Trd, 4319473.743, 93
Trd, 4319473.893, 77
Trd, 4319475.293, 140
Trd, 4319475.343, 140
Trd, 4319476.043, 140
Trd, 4319477.093, 98
Trd, 4319478.343, 129
Trd, 4319478.643, 140
Trd, 4319479.393, 125
Trd, 4319479.893, 107
Trd, 4319480.293, 60
Trd, 4319480.343, 60
Trd, 4319480.593, 66
Trd, 4319480.993, 64
Trd, 4319481.743, 72
Trd, 4319481.993, 101
Trd, 4319482.743, 61
Trd, 4319483.843, 61
Trd, 4319484.493, 61
Trd, 4319485.793, 63
Trd, 4319485.893, 66
Trd, 4319486.993, 74
Trd, 4319487.193, 138
Trd, 4319487.843, 138
Trd, 4319488.243, 123
Trd, 4319488.993, 101
Trd, 4319490.293, 140
Trd, 4319490.343, 140
Trd, 4319491.193, 76
Trd, 4319491.243, 77
Trd, 4319491.443, 63
Trd, 4319491.843, 61
Trd, 4319493.143, 140
Trd, 4319493.443, 139
Trd, 4319493.593, 138
Trd, 4319493.743, 101
Trd, 4319493.893, 60
Trd, 4319495.393, 137
Trd, 4319496.493, 101
Trd, 4319496.693, 107
Trd, 4319497.093, 140
Trd, 4319497.593, 140
Trd, 4319497.793, 139
Trd, 4319497.893, 99
Trd, 4319498.543, 140
Trd, 4319499.943, 139
Trd, 4319500.943, 139
Trd, 4319501.043, 117
Trd, 4319501.443, 62
Trd, 4319503.143, 140
Trd, 4319503.393, 137
Trd, 4319503.893, 93
Trd, 4319505.493, 116
Trd, 4319505.793, 140
Trd, 4319506.543, 140
Trd, 4319506.743, 139
Trd, 4319507.543, 120
Trd, 4319507.593, 107
Trd, 4319508.693, 139
Trd, 4319508.943, 116
Trd, 4319509.043, 103
Trd, 4319509.993, 140
Trd, 4319510.743, 102
Trd, 4319511.393, 64
Trd, 4319511.993, 139
Trd, 4319512.593, 121
Trd, 4319513.543, 60
Trd, 4319514.443, 60
Trd, 4319514.693, 60
Trd, 4319515.793, 60
Trd, 4319515.993, 63
Trd, 4319517.593, 60
Trd, 4319517.893, 60
Trd, 4319518.943, 60
Trd, 4319519.093, 60
Trd, 4319520.343, 60
Trd, 4319520.493, 62
Trd, 4319520.793, 60
Trd, 4319521.143, 62
Trd, 4319521.643, 62
Trd, 4319522.693, 61
Trd, 4319523.243, 64
Trd, 4319523.643, 65
Trd, 4319523.743, 67
Trd, 4319525.543, 62
Trd, 4319526.093, 61
Trd, 4319526.443, 61
Trd, 4319526.493, 63
Trd, 4319527.143, 105
Trd, 4319527.293, 60
Trd, 4319528.243, 60
Trd, 4319528.343, 60
Trd, 4319529.043, 60
Trd, 4319529.443, 60
Trd, 4319530.543, 60
Trd, 4319531.193, 60
Trd, 4319531.243, 60
Trd, 4319532.443, 60
Trd, 4319533.593, 63
Trd, 4319534.093, 61
Trd, 4319534.143, 66
Trd, 4319534.943, 60
Trd, 4319536.543, 60
Trd, 4319536.693, 60
Trd, 4319537.743, 61
Trd, 4319538.393, 63
Trd, 4319538.943, 65
Trd, 4319539.393, 69
Trd, 4319539.543, 60
Trd, 4319540.093, 63
Trd, 4319540.843, 65
Trd, 4319541.843, 140
Trd, 4319541.943, 140
Trd, 4319542.343, 138
Trd, 4319542.693, 101
Trd, 4319543.193, 140
Trd, 4319544.193, 139
Trd, 4319545.493, 138
Trd, 4319545.943, 138
Trd, 4319547.093, 139
Trd, 4319547.393, 137
Trd, 4319548.043, 140
Trd, 4319549.343, 139
Trd, 4319549.443, 68
Trd, 4319550.143, 77
Trd, 4319551.043, 60
Trd, 4319551.243, 61
Trd, 4319551.793, 85
Trd, 4319552.193, 67
Trd, 4319552.343, 60
Trd, 4319553.493, 140
Trd, 4319553.843, 60
Trd, 4319554.193, 60
Trd, 4319554.693, 66
Trd, 4319555.693, 60
Trd, 4319556.293, 66
Trd, 4319556.743, 138
Trd, 4319557.193, 134
Trd, 4319558.043, 139
Trd, 4319560.093, 139
Trd, 4319560.543, 132
Trd, 4319560.643, 131
Trd, 4319561.143, 64
Trd, 4319561.343, 61
Trd, 4319561.893, 60
Trd, 4319562.093, 72
Trd, 4319562.843, 139
Trd, 4319563.443, 63
Trd, 4319563.793, 60
Trd, 4319563.943, 61
Trd, 4319564.543, 73
Trd, 4319565.843, 64
Trd, 4319566.693, 70
Trd, 4319567.293, 60
Trd, 4319567.443, 60
Trd, 4319567.793, 139
Trd, 4319568.493, 66
Trd, 4319569.743, 60
Trd, 4319570.543, 65
Trd, 4319571.193, 60
Trd, 4319571.293, 63
Trd, 4319572.543, 60
Trd, 4319573.043, 61
Trd, 4319573.643, 61
Trd, 4319574.293, 60
Trd, 4319574.543, 139
Trd, 4319575.093, 60
Trd, 4319575.493, 66
Trd, 4319576.043, 140
Trd, 4319576.143, 140
Trd, 4319578.243, 60
Trd, 4319578.343, 62
Trd, 4319579.043, 61
Trd, 4319579.193, 62
Trd, 4319579.543, 66
Trd, 4319580.493, 61
Trd, 4319580.743, 66
Trd, 4319581.693, 60
Trd, 4319582.043, 61
Trd, 4319582.893, 140
Trd, 4319583.243, 140
Trd, 4319583.443, 140
Trd, 4319584.043, 69
Trd, 4319584.393, 64
Trd, 4319584.493, 68
Trd, 4319585.343, 60
Trd, 4319586.043, 63
Trd, 4319586.693, 60
Trd, 4319587.743, 72
Trd, 4319588.393, 60
Trd, 4319590.093, 61
Trd, 4319590.293, 62
Trd, 4319590.493, 60
Trd, 4319591.343, 61
Trd, 4319591.793, 61
Trd, 4319592.393, 60
Trd, 4319592.493, 63
Trd, 4319593.643, 112
Trd, 4319593.993, 68
Trd, 4319594.993, 61
Trd, 4319595.743, 67
Trd, 4319596.143, 75
Trd, 4319596.743, 60
Trd, 4319597.043, 64
Trd, 4319597.793, 138
Trd, 4319597.843, 137
Trd, 4319598.493, 66
Trd, 4319599.243, 140
Trd, 4319599.343, 110
Trd, 4319600.793, 70
Trd, 4319601.143, 60
Trd, 4319601.643, 69
Trd, 4319601.843, 138
Trd, 4319603.143, 60
Trd, 4319603.743, 60
Trd, 4319603.943, 61
Trd, 4319605.093, 63
Trd, 4319605.193, 60
Trd, 4319605.643, 62
Trd, 4319606.393, 68
Trd, 4319607.093, 60
Trd, 4319607.543, 60
Trd, 4319608.093, 61
Trd, 4319608.393, 60
Trd, 4319608.743, 61
Trd, 4319610.393, 101
Trd, 4319610.943, 135
Trd, 4319611.843, 140
Trd, 4319611.893, 139
Trd, 4319612.293, 140
Trd, 4319612.593, 139
Trd, 4319613.193, 140
Trd, 4319613.693, 140
Trd, 4319614.893, 100
Trd, 4319615.143, 108
Trd, 4319615.993, 139
Trd, 4319616.643, 139
Trd, 4319617.143, 140
Trd, 4319617.243, 138
Trd, 4319618.443, 135
Trd, 4319619.393, 60
Trd, 4319620.643, 140
Trd, 4319620.793, 139
Trd, 4319621.143, 121
Trd, 4319621.293, 90
Trd, 4319621.593, 61
Trd, 4319623.143, 71
Trd, 4319623.593, 140
Trd, 4319624.243, 140
Trd, 4319624.343, 140
Trd, 4319624.543, 139
Trd, 4319626.143, 140
Trd, 4319626.343, 139
Trd, 4319628.093, 136
Trd, 4319628.343, 139
Trd, 4319628.493, 134
Trd, 4319628.743, 92
Trd, 4319630.193, 140
Trd, 4319630.293, 138
Trd, 4319630.993, 139
Trd, 4319631.743, 86
Trd, 4319632.793, 65
Trd, 4319634.693, 140
Trd, 4319635.493, 139
Trd, 4319635.793, 137
Trd, 4319635.993, 98
Trd, 4319636.193, 91
Trd, 4319636.993, 140
Trd, 4319637.693, 60
Trd, 4319638.193, 61
Trd, 4319638.493, 140
Trd, 4319638.693, 114
Trd, 4319639.243, 91
Trd, 4319639.793, 60
Trd, 4319640.393, 64
Trd, 4319641.393, 61
Trd, 4319641.843, 61
Trd, 4319642.293, 60
Trd, 4319643.443, 61
Trd, 4319643.993, 60
Trd, 4319644.693, 68
Trd, 4319645.243, 60
Trd, 4319646.043, 62
Trd, 4319646.493, 60
Trd, 4319647.643, 139
Trd, 4319648.043, 140
Trd, 4319648.743, 140
Trd, 4319649.093, 140
Trd, 4319649.193, 96
Trd, 4319649.793, 140
Trd, 4319651.493, 62
Trd, 4319651.543, 72
Trd, 4319652.243, 140
Trd, 4319652.393, 139
Trd, 4319653.043, 135
Trd, 4319653.493, 135
Trd, 4319654.393, 75
Trd, 4319654.443, 72
Trd, 4319655.843, 60
Trd, 4319656.343, 61
Trd, 4319656.743, 61
Trd, 4319656.843, 61
Trd, 4319657.293, 70
Trd, 4319659.643, 60
Trd, 4319660.143, 60
Trd, 4319660.293, 60
Trd, 4319661.143, 62
Trd, 4319661.743, 60
Trd, 4319661.793, 64
Trd, 4319661.943, 60
Trd, 4319662.993, 140
Trd, 4319663.443, 67
Trd, 4319664.193, 139
Trd, 4319664.743, 77
Trd, 4319665.393, 61
Trd, 4319666.143, 140
Trd, 4319667.193, 139
Trd, 4319667.293, 138
Trd, 4319667.393, 101
Trd, 4319668.293, 137
Trd, 4319668.393, 140
Trd, 4319668.493, 94
Trd, 4319668.693, 91
Trd, 4319669.393, 84
Trd, 4319670.843, 140
Trd, 4319671.193, 61
Trd, 4319672.443, 60
Trd, 4319673.393, 60
Trd, 4319673.443, 60
Trd, 4319673.843, 60
Trd, 4319674.243, 61
Trd, 4319674.743, 64
Trd, 4319675.193, 73
Trd, 4319675.493, 60
Trd, 4319675.893, 85
Trd, 4319676.093, 63
Trd, 4319677.443, 139
Trd, 4319677.593, 80
Trd, 4319678.893, 140
Trd, 4319679.343, 140
Trd, 4319680.843, 140
Trd, 4319680.993, 140
Trd, 4319681.043, 123
Trd, 4319681.943, 140
Trd, 4319682.143, 95
Trd, 4319683.193, 140
Trd, 4319683.643, 140
Trd, 4319684.743, 140
Trd, 4319685.143, 122
Trd, 4319685.843, 121
Trd, 4319686.943, 63
Trd, 4319687.593, 138
Trd, 4319688.143, 60
Trd, 4319688.893, 60
Trd, 4319689.793, 132
Trd, 4319690.493, 139
Trd, 4319692.043, 140
Trd, 4319692.993, 139
Trd, 4319693.093, 140
Trd, 4319693.693, 139
Trd, 4319694.093, 140
Trd, 4319694.193, 137
Trd, 4319694.443, 135
Trd, 4319694.693, 79
Trd, 4319695.643, 116
Trd, 4319696.193, 140
Trd, 4319696.543, 140
Trd, 4319698.043, 139
Trd, 4319698.593, 140
Trd, 4319699.193, 140
Trd, 4319699.843, 114
Trd, 4319699.893, 80
Trd, 4319700.493, 73
Trd, 4319700.993, 61
Trd, 4319702.193, 140
Trd, 4319702.643, 140
Trd, 4319703.293, 140
Trd, 4319703.343, 140
Trd, 4319703.993, 140
Trd, 4319704.193, 140
Trd, 4319705.593, 127
Trd, 4319706.843, 138
Trd, 4319707.093, 127
Trd, 4319707.643, 139
Trd, 4319708.343, 138
Trd, 4319708.593, 136
Trd, 4319708.743, 139
Trd, 4319708.993, 128
Trd, 4319710.543, 131
Trd, 4319710.743, 140
Trd, 4319711.743, 140
Trd, 4319712.843, 140
Trd, 4319713.293, 139
Trd, 4319713.593, 139
Trd, 4319714.093, 128
Trd, 4319714.443, 134
Trd, 4319714.943, 89
Trd, 4319715.443, 140
Trd, 4319716.443, 140
Trd, 4319718.243, 140
Trd, 4319718.343, 140
Trd, 4319718.743, 139
Trd, 4319719.943, 140
Trd, 4319720.493, 137
Trd, 4319721.893, 140
Trd, 4319722.043, 140
Trd, 4319722.593, 117
Trd, 4319723.243, 136
Trd, 4319723.293, 134
Trd, 4319724.843, 140
Trd, 4319724.893, 139
Trd, 4319725.343, 140
Trd, 4319725.593, 114
Trd, 4319727.293, 140
Trd, 4319728.893, 140
Trd, 4319729.543, 139
Trd, 4319729.593, 139
Trd, 4319729.893, 135
Trd, 4319730.143, 107
Trd, 4319731.043, 136
Trd, 4319731.093, 89
Trd, 4319731.193, 89
Trd, 4319731.893, 70
Trd, 4319733.043, 64
Trd, 4319733.343, 61
Trd, 4319733.393, 71
Trd, 4319734.943, 60
Trd, 4319735.193, 116
Trd, 4319735.993, 69
Trd, 4319736.993, 60
Trd, 4319737.993, 78
Trd, 4319739.493, 140
Trd, 4319739.543, 140
Trd, 4319739.843, 61
Trd, 4319739.943, 63
Trd, 4319740.443, 140
Trd, 4319740.693, 140
Trd, 4319740.843, 133
Trd, 4319741.693, 67
Trd, 4319742.943, 140
Trd, 4319743.243, 139
Trd, 4319743.843, 99
Trd, 4319744.043, 67
Trd, 4319745.493, 140
Trd, 4319745.793, 140
Trd, 4319746.093, 140
Trd, 4319746.343, 130
Trd, 4319747.243, 140
Trd, 4319747.793, 138
Trd, 4319749.093, 106
Trd, 4319749.643, 105
Trd, 4319749.943, 67
Trd, 4319750.143, 68
Trd, 4319752.193, 140
Trd, 4319752.643, 138
Trd, 4319752.893, 93
Trd, 4319753.943, 140
Trd, 4319753.993, 139
Trd, 4319755.243, 138
Trd, 4319755.293, 138
Trd, 4319755.843, 139
Trd, 4319756.543, 140
Trd, 4319756.743, 113
Trd, 4319756.793, 89
Trd, 4319757.993, 72
Trd, 4319758.193, 140
Trd, 4319758.793, 61
Trd, 4319759.343, 61
Trd, 4319759.743, 139
Trd, 4319760.393, 140
Trd, 4319760.643, 140
Trd, 4319761.243, 61
Trd, 4319761.943, 62
Trd, 4319762.293, 61
Trd, 4319762.343, 62
Trd, 4319762.393, 64
Trd, 4319763.893, 140
Trd, 4319764.143, 139
Trd, 4319765.543, 112
Trd, 4319766.343, 140
Trd, 4319766.793, 109
Trd, 4319766.993, 129
Trd, 4319768.443, 140
Trd, 4319768.743, 129
Trd, 4319770.143, 112
Trd, 4319770.393, 135
Trd, 4319770.593, 140
Trd, 4319771.943, 140
Trd, 4319772.143, 140
Trd, 4319774.043, 140
Trd, 4319774.593, 140
Trd, 4319775.193, 140
Trd, 4319775.543, 139
Trd, 4319776.293, 137
Trd, 4319776.493, 138
Trd, 4319776.943, 117
Trd, 4319777.193, 74
Trd, 4319779.093, 140
Trd, 4319779.243, 139
Trd, 4319779.693, 119
Trd, 4319780.393, 139
Trd, 4319780.943, 138
Trd, 4319781.743, 140
Trd, 4319782.243, 132
Trd, 4319782.443, 130
Trd, 4319782.743, 75
Trd, 4319784.443, 140
Trd, 4319784.493, 140
Trd, 4319784.793, 61
Trd, 4319785.093, 70
Trd, 4319786.693, 137
Trd, 4319787.393, 136
Trd, 4319788.043, 108
Trd, 4319788.243, 62
Trd, 4319788.793, 140
Trd, 4319790.493, 140
Trd, 4319791.243, 140
Trd, 4319791.443, 140
Trd, 4319792.493, 140
Trd, 4319792.543, 138
Trd, 4319792.643, 119
Trd, 4319793.843, 137
Trd, 4319794.593, 106
Trd, 4319794.893, 104
Trd, 4319795.093, 139
Trd, 4319795.693, 76
Trd, 4319796.843, 67
Trd, 4319796.893, 68
Trd, 4319796.993, 70
Trd, 4319797.893, 140
Trd, 4319798.043, 140
Trd, 4319798.093, 140
Trd, 4319799.993, 140
Trd, 4319800.843, 106
Trd, 4319801.343, 98
Trd, 4319801.493, 83
Trd, 4319802.043, 140
Trd, 4319802.843, 140
Trd, 4319802.943, 140
Trd, 4319803.343, 140
Trd, 4319803.693, 137
Trd, 4319805.993, 140
Trd, 4319806.293, 138
Trd, 4319806.343, 134
Trd, 4319806.443, 129
Trd, 4319807.543, 140
Trd, 4319808.943, 68
Trd, 4319809.593, 65
Trd, 4319809.643, 69
Trd, 4319810.193, 60
Trd, 4319810.293, 60
Trd, 4319811.193, 60
Trd, 4319811.743, 61
Trd, 4319812.043, 65
Trd, 4319812.743, 62
Trd, 4319812.893, 60
Trd, 4319813.593, 76
Trd, 4319814.143, 63
Trd, 4319814.793, 64
Trd, 4319815.793, 124
Trd, 4319815.993, 72
Trd, 4319817.443, 140
Trd, 4319817.743, 139
Trd, 4319817.893, 140
Trd, 4319818.393, 133
Trd, 4319818.943, 77
Trd, 4319819.493, 140
Trd, 4319820.293, 140
Trd, 4319820.393, 133
Trd, 4319821.293, 107
Trd, 4319821.943, 131
Trd, 4319822.243, 88
Trd, 4319823.643, 140
Trd, 4319823.993, 129
Trd, 4319824.193, 65
Trd, 4319824.743, 61
Trd, 4319824.843, 60
Trd, 4319825.243, 75
Trd, 4319826.393, 75
Trd, 4319826.893, 140
Trd, 4319827.443, 122
Trd, 4319829.293, 140
Trd, 4319829.593, 140
Trd, 4319830.793, 139
Trd, 4319831.243, 87
Trd, 4319831.943, 64
Trd, 4319832.193, 67
Trd, 4319832.543, 61
Trd, 4319833.443, 60
Trd, 4319833.743, 64
Trd, 4319833.843, 60
Trd, 4319834.143, 68
Trd, 4319835.793, 140
Trd, 4319836.493, 140
Trd, 4319836.943, 140
Trd, 4319837.393, 140
Trd, 4319837.943, 140
Trd, 4319838.193, 140
Trd, 4319838.543, 66
Trd, 4319839.593, 65
Trd, 4319840.493, 140
Trd, 4319841.293, 70
Trd, 4319841.543, 64
Trd, 4319842.693, 62
Trd, 4319842.843, 67
Trd, 4319843.093, 61
Trd, 4319843.793, 60
Trd, 4319843.993, 62
Trd, 4319844.193, 60
Trd, 4319846.193, 140
Trd, 4319846.393, 140
Trd, 4319847.143, 61
Trd, 4319847.543, 60
Trd, 4319847.693, 65
Trd, 4319848.693, 97
Trd, 4319849.293, 87
Trd, 4319850.593, 137
Trd, 4319850.743, 65
Trd, 4319851.493, 140
Trd, 4319851.793, 140
Trd, 4319852.243, 140
Trd, 4319852.343, 139
Trd, 4319853.593, 139
Trd, 4319853.643, 138
Trd, 4319854.043, 138
Trd, 4319855.893, 126
Trd, 4319855.993, 122
Trd, 4319856.493, 60
Trd, 4319856.743, 61
Trd, 4319856.943, 69
Trd, 4319857.343, 68
Trd, 4319857.743, 80
Trd, 4319858.793, 139
Trd, 4319859.593, 117
Trd, 4319859.843, 78
Trd, 4319860.543, 139
Trd, 4319861.793, 140
Trd, 4319861.843, 90
Trd, 4319862.293, 139
Trd, 4319862.443, 138
Trd, 4319863.693, 140
Trd, 4319864.043, 60
Trd, 4319865.193, 61
Trd, 4319865.693, 139
Trd, 4319866.993, 64
Trd, 4319867.393, 60
Trd, 4319867.443, 65
Trd, 4319868.293, 75
Trd, 4319868.793, 110
Trd, 4319869.393, 89
Trd, 4319870.593, 61
Trd, 4319871.293, 60
Trd, 4319871.993, 60
Trd, 4319872.693, 61
Trd, 4319872.793, 69
Trd, 4319872.893, 65
Trd, 4319873.693, 139
Trd, 4319873.943, 140
Trd, 4319874.393, 64
Trd, 4319875.843, 65
Trd, 4319876.443, 60
Trd, 4319876.993, 62
Trd, 4319878.343, 104
Trd, 4319878.793, 72
Trd, 4319878.893, 62
Trd, 4319879.043, 62
Trd, 4319880.043, 108
Trd, 4319880.593, 60
Trd, 4319880.943, 60
Trd, 4319881.493, 71
Trd, 4319881.643, 119
Trd, 4319882.293, 131
Trd, 4319883.443, 63
Trd, 4319884.593, 60
Trd, 4319885.143, 62
Trd, 4319885.443, 62
Trd, 4319885.843, 62
Trd, 4319886.693, 140
Trd, 4319886.943, 61
Trd, 4319888.843, 136
Trd, 4319888.943, 98
Trd, 4319890.443, 100
Trd, 4319890.493, 79
Trd, 4319891.093, 139
Trd, 4319891.943, 60
Trd, 4319892.043, 60
Trd, 4319893.793, 61
Trd, 4319894.193, 62
Trd, 4319894.493, 60
Trd, 4319894.593, 63
Trd, 4319894.693, 64
Trd, 4319895.443, 140
Trd, 4319895.843, 140
Trd, 4319896.843, 140
Trd, 4319897.293, 98
Trd, 4319897.743, 70
Trd, 4319898.143, 140
Trd, 4319898.643, 117
Trd, 4319898.943, 104
Trd, 4319899.643, 138
Trd, 4319899.943, 62
Trd, 4319900.743, 61
Trd, 4319901.543, 62
Trd, 4319902.043, 60
Trd, 4319902.193, 60
Trd, 4319903.093, 60
Trd, 4319903.493, 85
Trd, 4319903.743, 139
Trd, 4319904.393, 140
Trd, 4319905.693, 122
Trd, 4319906.293, 92
Trd, 4319906.593, 136
Trd, 4319907.593, 140
Trd, 4319908.443, 140
Trd, 4319908.643, 139
Trd, 4319909.643, 60
Trd, 4319909.993, 62
Trd, 4319911.243, 138
Trd, 4319911.593, 130
Trd, 4319912.343, 121
Trd, 4319912.943, 140
Trd, 4319913.743, 140
Trd, 4319913.893, 140
Trd, 4319914.993, 139
Trd, 4319915.443, 139
Trd, 4319915.643, 99
Trd, 4319917.093, 140
Trd, 4319917.543, 97
Trd, 4319918.443, 140
Trd, 4319918.943, 140
Trd, 4319919.193, 139
Trd, 4319919.443, 97
Trd, 4319920.193, 140
Trd, 4319920.543, 137
Trd, 4319922.193, 139
Trd, 4319923.793, 140
Trd, 4319923.843, 140
Trd, 4319924.093, 139
Trd, 4319924.243, 130
Trd, 4319924.743, 139
Trd, 4319925.793, 139
Trd, 4319926.543, 130
Trd, 4319926.943, 140
Trd, 4319927.593, 137
Trd, 4319927.793, 94
Trd, 4319928.193, 67
Trd, 4319929.693, 140
Trd, 4319930.343, 129
Trd, 4319930.993, 137
Trd, 4319931.643, 139
Trd, 4319931.743, 123
Trd, 4319933.493, 136
Trd, 4319933.993, 134
Trd, 4319934.193, 140
Trd, 4319934.243, 120
Trd, 4319936.143, 140
Trd, 4319936.443, 102
Trd, 4319937.493, 139
Trd, 4319937.643, 137
Trd, 4319937.793, 138
Trd, 4319938.543, 137
Trd, 4319939.293, 83
Trd, 4319940.243, 139
Trd, 4319940.643, 140
Trd, 4319940.993, 129
Trd, 4319941.643, 112
Trd, 4319942.143, 78
Trd, 4319942.743, 121
Trd, 4319943.193, 82
Trd, 4319943.993, 139
Trd, 4319944.993, 139
Trd, 4319945.493, 139
Trd, 4319945.993, 138
Trd, 4319946.893, 74
Trd, 4319947.043, 62
Trd, 4319947.543, 67
Trd, 4319948.093, 67
Trd, 4319948.643, 63
Trd, 4319948.893, 61
Trd, 4319950.993, 60
Trd, 4319952.143, 69
Trd, 4319952.393, 68
Trd, 4319952.493, 70
Trd, 4319952.793, 73
Trd, 4319953.193, 69
Trd, 4319953.593, 60
Trd, 4319954.643, 60
Trd, 4319955.343, 60
Trd, 4319955.993, 62
Trd, 4319956.543, 60
Trd, 4319956.793, 62
Trd, 4319957.243, 124
Trd, 4319957.293, 118
Trd, 4319957.843, 65
Trd, 4319958.493, 65
Trd, 4319959.343, 135
Trd, 4319961.043, 140
Trd, 4319962.293, 139
Trd, 4319962.993, 138
Trd, 4319963.493, 139
Trd, 4319964.793, 139
Trd, 4319964.993, 115
Trd, 4319965.543, 140
Trd, 4319966.243, 139
Trd, 4319966.443, 136
Trd, 4319966.543, 95
Trd, 4319967.093, 139
Trd, 4319967.143, 64
Trd, 4319967.843, 140
Trd, 4319969.993, 140
Trd, 4319970.093, 140
Trd, 4319970.693, 139
Trd, 4319970.893, 72
Trd, 4319971.043, 70
Trd, 4319972.343, 60
Trd, 4319972.393, 62
Trd, 4319972.443, 64
Trd, 4319973.793, 60
Trd, 4319973.843, 62
Trd, 4319974.593, 68
Trd, 4319974.643, 70
Trd, 4319975.143, 68
Trd, 4319976.793, 140
Trd, 4319977.293, 84
Trd, 4319977.343, 66
Trd, 4319978.293, 140
Trd, 4319978.843, 140
Trd, 4319979.193, 139
Trd, 4319979.443, 135
Trd, 4319980.093, 139
Trd, 4319980.643, 140
Trd, 4319981.193, 68
Trd, 4319982.593, 140
Trd, 4319982.943, 108
Trd, 4319983.443, 140
Trd, 4319983.593, 76
Trd, 4319983.793, 71
Trd, 4319985.193, 139
Trd, 4319985.843, 140
Trd, 4319985.893, 93
Trd, 4319987.543, 138
Trd, 4319987.843, 104
Trd, 4319988.643, 140
Trd, 4319990.093, 60
Trd, 4319990.543, 60
Trd, 4319991.043, 61
Trd, 4319991.693, 61
Trd, 4319992.393, 61
Trd, 4319992.443, 65
Trd, 4319992.543, 69
Trd, 4319993.443, 65
Trd, 4319993.943, 71
Trd, 4319994.343, 62
Trd, 4319995.293, 60
Trd, 4319996.243, 60
Trd, 4319996.293, 64
Trd, 4319996.743, 62
Trd, 4319997.243, 137
Trd, 4319997.543, 139
Trd, 4319998.693, 136
Trd, 4319998.793, 128
Trd, 4319999.693, 140
