Trd, 4318147.843, 98
Trd, 4318148.243, 93
Trd, 4318148.343, 75
Trd, 4318148.993, 76
Trd, 4318149.543, 79
Trd, 4318150.443, 138
Trd, 4318150.643, 137
Trd, 4318150.793, 132
Trd, 4318151.993, 66
Trd, 4318152.343, 133
Trd, 4318152.993, 79
Trd, 4318153.743, 64
Trd, 4318155.543, 79
Trd, 4318156.393, 70
Trd, 4318156.943, 91
Trd, 4318158.193, 84
Trd, 4318158.643, 71
Trd, 4318158.793, 91
Trd, 4318159.093, 113
Trd, 4318159.693, 98
Trd, 4318160.193, 82
Trd, 4318160.643, 105
Trd, 4318160.893, 65
Trd, 4318160.993, 111
Trd, 4318162.843, 73
Trd, 4318164.243, 70
Trd, 4318164.593, 69
Trd, 4318164.943, 73
Trd, 4318166.443, 61
Trd, 4318167.243, 68
Trd, 4318168.043, 97
Trd, 4318169.193, 75
Trd, 4318169.343, 117
Trd, 4318169.643, 80
Trd, 4318169.693, 78
Trd, 4318169.843, 102
Trd, 4318170.493, 71
Trd, 4318171.643, 74
Trd, 4318172.243, 119
Trd, 4318173.393, 99
Trd, 4318173.543, 95
Trd, 4318173.643, 78
Trd, 4318174.393, 89
Trd, 4318175.043, 73
Trd, 4318176.043, 83
Trd, 4318176.793, 121
Trd, 4318176.843, 75
Trd, 4318177.243, 72
Trd, 4318178.993, 87
Trd, 4318179.143, 85
Trd, 4318179.243, 80
Trd, 4318180.643, 115
Trd, 4318181.193, 109
Trd, 4318181.343, 93
Trd, 4318182.193, 123
Trd, 4318184.143, 107
Trd, 4318184.193, 106
Trd, 4318184.743, 104
Trd, 4318185.743, 90
Trd, 4318185.943, 92
Trd, 4318186.093, 94
Trd, 4318187.243, 122
Trd, 4318187.293, 120
Trd, 4318187.943, 84
Trd, 4318188.543, 97
Trd, 4318189.243, 140
Trd, 4318189.843, 137
Trd, 4318191.593, 95
Trd, 4318192.243, 140
Trd, 4318192.593, 115
Trd, 4318193.293, 129
Trd, 4318193.393, 123
Trd, 4318194.243, 96
Trd, 4318194.493, 110
Trd, 4318195.293, 90
Trd, 4318195.643, 69
Trd, 4318197.143, 66
Trd, 4318197.543, 81
Trd, 4318197.993, 85
Trd, 4318199.693, 60
Trd, 4318200.893, 67
Trd, 4318201.443, 131
Trd, 4318202.743, 100
Trd, 4318203.743, 62
Trd, 4318204.843, 85
Trd, 4318204.943, 67
Trd, 4318205.593, 91
Trd, 4318205.793, 71
Trd, 4318207.443, 71
Trd, 4318208.243, 139
Trd, 4318208.443, 118
Trd, 4318208.643, 117
Trd, 4318208.693, 107
Trd, 4318210.093, 73
Trd, 4318211.393, 77
Trd, 4318212.593, 75
Trd, 4318212.993, 107
Trd, 4318213.593, 70
Trd, 4318214.643, 98
Trd, 4318214.943, 113
Trd, 4318216.043, 124
Trd, 4318216.593, 93
Trd, 4318216.993, 66
Trd, 4318218.143, 67
Trd, 4318218.893, 67
Trd, 4318219.143, 104
Trd, 4318220.343, 94
Trd, 4318221.393, 71
Trd, 4318222.343, 96
Trd, 4318222.793, 98
Trd, 4318223.293, 123
Trd, 4318224.293, 82
Trd, 4318225.543, 125
Trd, 4318225.693, 119
Trd, 4318226.293, 112
Trd, 4318227.043, 109
Trd, 4318228.143, 136
Trd, 4318228.293, 140
Trd, 4318228.543, 96
Trd, 4318228.593, 94
Trd, 4318228.693, 92
Trd, 4318229.593, 133
Trd, 4318230.843, 95
Trd, 4318231.493, 98
Trd, 4318232.693, 90
Trd, 4318233.543, 136
Trd, 4318233.843, 103
Trd, 4318234.443, 95
Trd, 4318235.843, 100
Trd, 4318236.443, 116
Trd, 4318236.693, 116
Trd, 4318237.943, 115
Trd, 4318238.043, 106
Trd, 4318238.643, 110
Trd, 4318238.943, 82
Trd, 4318240.493, 92
Trd, 4318241.043, 91
Trd, 4318241.643, 88
Trd, 4318242.893, 115
Trd, 4318243.143, 106
Trd, 4318244.243, 107
Trd, 4318244.343, 80
Trd, 4318245.593, 100
Trd, 4318246.143, 130
Trd, 4318246.393, 126
Trd, 4318246.593, 90
Trd, 4318246.643, 81
Trd, 4318248.643, 115
Trd, 4318248.893, 114
Trd, 4318249.743, 140
Trd, 4318249.993, 109
Trd, 4318250.643, 118
Trd, 4318250.693, 113
Trd, 4318251.043, 101
Trd, 4318251.943, 89
Trd, 4318252.393, 75
Trd, 4318253.493, 100
Trd, 4318253.843, 68
Trd, 4318254.393, 68
Trd, 4318254.693, 79
Trd, 4318255.543, 114
Trd, 4318256.643, 67
Trd, 4318257.093, 69
Trd, 4318258.493, 123
Trd, 4318258.643, 117
Trd, 4318258.693, 79
Trd, 4318260.193, 92
Trd, 4318260.593, 139
Trd, 4318261.593, 69
Trd, 4318262.193, 95
Trd, 4318262.493, 113
Trd, 4318263.743, 61
Trd, 4318264.293, 63
Trd, 4318264.343, 79
Trd, 4318266.093, 105
Trd, 4318266.443, 74
Trd, 4318266.693, 81
Trd, 4318266.993, 91
Trd, 4318268.993, 76
Trd, 4318269.743, 88
Trd, 4318271.643, 70
Trd, 4318272.743, 88
Trd, 4318272.993, 76
Trd, 4318273.743, 140
Trd, 4318274.093, 81
Trd, 4318275.343, 122
Trd, 4318276.143, 80
Trd, 4318277.143, 97
Trd, 4318278.043, 83
Trd, 4318278.193, 90
Trd, 4318278.243, 68
Trd, 4318279.143, 117
Trd, 4318280.043, 130
Trd, 4318280.493, 115
Trd, 4318280.643, 113
Trd, 4318281.443, 83
Trd, 4318281.593, 110
Trd, 4318283.643, 104
Trd, 4318284.443, 96
Trd, 4318284.943, 90
Trd, 4318286.543, 105
Trd, 4318286.593, 103
Trd, 4318287.643, 85
Trd, 4318287.743, 78
Trd, 4318288.443, 123
Trd, 4318288.643, 110
Trd, 4318288.743, 140
Trd, 4318289.193, 76
Trd, 4318290.393, 77
Trd, 4318291.993, 120
Trd, 4318292.393, 103
Trd, 4318293.143, 99
Trd, 4318293.943, 93
Trd, 4318294.193, 74
Trd, 4318295.343, 129
Trd, 4318295.493, 80
Trd, 4318295.743, 74
Trd, 4318297.043, 72
Trd, 4318298.193, 114
Trd, 4318299.093, 83
Trd, 4318299.943, 66
Trd, 4318300.393, 89
Trd, 4318300.693, 103
Trd, 4318301.093, 87
Trd, 4318302.093, 79
Trd, 4318302.343, 75
Trd, 4318303.393, 94
Trd, 4318304.493, 140
Trd, 4318304.643, 124
Trd, 4318304.693, 122
Trd, 4318306.243, 93
Trd, 4318306.443, 81
Trd, 4318306.543, 78
Trd, 4318307.193, 127
Trd, 4318307.393, 67
Trd, 4318307.993, 101
Trd, 4318309.993, 90
Trd, 4318311.343, 83
Trd, 4318311.693, 80
Trd, 4318312.043, 80
Trd, 4318312.593, 138
Trd, 4318312.693, 124
Trd, 4318312.743, 115
Trd, 4318313.143, 108
Trd, 4318313.693, 98
Trd, 4318314.793, 103
Trd, 4318315.493, 79
Trd, 4318316.743, 98
Trd, 4318316.993, 69
Trd, 4318317.743, 66
Trd, 4318318.893, 136
Trd, 4318319.193, 119
Trd, 4318319.343, 104
Trd, 4318320.493, 104
Trd, 4318320.943, 119
Trd, 4318322.793, 99
Trd, 4318322.943, 95
Trd, 4318322.993, 86
Trd, 4318323.793, 140
Trd, 4318324.943, 140
Trd, 4318325.193, 98
Trd, 4318327.393, 87
Trd, 4318327.793, 120
Trd, 4318328.193, 90
Trd, 4318328.943, 114
Trd, 4318329.493, 138
Trd, 4318329.943, 128
Trd, 4318329.993, 113
Trd, 4318330.593, 133
Trd, 4318330.943, 104
Trd, 4318332.293, 134
Trd, 4318332.843, 124
Trd, 4318333.093, 121
Trd, 4318333.393, 97
Trd, 4318333.843, 82
Trd, 4318334.243, 105
Trd, 4318336.143, 65
Trd, 4318338.643, 68
Trd, 4318339.643, 98
Trd, 4318340.893, 102
Trd, 4318340.943, 100
Trd, 4318341.693, 122
Trd, 4318342.093, 108
Trd, 4318343.593, 103
Trd, 4318343.693, 102
Trd, 4318343.943, 99
Trd, 4318344.193, 95
Trd, 4318344.693, 110
Trd, 4318344.743, 106
Trd, 4318346.293, 88
Trd, 4318346.793, 70
Trd, 4318347.543, 69
Trd, 4318347.643, 70
Trd, 4318347.943, 92
Trd, 4318348.093, 70
Trd, 4318349.443, 79
Trd, 4318350.293, 94
Trd, 4318351.293, 104
Trd, 4318351.393, 98
Trd, 4318352.593, 94
Trd, 4318353.143, 140
Trd, 4318353.293, 133
Trd, 4318353.543, 97
Trd, 4318353.893, 89
Trd, 4318354.693, 88
Trd, 4318355.543, 64
Trd, 4318356.143, 92
Trd, 4318357.393, 80
Trd, 4318358.043, 75
Trd, 4318358.993, 80
Trd, 4318359.093, 64
Trd, 4318359.793, 61
Trd, 4318359.893, 72
Trd, 4318360.743, 101
Trd, 4318361.643, 61
Trd, 4318362.243, 61
Trd, 4318362.393, 62
Trd, 4318363.443, 72
Trd, 4318363.543, 79
Trd, 4318364.743, 82
Trd, 4318365.243, 70
Trd, 4318365.743, 139
Trd, 4318367.743, 86
Trd, 4318368.493, 102
Trd, 4318368.693, 85
Trd, 4318368.943, 87
Trd, 4318370.343, 82
Trd, 4318370.393, 84
Trd, 4318371.143, 84
Trd, 4318371.193, 81
Trd, 4318373.393, 67
Trd, 4318373.493, 62
Trd, 4318373.643, 66
Trd, 4318374.393, 139
Trd, 4318374.693, 138
Trd, 4318375.743, 104
Trd, 4318375.793, 93
Trd, 4318375.893, 91
Trd, 4318376.193, 71
Trd, 4318377.093, 129
Trd, 4318379.643, 85
Trd, 4318380.093, 66
Trd, 4318380.693, 98
Trd, 4318381.293, 82
Trd, 4318381.693, 85
Trd, 4318382.743, 139
Trd, 4318382.843, 138
Trd, 4318383.093, 105
Trd, 4318383.143, 97
Trd, 4318384.293, 71
Trd, 4318386.293, 66
Trd, 4318387.293, 122
Trd, 4318387.693, 87
Trd, 4318387.943, 120
Trd, 4318388.893, 60
Trd, 4318389.643, 64
Trd, 4318389.793, 67
Trd, 4318391.443, 140
Trd, 4318391.743, 140
Trd, 4318391.993, 127
Trd, 4318392.543, 103
Trd, 4318392.843, 129
Trd, 4318393.243, 92
Trd, 4318393.293, 87
Trd, 4318394.843, 68
Trd, 4318395.243, 70
Trd, 4318396.393, 62
Trd, 4318397.793, 80
Trd, 4318397.943, 81
Trd, 4318398.543, 77
Trd, 4318398.593, 91
Trd, 4318399.043, 113
Trd, 4318399.193, 75
Trd, 4318399.443, 80
Trd, 4318399.743, 101
Trd, 4318400.993, 111
Trd, 4318401.043, 86
Trd, 4318401.693, 139
Trd, 4318402.993, 84
Trd, 4318404.493, 73
Trd, 4318405.093, 72
Trd, 4318406.593, 97
Trd, 4318407.143, 91
Trd, 4318407.443, 124
Trd, 4318407.493, 81
Trd, 4318407.993, 65
Trd, 4318409.243, 95
Trd, 4318410.593, 80
Trd, 4318411.093, 61
Trd, 4318411.743, 71
Trd, 4318412.043, 78
Trd, 4318412.693, 114
Trd, 4318413.493, 77
Trd, 4318414.693, 93
Trd, 4318415.743, 60
Trd, 4318415.943, 60
Trd, 4318416.193, 68
Trd, 4318416.943, 76
Trd, 4318417.793, 112
Trd, 4318417.943, 111
Trd, 4318417.993, 108
Trd, 4318418.293, 116
Trd, 4318419.993, 99
Trd, 4318420.493, 102
Trd, 4318420.793, 116
Trd, 4318420.943, 74
Trd, 4318422.143, 76
Trd, 4318423.193, 119
Trd, 4318423.693, 87
Trd, 4318424.143, 113
Trd, 4318425.143, 105
Trd, 4318425.293, 90
Trd, 4318425.443, 81
Trd, 4318425.543, 66
Trd, 4318426.943, 64
Trd, 4318428.243, 91
Trd, 4318428.743, 82
Trd, 4318429.493, 97
Trd, 4318429.893, 91
Trd, 4318431.593, 83
Trd, 4318431.793, 62
Trd, 4318432.493, 62
Trd, 4318432.893, 86
Trd, 4318433.843, 69
Trd, 4318433.893, 61
Trd, 4318434.643, 99
Trd, 4318435.143, 102
Trd, 4318436.293, 106
Trd, 4318436.393, 97
Trd, 4318436.543, 93
Trd, 4318437.193, 140
Trd, 4318437.743, 98
Trd, 4318438.493, 77
Trd, 4318439.993, 60
Trd, 4318440.243, 86
Trd, 4318440.843, 60
Trd, 4318441.193, 62
Trd, 4318442.443, 71
Trd, 4318444.193, 70
Trd, 4318444.993, 79
Trd, 4318445.143, 86
Trd, 4318445.793, 63
Trd, 4318446.043, 71
Trd, 4318446.643, 72
Trd, 4318446.943, 63
Trd, 4318448.543, 109
Trd, 4318449.393, 105
Trd, 4318450.243, 74
Trd, 4318451.643, 82
Trd, 4318452.143, 81
Trd, 4318452.843, 80
Trd, 4318453.343, 68
Trd, 4318453.643, 64
Trd, 4318454.143, 71
Trd, 4318454.593, 65
Trd, 4318456.393, 84
Trd, 4318456.893, 140
Trd, 4318457.843, 138
Trd, 4318458.193, 115
Trd, 4318458.243, 109
Trd, 4318458.693, 120
Trd, 4318459.693, 93
Trd, 4318460.143, 121
Trd, 4318462.143, 132
Trd, 4318463.143, 62
Trd, 4318464.343, 64
Trd, 4318464.493, 79
Trd, 4318465.143, 80
Trd, 4318465.843, 87
Trd, 4318466.543, 83
Trd, 4318467.543, 80
Trd, 4318467.593, 67
Trd, 4318469.143, 75
Trd, 4318470.293, 80
Trd, 4318470.343, 119
Trd, 4318470.793, 91
Trd, 4318471.043, 87
Trd, 4318472.443, 96
Trd, 4318473.843, 123
Trd, 4318474.043, 112
Trd, 4318474.643, 137
Trd, 4318474.793, 121
Trd, 4318475.193, 109
Trd, 4318475.593, 100
Trd, 4318475.743, 75
Trd, 4318477.743, 63
Trd, 4318477.893, 136
Trd, 4318479.193, 130
Trd, 4318479.393, 129
Trd, 4318480.743, 75
Trd, 4318481.043, 92
Trd, 4318481.343, 73
Trd, 4318481.893, 129
Trd, 4318482.593, 103
Trd, 4318483.643, 71
Trd, 4318484.293, 91
Trd, 4318485.393, 87
Trd, 4318485.443, 112
Trd, 4318486.593, 84
Trd, 4318486.843, 66
Trd, 4318487.393, 70
Trd, 4318489.243, 69
Trd, 4318489.293, 71
Trd, 4318489.543, 87
Trd, 4318489.943, 103
Trd, 4318490.693, 137
Trd, 4318491.193, 120
Trd, 4318491.293, 107
Trd, 4318491.793, 95
Trd, 4318492.393, 96
Trd, 4318494.243, 140
Trd, 4318494.893, 127
Trd, 4318495.343, 121
Trd, 4318495.643, 119
Trd, 4318496.993, 102
Trd, 4318497.393, 118
Trd, 4318497.643, 100
Trd, 4318497.843, 139
Trd, 4318498.293, 106
Trd, 4318498.793, 99
Trd, 4318499.643, 70
Trd, 4318500.043, 138
Trd, 4318501.793, 105
Trd, 4318502.793, 71
Trd, 4318503.643, 81
Trd, 4318504.043, 88
Trd, 4318504.143, 85
Trd, 4318505.293, 83
Trd, 4318506.243, 62
Trd, 4318506.493, 68
Trd, 4318508.743, 67
Trd, 4318509.143, 87
Trd, 4318509.393, 117
Trd, 4318510.443, 96
Trd, 4318511.793, 82
Trd, 4318511.893, 80
Trd, 4318512.343, 79
Trd, 4318512.643, 110
Trd, 4318512.843, 108
Trd, 4318513.343, 104
Trd, 4318513.593, 120
Trd, 4318513.743, 83
Trd, 4318514.693, 107
Trd, 4318515.143, 82
Trd, 4318515.943, 140
Trd, 4318516.493, 93
Trd, 4318518.693, 140
Trd, 4318519.993, 138
Trd, 4318520.243, 122
Trd, 4318520.293, 121
Trd, 4318520.343, 95
Trd, 4318521.743, 117
Trd, 4318522.393, 63
Trd, 4318523.193, 71
Trd, 4318523.243, 132
Trd, 4318523.493, 104
Trd, 4318524.643, 64
Trd, 4318525.093, 112
Trd, 4318526.643, 98
Trd, 4318526.943, 108
Trd, 4318528.043, 76
Trd, 4318528.143, 140
Trd, 4318528.743, 100
Trd, 4318530.193, 82
Trd, 4318530.693, 92
Trd, 4318530.943, 86
Trd, 4318531.293, 102
Trd, 4318532.543, 107
Trd, 4318532.693, 108
Trd, 4318532.743, 85
Trd, 4318534.093, 98
Trd, 4318534.493, 95
Trd, 4318535.643, 65
Trd, 4318536.493, 71
Trd, 4318536.543, 101
Trd, 4318537.293, 76
Trd, 4318538.193, 83
Trd, 4318538.443, 76
Trd, 4318539.793, 92
Trd, 4318540.593, 134
Trd, 4318541.393, 91
Trd, 4318542.093, 81
Trd, 4318542.343, 99
Trd, 4318543.043, 71
Trd, 4318543.993, 112
Trd, 4318544.593, 94
Trd, 4318545.193, 110
Trd, 4318545.543, 86
Trd, 4318545.793, 70
Trd, 4318547.043, 76
Trd, 4318547.443, 90
Trd, 4318548.143, 87
Trd, 4318549.393, 65
Trd, 4318549.993, 95
Trd, 4318550.993, 85
Trd, 4318552.193, 117
Trd, 4318552.293, 93
Trd, 4318552.943, 106
Trd, 4318553.243, 99
Trd, 4318553.643, 89
Trd, 4318553.993, 73
Trd, 4318554.243, 84
Trd, 4318554.893, 139
Trd, 4318555.393, 71
Trd, 4318556.243, 80
Trd, 4318556.593, 110
Trd, 4318556.843, 81
Trd, 4318557.393, 66
Trd, 4318558.543, 68
Trd, 4318558.593, 63
Trd, 4318558.693, 60
Trd, 4318560.593, 83
Trd, 4318561.643, 129
Trd, 4318562.243, 96
Trd, 4318562.943, 87
Trd, 4318563.093, 95
Trd, 4318564.993, 132
Trd, 4318565.043, 126
Trd, 4318566.093, 88
Trd, 4318566.243, 79
Trd, 4318566.393, 138
Trd, 4318566.893, 113
Trd, 4318567.093, 71
Trd, 4318568.493, 84
Trd, 4318571.743, 82
Trd, 4318572.293, 69
Trd, 4318572.843, 87
Trd, 4318573.643, 61
Trd, 4318573.943, 73
Trd, 4318574.043, 92
Trd, 4318576.243, 125
Trd, 4318577.643, 120
Trd, 4318577.693, 112
Trd, 4318577.843, 106
Trd, 4318577.943, 93
Trd, 4318578.193, 78
Trd, 4318579.393, 109
Trd, 4318579.593, 112
Trd, 4318579.693, 88
Trd, 4318580.543, 71
Trd, 4318582.343, 140
Trd, 4318582.443, 139
Trd, 4318582.893, 115
Trd, 4318583.643, 139
Trd, 4318583.843, 108
Trd, 4318586.293, 137
Trd, 4318586.493, 87
Trd, 4318586.643, 81
Trd, 4318586.993, 80
Trd, 4318587.343, 83
Trd, 4318587.643, 83
Trd, 4318588.443, 130
Trd, 4318589.993, 93
Trd, 4318590.943, 114
Trd, 4318591.143, 113
Trd, 4318591.893, 124
Trd, 4318592.543, 102
Trd, 4318594.543, 118
Trd, 4318594.793, 97
Trd, 4318595.393, 131
Trd, 4318597.243, 116
Trd, 4318597.543, 114
Trd, 4318597.693, 113
Trd, 4318598.243, 138
Trd, 4318599.243, 113
Trd, 4318600.443, 140
Trd, 4318601.093, 134
Trd, 4318601.643, 132
Trd, 4318601.693, 120
Trd, 4318602.193, 106
Trd, 4318602.243, 92
Trd, 4318602.543, 91
Trd, 4318602.943, 128
Trd, 4318602.993, 127
Trd, 4318604.393, 108
Trd, 4318605.743, 92
Trd, 4318606.693, 91
Trd, 4318606.893, 80
Trd, 4318608.193, 99
Trd, 4318608.943, 74
Trd, 4318609.143, 72
Trd, 4318609.493, 96
Trd, 4318609.793, 73
Trd, 4318610.193, 67
Trd, 4318611.693, 71
Trd, 4318612.193, 93
Trd, 4318612.443, 81
Trd, 4318612.843, 83
Trd, 4318613.093, 81
Trd, 4318613.843, 117
Trd, 4318615.393, 81
Trd, 4318615.543, 113
Trd, 4318615.893, 127
Trd, 4318616.443, 80
Trd, 4318616.693, 132
Trd, 4318617.943, 67
Trd, 4318618.043, 65
Trd, 4318619.493, 82
Trd, 4318619.993, 73
Trd, 4318621.593, 63
Trd, 4318622.293, 65
Trd, 4318622.343, 73
Trd, 4318623.093, 70
Trd, 4318623.193, 64
Trd, 4318625.593, 91
Trd, 4318626.193, 83
Trd, 4318626.543, 107
Trd, 4318627.543, 114
Trd, 4318627.743, 120
Trd, 4318628.743, 77
Trd, 4318629.193, 92
Trd, 4318629.243, 88
Trd, 4318629.693, 70
Trd, 4318630.343, 78
Trd, 4318631.093, 98
Trd, 4318632.093, 129
Trd, 4318632.143, 123
Trd, 4318632.293, 105
Trd, 4318633.793, 77
Trd, 4318634.043, 97
Trd, 4318634.543, 73
Trd, 4318635.293, 104
Trd, 4318636.943, 104
Trd, 4318637.693, 85
Trd, 4318638.543, 62
Trd, 4318638.793, 96
Trd, 4318638.843, 111
Trd, 4318639.343, 86
Trd, 4318639.393, 93
Trd, 4318639.693, 123
Trd, 4318640.143, 108
Trd, 4318641.743, 93
Trd, 4318642.393, 114
Trd, 4318643.793, 71
Trd, 4318644.293, 102
Trd, 4318644.393, 98
Trd, 4318644.793, 77
Trd, 4318645.243, 115
Trd, 4318645.543, 122
Trd, 4318647.443, 100
Trd, 4318647.843, 127
Trd, 4318647.993, 101
Trd, 4318648.943, 131
Trd, 4318649.543, 99
Trd, 4318650.443, 122
Trd, 4318651.043, 89
Trd, 4318651.693, 88
Trd, 4318651.993, 97
Trd, 4318653.093, 80
Trd, 4318654.893, 128
Trd, 4318655.943, 96
Trd, 4318657.343, 90
Trd, 4318658.193, 113
Trd, 4318658.593, 103
Trd, 4318659.593, 96
Trd, 4318659.743, 94
Trd, 4318659.943, 83
Trd, 4318659.993, 80
Trd, 4318660.193, 98
Trd, 4318660.943, 79
Trd, 4318661.443, 86
Trd, 4318661.543, 111
Trd, 4318661.843, 76
Trd, 4318662.393, 81
Trd, 4318664.143, 107
Trd, 4318664.243, 85
Trd, 4318666.693, 101
Trd, 4318667.293, 89
Trd, 4318667.543, 86
Trd, 4318668.243, 85
Trd, 4318668.343, 82
Trd, 4318669.093, 73
Trd, 4318669.143, 79
Trd, 4318670.993, 101
Trd, 4318671.543, 98
Trd, 4318671.743, 135
Trd, 4318673.043, 72
Trd, 4318673.293, 84
Trd, 4318674.043, 90
Trd, 4318674.193, 70
Trd, 4318674.793, 66
Trd, 4318675.543, 67
Trd, 4318676.643, 111
Trd, 4318677.893, 112
Trd, 4318678.393, 113
Trd, 4318679.143, 138
Trd, 4318680.093, 110
Trd, 4318680.193, 91
Trd, 4318680.493, 71
Trd, 4318680.643, 80
Trd, 4318681.293, 117
Trd, 4318683.593, 85
Trd, 4318684.043, 78
Trd, 4318684.443, 78
Trd, 4318685.243, 138
Trd, 4318685.593, 114
Trd, 4318685.843, 131
Trd, 4318686.093, 140
Trd, 4318686.343, 110
Trd, 4318687.343, 126
Trd, 4318687.743, 125
Trd, 4318688.093, 121
Trd, 4318688.793, 120
Trd, 4318690.443, 122
Trd, 4318691.993, 119
Trd, 4318692.293, 113
Trd, 4318692.793, 96
Trd, 4318693.693, 83
Trd, 4318694.093, 78
Trd, 4318694.893, 62
Trd, 4318695.043, 76
Trd, 4318696.543, 77
Trd, 4318697.843, 103
Trd, 4318698.793, 68
Trd, 4318699.493, 71
Trd, 4318700.093, 91
Trd, 4318701.093, 70
Trd, 4318702.143, 83
Trd, 4318702.343, 73
Trd, 4318702.393, 97
Trd, 4318702.493, 73
Trd, 4318703.043, 62
Trd, 4318703.793, 81
Trd, 4318704.243, 90
Trd, 4318706.643, 60
Trd, 4318706.793, 70
Trd, 4318706.943, 79
Trd, 4318708.793, 81
Trd, 4318710.193, 79
Trd, 4318711.193, 102
Trd, 4318711.593, 77
Trd, 4318711.843, 76
Trd, 4318712.543, 63
Trd, 4318712.993, 140
Trd, 4318713.293, 111
Trd, 4318716.093, 61
Trd, 4318716.143, 62
Trd, 4318717.693, 76
Trd, 4318718.043, 74
Trd, 4318718.143, 113
Trd, 4318718.643, 73
Trd, 4318718.843, 63
Trd, 4318719.693, 86
Trd, 4318720.393, 139
Trd, 4318721.043, 109
Trd, 4318721.193, 84
Trd, 4318721.643, 75
Trd, 4318723.543, 91
Trd, 4318723.693, 86
Trd, 4318724.843, 93
Trd, 4318725.243, 137
Trd, 4318725.343, 89
Trd, 4318725.493, 110
Trd, 4318725.843, 81
Trd, 4318726.443, 140
Trd, 4318727.043, 119
Trd, 4318727.143, 105
Trd, 4318727.943, 100
Trd, 4318729.593, 106
Trd, 4318729.693, 95
Trd, 4318731.843, 140
Trd, 4318732.393, 138
Trd, 4318733.143, 129
Trd, 4318733.193, 121
Trd, 4318733.643, 107
Trd, 4318733.693, 106
Trd, 4318735.193, 73
Trd, 4318735.743, 111
Trd, 4318736.443, 77
Trd, 4318736.843, 70
Trd, 4318737.143, 76
Trd, 4318737.843, 60
Trd, 4318739.893, 125
Trd, 4318739.943, 88
Trd, 4318740.293, 87
Trd, 4318741.043, 77
Trd, 4318741.593, 64
Trd, 4318741.843, 60
Trd, 4318742.393, 67
Trd, 4318742.793, 85
Trd, 4318743.793, 86
Trd, 4318744.393, 81
Trd, 4318745.543, 90
Trd, 4318746.293, 114
Trd, 4318746.693, 77
Trd, 4318747.193, 111
Trd, 4318748.443, 85
Trd, 4318748.593, 62
Trd, 4318748.643, 129
Trd, 4318750.643, 128
Trd, 4318750.793, 125
Trd, 4318750.943, 124
Trd, 4318751.843, 108
Trd, 4318752.243, 105
Trd, 4318752.643, 79
Trd, 4318752.743, 111
Trd, 4318752.893, 105
Trd, 4318753.743, 76
Trd, 4318756.743, 116
Trd, 4318756.943, 79
Trd, 4318758.293, 111
Trd, 4318758.393, 110
Trd, 4318758.693, 100
Trd, 4318759.443, 80
Trd, 4318759.693, 84
Trd, 4318761.443, 105
Trd, 4318761.943, 140
Trd, 4318762.193, 126
Trd, 4318763.243, 74
Trd, 4318764.593, 125
Trd, 4318765.393, 108
Trd, 4318766.343, 124
Trd, 4318766.693, 127
Trd, 4318766.943, 117
Trd, 4318767.693, 123
Trd, 4318767.893, 107
Trd, 4318768.143, 103
Trd, 4318768.493, 109
Trd, 4318768.893, 85
Trd, 4318770.543, 139
Trd, 4318771.093, 138
Trd, 4318771.493, 108
Trd, 4318772.393, 107
Trd, 4318772.693, 89
Trd, 4318772.843, 83
Trd, 4318774.343, 112
Trd, 4318774.643, 89
Trd, 4318775.593, 133
Trd, 4318776.193, 81
Trd, 4318778.543, 140
Trd, 4318778.643, 139
Trd, 4318778.893, 122
Trd, 4318779.043, 110
Trd, 4318779.643, 113
Trd, 4318780.293, 99
Trd, 4318780.343, 65
Trd, 4318784.343, 63
Trd, 4318784.593, 85
Trd, 4318785.943, 67
Trd, 4318786.593, 67
Trd, 4318786.743, 66
Trd, 4318786.893, 98
Trd, 4318787.893, 92
Trd, 4318788.793, 65
Trd, 4318789.243, 80
Trd, 4318790.193, 82
Trd, 4318790.643, 140
Trd, 4318791.243, 80
Trd, 4318791.593, 76
Trd, 4318791.793, 84
Trd, 4318793.193, 81
Trd, 4318794.093, 93
Trd, 4318794.193, 99
Trd, 4318794.643, 125
Trd, 4318795.443, 77
Trd, 4318797.143, 86
Trd, 4318797.343, 75
Trd, 4318799.393, 98
Trd, 4318799.443, 77
Trd, 4318799.693, 99
Trd, 4318800.843, 84
Trd, 4318801.693, 90
Trd, 4318801.893, 98
Trd, 4318802.793, 100
Trd, 4318803.043, 98
Trd, 4318804.043, 112
Trd, 4318804.993, 108
Trd, 4318805.243, 107
Trd, 4318805.443, 89
Trd, 4318807.243, 85
Trd, 4318807.743, 140
Trd, 4318809.793, 140
Trd, 4318809.893, 138
Trd, 4318810.393, 128
Trd, 4318811.643, 120
Trd, 4318812.043, 90
Trd, 4318812.193, 87
Trd, 4318813.793, 129
Trd, 4318814.293, 135
Trd, 4318814.993, 126
Trd, 4318815.543, 116
Trd, 4318815.693, 115
Trd, 4318815.843, 67
Trd, 4318816.543, 72
Trd, 4318816.893, 89
Trd, 4318817.693, 138
Trd, 4318818.043, 132
Trd, 4318818.443, 88
Trd, 4318819.343, 121
Trd, 4318820.293, 125
Trd, 4318820.893, 112
Trd, 4318820.993, 92
Trd, 4318821.243, 110
Trd, 4318821.593, 74
Trd, 4318822.593, 106
Trd, 4318823.143, 123
Trd, 4318823.843, 90
Trd, 4318824.093, 88
Trd, 4318824.843, 76
Trd, 4318824.893, 121
Trd, 4318826.393, 81
Trd, 4318827.543, 105
Trd, 4318827.893, 106
Trd, 4318827.943, 100
Trd, 4318829.343, 74
Trd, 4318829.793, 85
Trd, 4318830.293, 88
Trd, 4318830.893, 85
Trd, 4318832.043, 140
Trd, 4318832.343, 127
Trd, 4318833.443, 96
Trd, 4318833.543, 91
Trd, 4318835.543, 67
Trd, 4318835.693, 72
Trd, 4318836.543, 66
Trd, 4318836.693, 63
Trd, 4318837.543, 104
Trd, 4318838.543, 70
Trd, 4318838.593, 86
Trd, 4318839.143, 84
Trd, 4318840.743, 68
Trd, 4318841.943, 68
Trd, 4318842.493, 72
Trd, 4318843.293, 66
Trd, 4318844.243, 62
Trd, 4318844.693, 66
Trd, 4318845.193, 73
Trd, 4318845.993, 76
Trd, 4318846.093, 66
Trd, 4318846.193, 106
Trd, 4318847.393, 121
Trd, 4318847.993, 104
Trd, 4318848.443, 115
Trd, 4318849.643, 139
Trd, 4318849.943, 138
Trd, 4318850.743, 121
Trd, 4318851.193, 118
Trd, 4318851.643, 130
Trd, 4318852.593, 91
Trd, 4318854.043, 87
Trd, 4318855.043, 84
Trd, 4318855.093, 93
Trd, 4318855.593, 88
Trd, 4318856.593, 80
Trd, 4318856.743, 87
Trd, 4318857.143, 140
Trd, 4318858.443, 101
Trd, 4318859.593, 70
Trd, 4318859.693, 97
Trd, 4318860.793, 80
Trd, 4318861.243, 107
Trd, 4318862.293, 90
Trd, 4318862.893, 94
Trd, 4318862.943, 98
Trd, 4318863.243, 89
Trd, 4318863.493, 134
Trd, 4318864.193, 99
Trd, 4318864.343, 83
Trd, 4318865.043, 74
Trd, 4318865.643, 107
Trd, 4318866.543, 94
Trd, 4318867.593, 137
Trd, 4318867.993, 126
Trd, 4318868.193, 125
Trd, 4318868.243, 119
Trd, 4318868.793, 113
Trd, 4318872.393, 75
Trd, 4318872.743, 65
Trd, 4318873.193, 70
Trd, 4318873.393, 73
Trd, 4318873.543, 63
Trd, 4318873.693, 78
Trd, 4318874.043, 89
Trd, 4318874.543, 92
Trd, 4318876.743, 62
Trd, 4318876.993, 63
Trd, 4318877.043, 69
Trd, 4318877.293, 84
Trd, 4318878.543, 69
Trd, 4318878.843, 106
Trd, 4318880.043, 138
Trd, 4318880.193, 108
Trd, 4318880.293, 91
Trd, 4318881.693, 95
Trd, 4318882.943, 87
Trd, 4318883.143, 83
Trd, 4318883.243, 81
Trd, 4318883.743, 88
Trd, 4318884.743, 139
Trd, 4318885.143, 138
Trd, 4318885.793, 120
Trd, 4318886.793, 68
Trd, 4318887.193, 84
Trd, 4318887.743, 89
Trd, 4318888.143, 88
Trd, 4318888.543, 72
Trd, 4318889.243, 138
Trd, 4318891.093, 79
Trd, 4318892.793, 139
Trd, 4318894.143, 63
Trd, 4318894.443, 97
Trd, 4318894.593, 71
Trd, 4318894.843, 88
Trd, 4318896.043, 129
Trd, 4318896.693, 123
Trd, 4318896.743, 78
Trd, 4318898.193, 74
Trd, 4318898.243, 86
Trd, 4318898.743, 71
Trd, 4318898.993, 83
Trd, 4318899.643, 74
Trd, 4318901.543, 96
Trd, 4318901.643, 102
Trd, 4318901.993, 80
Trd, 4318903.493, 64
Trd, 4318903.743, 117
Trd, 4318904.343, 96
Trd, 4318904.643, 113
Trd, 4318905.693, 106
Trd, 4318905.893, 101
Trd, 4318905.993, 88
Trd, 4318906.643, 92
Trd, 4318906.793, 114
Trd, 4318907.993, 140
Trd, 4318908.343, 139
Trd, 4318908.993, 128
Trd, 4318909.143, 85
Trd, 4318910.793, 140
Trd, 4318911.143, 133
Trd, 4318912.343, 128
Trd, 4318912.593, 112
Trd, 4318912.643, 111
Trd, 4318912.843, 94
Trd, 4318914.293, 81
Trd, 4318914.793, 82
Trd, 4318915.543, 102
Trd, 4318917.893, 65
Trd, 4318917.943, 68
Trd, 4318918.543, 72
Trd, 4318919.493, 60
Trd, 4318919.643, 73
Trd, 4318919.893, 67
Trd, 4318922.043, 108
Trd, 4318922.243, 91
Trd, 4318922.393, 122
Trd, 4318922.493, 87
Trd, 4318922.943, 116
Trd, 4318923.243, 78
Trd, 4318925.043, 70
Trd, 4318926.043, 102
Trd, 4318926.243, 61
Trd, 4318926.793, 69
Trd, 4318927.593, 87
Trd, 4318928.943, 108
Trd, 4318929.343, 106
Trd, 4318929.543, 115
Trd, 4318930.143, 133
Trd, 4318931.493, 123
Trd, 4318932.093, 101
Trd, 4318932.493, 85
Trd, 4318933.193, 116
Trd, 4318933.793, 125
Trd, 4318933.993, 120
Trd, 4318934.593, 101
Trd, 4318935.643, 92
Trd, 4318936.343, 84
Trd, 4318936.593, 96
Trd, 4318936.693, 77
Trd, 4318938.843, 61
Trd, 4318938.993, 80
Trd, 4318939.243, 92
Trd, 4318939.643, 132
Trd, 4318940.543, 128
Trd, 4318940.593, 127
Trd, 4318942.043, 139
Trd, 4318942.243, 135
Trd, 4318942.893, 121
Trd, 4318943.543, 85
Trd, 4318943.793, 120
Trd, 4318944.593, 65
Trd, 4318944.693, 64
Trd, 4318946.543, 105
Trd, 4318946.693, 100
Trd, 4318947.343, 129
Trd, 4318947.543, 102
Trd, 4318948.093, 133
Trd, 4318948.843, 125
Trd, 4318950.343, 95
Trd, 4318950.993, 104
Trd, 4318951.193, 122
Trd, 4318951.693, 91
Trd, 4318952.343, 87
Trd, 4318952.593, 91
Trd, 4318953.243, 110
Trd, 4318954.443, 105
Trd, 4318955.643, 82
Trd, 4318956.393, 99
Trd, 4318956.893, 81
Trd, 4318958.543, 60
Trd, 4318958.593, 73
Trd, 4318959.893, 88
Trd, 4318960.093, 109
Trd, 4318960.793, 126
Trd, 4318960.893, 125
Trd, 4318961.893, 129
Trd, 4318963.093, 124
Trd, 4318963.843, 100
Trd, 4318964.393, 96
Trd, 4318964.643, 81
Trd, 4318965.043, 139
Trd, 4318966.143, 140
Trd, 4318966.193, 133
Trd, 4318966.893, 77
Trd, 4318967.943, 92
Trd, 4318968.293, 77
Trd, 4318970.243, 89
Trd, 4318970.793, 86
Trd, 4318971.343, 62
Trd, 4318972.793, 90
Trd, 4318973.093, 87
Trd, 4318973.443, 135
Trd, 4318974.543, 75
Trd, 4318975.143, 65
Trd, 4318975.243, 69
Trd, 4318976.143, 78
Trd, 4318976.443, 81
Trd, 4318976.893, 83
Trd, 4318977.493, 72
Trd, 4318977.943, 101
Trd, 4318979.143, 122
Trd, 4318979.593, 121
Trd, 4318979.793, 115
Trd, 4318980.643, 140
Trd, 4318981.893, 120
Trd, 4318982.143, 95
Trd, 4318983.193, 100
Trd, 4318983.493, 92
Trd, 4318984.293, 122
Trd, 4318984.743, 112
Trd, 4318985.343, 112
Trd, 4318985.393, 107
Trd, 4318985.643, 60
Trd, 4318986.593, 119
Trd, 4318986.643, 101
Trd, 4318987.143, 90
Trd, 4318988.443, 62
Trd, 4318989.093, 74
Trd, 4318989.543, 82
Trd, 4318991.043, 119
Trd, 4318991.143, 127
Trd, 4318991.193, 118
Trd, 4318992.243, 140
Trd, 4318992.543, 128
Trd, 4318993.343, 111
Trd, 4318995.393, 140
Trd, 4318995.793, 133
Trd, 4318995.843, 123
Trd, 4318996.143, 102
Trd, 4318997.093, 103
Trd, 4318997.393, 96
Trd, 4318998.143, 113
Trd, 4318998.743, 137
Trd, 4318999.493, 122
Trd, 4318999.693, 95
Trd, 4318999.943, 91
Trd, 4319001.743, 75
Trd, 4319003.093, 79
Trd, 4319003.643, 103
Trd, 4319004.343, 105
Trd, 4319004.643, 107
Trd, 4319004.943, 105
Trd, 4319004.993, 100
Trd, 4319005.493, 102
Trd, 4319006.243, 88
Trd, 4319007.343, 109
Trd, 4319007.793, 105
Trd, 4319007.893, 83
Trd, 4319008.043, 82
Trd, 4319008.993, 126
Trd, 4319009.743, 99
Trd, 4319010.293, 117
Trd, 4319011.493, 89
Trd, 4319011.943, 95
Trd, 4319012.743, 139
Trd, 4319013.293, 110
Trd, 4319013.343, 106
Trd, 4319014.543, 89
Trd, 4319014.643, 86
Trd, 4319016.743, 91
Trd, 4319016.793, 88
Trd, 4319017.743, 72
Trd, 4319018.493, 69
Trd, 4319019.443, 69
Trd, 4319019.593, 67
Trd, 4319020.693, 67
Trd, 4319020.843, 87
Trd, 4319021.193, 97
Trd, 4319021.693, 137
Trd, 4319023.393, 114
Trd, 4319024.393, 97
Trd, 4319024.843, 86
Trd, 4319025.493, 106
Trd, 4319026.343, 109
Trd, 4319026.393, 105
Trd, 4319027.143, 84
Trd, 4319027.393, 80
Trd, 4319028.943, 138
Trd, 4319029.343, 99
Trd, 4319030.743, 84
Trd, 4319030.843, 83
Trd, 4319031.693, 89
Trd, 4319032.043, 79
Trd, 4319032.993, 77
Trd, 4319033.393, 74
Trd, 4319033.993, 86
Trd, 4319035.143, 83
Trd, 4319035.343, 110
Trd, 4319035.943, 60
Trd, 4319037.393, 64
Trd, 4319039.193, 60
Trd, 4319039.493, 62
Trd, 4319039.793, 61
Trd, 4319040.493, 83
Trd, 4319041.543, 89
Trd, 4319041.843, 78
Trd, 4319041.943, 74
Trd, 4319042.543, 63
Trd, 4319042.693, 64
Trd, 4319043.693, 134
Trd, 4319043.943, 128
Trd, 4319045.043, 111
Trd, 4319045.793, 138
Trd, 4319046.143, 95
Trd, 4319046.893, 98
Trd, 4319046.993, 94
Trd, 4319047.143, 110
Trd, 4319047.643, 117
Trd, 4319048.143, 126
Trd, 4319048.693, 137
Trd, 4319048.743, 89
Trd, 4319049.793, 113
Trd, 4319051.293, 120
Trd, 4319052.093, 103
Trd, 4319052.443, 102
Trd, 4319052.593, 83
Trd, 4319053.993, 114
Trd, 4319054.193, 92
Trd, 4319055.993, 90
Trd, 4319056.143, 85
Trd, 4319056.843, 70
Trd, 4319057.743, 121
Trd, 4319058.093, 96
Trd, 4319058.293, 72
Trd, 4319058.893, 111
Trd, 4319059.443, 103
Trd, 4319060.843, 104
Trd, 4319061.643, 109
Trd, 4319062.093, 107
Trd, 4319062.743, 81
Trd, 4319063.543, 95
Trd, 4319064.243, 117
Trd, 4319064.793, 101
Trd, 4319065.293, 98
Trd, 4319066.193, 75
Trd, 4319066.743, 112
Trd, 4319067.093, 108
Trd, 4319067.343, 107
Trd, 4319068.393, 136
Trd, 4319068.643, 110
Trd, 4319069.493, 116
Trd, 4319070.343, 73
Trd, 4319071.943, 78
Trd, 4319072.043, 110
Trd, 4319072.193, 126
Trd, 4319072.643, 76
Trd, 4319073.193, 74
Trd, 4319073.693, 72
Trd, 4319074.693, 76
Trd, 4319075.393, 98
Trd, 4319077.193, 100
Trd, 4319077.393, 107
Trd, 4319077.943, 97
Trd, 4319077.993, 127
Trd, 4319078.143, 140
Trd, 4319079.043, 98
Trd, 4319080.093, 93
Trd, 4319080.593, 88
Trd, 4319081.693, 76
Trd, 4319083.843, 65
Trd, 4319083.993, 69
Trd, 4319084.693, 81
Trd, 4319085.143, 62
Trd, 4319085.743, 70
Trd, 4319086.843, 83
Trd, 4319087.093, 62
Trd, 4319087.543, 78
Trd, 4319087.993, 72
Trd, 4319088.393, 77
Trd, 4319089.243, 98
Trd, 4319089.943, 75
Trd, 4319089.993, 72
Trd, 4319091.543, 140
Trd, 4319092.243, 76
Trd, 4319092.793, 76
Trd, 4319092.893, 83
Trd, 4319093.543, 76
Trd, 4319094.343, 140
Trd, 4319094.493, 101
Trd, 4319095.893, 77
Trd, 4319096.543, 120
Trd, 4319096.643, 96
Trd, 4319097.493, 73
Trd, 4319098.193, 74
Trd, 4319099.193, 79
Trd, 4319100.293, 73
Trd, 4319100.443, 98
Trd, 4319101.593, 66
Trd, 4319102.043, 78
Trd, 4319102.993, 77
Trd, 4319103.043, 76
Trd, 4319103.943, 67
Trd, 4319104.443, 69
Trd, 4319104.643, 114
Trd, 4319104.843, 64
Trd, 4319105.543, 64
Trd, 4319106.193, 93
Trd, 4319107.693, 69
Trd, 4319109.643, 129
Trd, 4319110.443, 110
Trd, 4319110.943, 126
Trd, 4319111.343, 89
Trd, 4319111.643, 65
Trd, 4319112.743, 60
Trd, 4319113.293, 60
Trd, 4319113.343, 61
Trd, 4319113.643, 62
Trd, 4319114.743, 65
Trd, 4319114.893, 79
Trd, 4319115.493, 105
Trd, 4319116.293, 106
Trd, 4319116.343, 104
Trd, 4319116.693, 103
Trd, 4319117.093, 100
Trd, 4319118.243, 93
Trd, 4319118.943, 115
Trd, 4319119.293, 85
Trd, 4319119.343, 97
Trd, 4319119.993, 128
Trd, 4319120.543, 122
Trd, 4319121.543, 140
Trd, 4319121.993, 80
Trd, 4319122.993, 119
Trd, 4319124.243, 67
Trd, 4319125.043, 62
Trd, 4319125.693, 95
Trd, 4319126.293, 77
Trd, 4319126.943, 77
Trd, 4319127.393, 69
Trd, 4319128.343, 61
Trd, 4319129.443, 110
Trd, 4319129.643, 61
Trd, 4319130.093, 124
Trd, 4319131.343, 124
Trd, 4319131.893, 127
Trd, 4319132.793, 110
Trd, 4319133.543, 127
Trd, 4319133.693, 98
Trd, 4319133.743, 96
Trd, 4319134.743, 91
Trd, 4319136.393, 81
Trd, 4319136.993, 79
Trd, 4319137.443, 63
Trd, 4319137.793, 87
Trd, 4319138.443, 87
Trd, 4319140.143, 97
Trd, 4319140.393, 89
Trd, 4319141.043, 84
Trd, 4319142.193, 88
Trd, 4319142.493, 86
Trd, 4319142.743, 121
Trd, 4319143.393, 85
Trd, 4319143.693, 83
Trd, 4319144.243, 81
Trd, 4319146.043, 87
Trd, 4319146.293, 86
Trd, 4319146.593, 95
Trd, 4319146.993, 77
Trd, 4319147.343, 67
Trd, 4319149.143, 64
Trd, 4319149.193, 66
Trd, 4319150.093, 107
Trd, 4319150.393, 117
Trd, 4319152.093, 83
Trd, 4319152.643, 69
Trd, 4319152.743, 74
Trd, 4319153.243, 79
Trd, 4319153.843, 88
Trd, 4319155.543, 61
Trd, 4319156.693, 65
Trd, 4319156.743, 105
Trd, 4319157.543, 73
Trd, 4319158.343, 123
Trd, 4319159.143, 98
Trd, 4319159.243, 87
Trd, 4319160.393, 86
Trd, 4319160.693, 80
Trd, 4319161.843, 88
Trd, 4319161.943, 87
Trd, 4319162.993, 71
Trd, 4319163.143, 82
Trd, 4319163.293, 140
Trd, 4319164.243, 138
Trd, 4319165.143, 93
Trd, 4319166.193, 83
Trd, 4319166.593, 139
Trd, 4319166.743, 107
Trd, 4319166.993, 102
Trd, 4319169.293, 64
Trd, 4319169.743, 69
Trd, 4319169.943, 90
Trd, 4319171.243, 112
Trd, 4319171.743, 116
Trd, 4319172.693, 82
Trd, 4319173.093, 93
Trd, 4319174.293, 118
Trd, 4319174.743, 103
Trd, 4319174.993, 88
Trd, 4319175.743, 100
Trd, 4319176.693, 121
Trd, 4319177.043, 87
Trd, 4319178.793, 96
Trd, 4319179.293, 98
Trd, 4319179.543, 139
Trd, 4319179.643, 90
Trd, 4319179.793, 84
Trd, 4319180.543, 134
Trd, 4319181.843, 96
Trd, 4319182.943, 92
Trd, 4319183.043, 71
Trd, 4319183.443, 122
Trd, 4319183.893, 107
Trd, 4319184.493, 89
Trd, 4319185.543, 140
Trd, 4319185.943, 140
Trd, 4319187.543, 139
Trd, 4319189.693, 94
Trd, 4319189.743, 89
Trd, 4319189.843, 84
Trd, 4319189.943, 102
Trd, 4319190.093, 75
Trd, 4319191.243, 76
Trd, 4319191.493, 119
Trd, 4319192.043, 88
Trd, 4319193.093, 78
Trd, 4319194.243, 76
Trd, 4319194.643, 77
Trd, 4319195.243, 80
Trd, 4319196.093, 94
Trd, 4319197.093, 91
Trd, 4319197.743, 120
Trd, 4319198.393, 89
Trd, 4319199.093, 128
Trd, 4319199.393, 88
Trd, 4319200.543, 77
Trd, 4319200.793, 91
Trd, 4319201.893, 129
Trd, 4319202.243, 124
Trd, 4319203.293, 79
Trd, 4319203.393, 66
Trd, 4319204.693, 65
Trd, 4319205.843, 88
Trd, 4319205.943, 63
Trd, 4319206.543, 108
Trd, 4319206.893, 100
Trd, 4319207.243, 94
Trd, 4319208.493, 100
Trd, 4319208.943, 94
Trd, 4319210.143, 89
Trd, 4319210.343, 96
Trd, 4319210.593, 105
Trd, 4319210.893, 84
Trd, 4319212.393, 120
Trd, 4319212.543, 117
Trd, 4319212.793, 81
Trd, 4319213.543, 77
Trd, 4319213.993, 73
Trd, 4319215.393, 75
Trd, 4319216.143, 63
Trd, 4319217.243, 70
Trd, 4319218.043, 70
Trd, 4319218.493, 84
Trd, 4319218.593, 83
Trd, 4319220.143, 64
Trd, 4319220.993, 74
Trd, 4319221.443, 63
Trd, 4319221.493, 91
Trd, 4319224.943, 80
Trd, 4319225.543, 61
Trd, 4319226.193, 61
Trd, 4319226.643, 71
Trd, 4319227.293, 73
Trd, 4319227.893, 71
Trd, 4319229.393, 60
Trd, 4319230.393, 63
Trd, 4319230.443, 68
Trd, 4319231.593, 97
Trd, 4319231.693, 72
Trd, 4319232.643, 77
Trd, 4319232.943, 61
Trd, 4319234.443, 75
Trd, 4319235.693, 67
Trd, 4319235.743, 68
Trd, 4319236.393, 81
Trd, 4319236.893, 111
Trd, 4319237.393, 113
Trd, 4319237.493, 92
Trd, 4319238.193, 74
Trd, 4319239.243, 138
Trd, 4319239.343, 110
Trd, 4319240.043, 117
Trd, 4319240.193, 140
Trd, 4319241.143, 113
Trd, 4319241.993, 63
Trd, 4319243.093, 61
Trd, 4319244.043, 66
Trd, 4319244.343, 73
Trd, 4319244.443, 88
Trd, 4319246.143, 79
Trd, 4319246.743, 83
Trd, 4319248.093, 72
Trd, 4319248.593, 90
Trd, 4319249.143, 106
Trd, 4319250.993, 96
Trd, 4319251.143, 110
Trd, 4319251.343, 92
Trd, 4319252.693, 137
Trd, 4319254.543, 105
Trd, 4319254.693, 94
Trd, 4319255.043, 113
Trd, 4319255.593, 96
Trd, 4319256.743, 73
Trd, 4319257.043, 65
Trd, 4319258.543, 60
Trd, 4319259.293, 71
Trd, 4319259.343, 79
Trd, 4319260.443, 110
Trd, 4319260.793, 66
Trd, 4319262.143, 71
Trd, 4319262.393, 79
Trd, 4319263.793, 104
Trd, 4319263.943, 90
Trd, 4319264.543, 87
Trd, 4319264.593, 90
Trd, 4319264.843, 68
Trd, 4319265.243, 120
Trd, 4319265.893, 139
Trd, 4319267.643, 118
Trd, 4319269.593, 81
Trd, 4319270.143, 138
Trd, 4319270.293, 133
Trd, 4319270.393, 132
Trd, 4319270.993, 109
Trd, 4319272.193, 80
Trd, 4319272.293, 68
Trd, 4319272.843, 82
Trd, 4319273.543, 75
Trd, 4319274.593, 96
Trd, 4319274.943, 86
Trd, 4319276.143, 74
Trd, 4319276.243, 92
Trd, 4319276.393, 107
Trd, 4319276.893, 71
Trd, 4319277.293, 97
Trd, 4319278.843, 140
Trd, 4319279.043, 133
Trd, 4319279.143, 108
Trd, 4319280.243, 116
Trd, 4319280.293, 115
Trd, 4319280.793, 103
Trd, 4319281.393, 124
Trd, 4319282.293, 139
Trd, 4319282.393, 63
Trd, 4319282.693, 115
Trd, 4319283.243, 120
Trd, 4319283.693, 118
Trd, 4319284.343, 74
Trd, 4319285.393, 60
Trd, 4319285.593, 65
Trd, 4319286.143, 85
Trd, 4319286.543, 117
Trd, 4319288.593, 60
Trd, 4319290.743, 69
Trd, 4319291.393, 76
Trd, 4319292.493, 101
Trd, 4319292.593, 87
Trd, 4319292.743, 84
Trd, 4319293.043, 136
Trd, 4319293.243, 85
Trd, 4319293.593, 93
Trd, 4319295.043, 66
Trd, 4319296.193, 80
Trd, 4319297.093, 120
Trd, 4319297.293, 116
Trd, 4319297.993, 140
Trd, 4319298.343, 96
Trd, 4319299.443, 63
Trd, 4319299.793, 77
Trd, 4319299.993, 111
Trd, 4319302.343, 140
Trd, 4319303.293, 140
Trd, 4319303.893, 133
Trd, 4319304.543, 119
Trd, 4319305.843, 76
Trd, 4319305.993, 101
Trd, 4319306.093, 100
Trd, 4319306.393, 109
Trd, 4319306.443, 116
Trd, 4319307.843, 136
Trd, 4319307.993, 108
Trd, 4319308.643, 114
Trd, 4319309.093, 121
Trd, 4319309.443, 116
Trd, 4319310.443, 140
Trd, 4319310.943, 70
Trd, 4319311.493, 125
Trd, 4319311.993, 131
Trd, 4319312.093, 110
Trd, 4319312.993, 77
Trd, 4319314.543, 60
Trd, 4319315.743, 137
Trd, 4319316.043, 110
Trd, 4319316.343, 101
Trd, 4319316.843, 101
Trd, 4319317.193, 140
Trd, 4319317.393, 76
Trd, 4319318.693, 74
Trd, 4319319.793, 127
Trd, 4319320.043, 126
Trd, 4319320.293, 116
Trd, 4319321.493, 107
Trd, 4319322.193, 61
Trd, 4319322.543, 80
Trd, 4319322.643, 97
Trd, 4319322.743, 65
Trd, 4319324.043, 72
Trd, 4319324.343, 72
Trd, 4319324.643, 95
Trd, 4319326.643, 60
Trd, 4319328.243, 92
Trd, 4319328.543, 95
Trd, 4319329.193, 128
Trd, 4319329.543, 91
Trd, 4319329.643, 89
Trd, 4319329.843, 87
Trd, 4319331.193, 132
Trd, 4319331.343, 129
Trd, 4319332.443, 86
Trd, 4319333.693, 65
Trd, 4319335.343, 60
Trd, 4319335.543, 66
Trd, 4319335.943, 62
Trd, 4319336.343, 61
Trd, 4319336.743, 68
Trd, 4319337.093, 140
Trd, 4319337.493, 69
Trd, 4319337.843, 80
Trd, 4319338.343, 66
Trd, 4319339.143, 118
Trd, 4319340.343, 106
Trd, 4319340.393, 61
Trd, 4319341.093, 112
Trd, 4319341.343, 77
Trd, 4319343.043, 140
Trd, 4319343.343, 140
Trd, 4319343.443, 120
Trd, 4319343.743, 77
Trd, 4319346.293, 69
Trd, 4319346.493, 79
Trd, 4319346.943, 61
Trd, 4319347.493, 67
Trd, 4319347.643, 94
Trd, 4319348.043, 104
Trd, 4319350.543, 66
Trd, 4319351.143, 67
Trd, 4319351.693, 73
Trd, 4319352.793, 74
Trd, 4319352.843, 67
Trd, 4319353.143, 92
Trd, 4319353.393, 94
Trd, 4319353.693, 91
Trd, 4319353.843, 71
Trd, 4319354.543, 81
Trd, 4319354.743, 76
Trd, 4319356.243, 94
Trd, 4319356.943, 90
Trd, 4319357.293, 115
Trd, 4319357.693, 129
Trd, 4319358.443, 80
Trd, 4319358.593, 65
Trd, 4319359.793, 67
Trd, 4319360.943, 74
Trd, 4319361.543, 139
Trd, 4319362.743, 118
Trd, 4319363.643, 95
Trd, 4319363.993, 87
Trd, 4319364.293, 86
Trd, 4319364.543, 99
Trd, 4319365.393, 99
Trd, 4319365.493, 108
Trd, 4319367.493, 94
Trd, 4319367.643, 81
Trd, 4319368.243, 135
Trd, 4319368.643, 106
Trd, 4319368.693, 102
Trd, 4319369.793, 110
Trd, 4319370.193, 108
Trd, 4319370.943, 70
Trd, 4319371.393, 95
Trd, 4319371.693, 84
Trd, 4319373.493, 67
Trd, 4319374.143, 61
Trd, 4319374.193, 62
Trd, 4319375.743, 60
Trd, 4319376.343, 66
Trd, 4319377.093, 63
Trd, 4319377.993, 61
Trd, 4319379.793, 88
Trd, 4319380.043, 96
Trd, 4319380.093, 77
Trd, 4319380.393, 118
Trd, 4319381.293, 123
Trd, 4319381.643, 101
Trd, 4319381.993, 140
Trd, 4319383.643, 98
Trd, 4319383.793, 97
Trd, 4319384.043, 111
Trd, 4319384.343, 102
Trd, 4319384.743, 72
Trd, 4319386.343, 61
Trd, 4319387.843, 61
Trd, 4319388.593, 93
Trd, 4319388.893, 140
Trd, 4319389.093, 73
Trd, 4319390.143, 78
Trd, 4319391.293, 83
Trd, 4319391.843, 84
Trd, 4319392.143, 81
Trd, 4319392.293, 130
Trd, 4319393.093, 63
Trd, 4319393.143, 70
Trd, 4319394.743, 115
Trd, 4319396.193, 64
Trd, 4319397.393, 73
Trd, 4319397.893, 118
Trd, 4319398.093, 120
Trd, 4319398.843, 110
Trd, 4319399.393, 109
Trd, 4319401.143, 94
Trd, 4319401.993, 140
Trd, 4319402.543, 117
Trd, 4319403.143, 101
Trd, 4319403.693, 135
Trd, 4319404.543, 139
Trd, 4319404.693, 135
Trd, 4319404.993, 129
Trd, 4319405.143, 109
Trd, 4319405.393, 109
Trd, 4319405.993, 108
Trd, 4319406.293, 98
Trd, 4319407.743, 69
Trd, 4319408.743, 77
Trd, 4319409.143, 73
Trd, 4319409.893, 60
Trd, 4319410.893, 93
Trd, 4319411.443, 66
Trd, 4319412.093, 121
Trd, 4319412.443, 67
Trd, 4319413.493, 81
Trd, 4319413.543, 75
Trd, 4319413.593, 63
Trd, 4319413.743, 91
Trd, 4319414.143, 75
Trd, 4319414.193, 129
Trd, 4319416.093, 68
Trd, 4319417.443, 81
Trd, 4319417.843, 63
Trd, 4319419.543, 80
Trd, 4319420.043, 88
Trd, 4319420.693, 98
Trd, 4319420.993, 95
Trd, 4319421.043, 111
Trd, 4319423.693, 122
Trd, 4319423.943, 121
Trd, 4319424.043, 101
Trd, 4319424.293, 95
Trd, 4319424.693, 86
Trd, 4319425.593, 115
Trd, 4319425.793, 91
Trd, 4319427.243, 84
Trd, 4319428.093, 82
Trd, 4319428.593, 78
Trd, 4319429.343, 138
Trd, 4319429.443, 105
Trd, 4319429.593, 119
Trd, 4319431.243, 96
Trd, 4319432.043, 79
Trd, 4319434.043, 99
Trd, 4319434.193, 89
Trd, 4319434.593, 93
Trd, 4319434.693, 91
Trd, 4319434.993, 100
Trd, 4319436.193, 69
Trd, 4319436.293, 79
Trd, 4319438.293, 138
Trd, 4319439.093, 96
Trd, 4319439.593, 84
Trd, 4319441.043, 79
Trd, 4319442.443, 103
Trd, 4319442.993, 82
Trd, 4319443.593, 134
Trd, 4319443.793, 71
Trd, 4319444.193, 140
Trd, 4319446.343, 124
Trd, 4319446.693, 123
Trd, 4319446.943, 109
Trd, 4319447.193, 104
Trd, 4319447.643, 80
Trd, 4319448.143, 104
Trd, 4319449.293, 140
Trd, 4319449.693, 116
Trd, 4319449.793, 92
Trd, 4319451.593, 75
Trd, 4319451.843, 93
Trd, 4319452.543, 84
Trd, 4319453.343, 88
Trd, 4319453.443, 67
Trd, 4319453.743, 90
Trd, 4319454.393, 66
Trd, 4319455.143, 140
Trd, 4319455.243, 140
Trd, 4319455.343, 117
Trd, 4319456.143, 133
Trd, 4319457.143, 111
Trd, 4319457.943, 87
Trd, 4319458.043, 86
Trd, 4319460.643, 130
Trd, 4319461.893, 87
Trd, 4319462.243, 116
Trd, 4319463.193, 113
Trd, 4319463.443, 82
Trd, 4319464.493, 140
Trd, 4319465.443, 131
Trd, 4319465.543, 128
Trd, 4319465.943, 117
Trd, 4319466.843, 95
Trd, 4319467.143, 102
Trd, 4319468.193, 130
Trd, 4319468.693, 103
Trd, 4319468.943, 115
Trd, 4319469.193, 92
Trd, 4319469.893, 103
Trd, 4319470.743, 69
Trd, 4319471.193, 64
Trd, 4319471.593, 70
Trd, 4319472.643, 86
Trd, 4319472.793, 72
Trd, 4319473.743, 99
Trd, 4319473.843, 89
Trd, 4319475.043, 140
Trd, 4319475.243, 139
Trd, 4319476.393, 61
Trd, 4319477.793, 62
Trd, 4319478.093, 70
Trd, 4319478.743, 90
Trd, 4319478.843, 94
Trd, 4319479.343, 103
Trd, 4319479.843, 69
Trd, 4319479.893, 64
Trd, 4319480.793, 83
Trd, 4319481.993, 140
Trd, 4319482.193, 71
Trd, 4319482.793, 73
Trd, 4319482.993, 93
Trd, 4319483.543, 70
Trd, 4319485.093, 88
Trd, 4319486.143, 95
Trd, 4319486.643, 82
Trd, 4319487.843, 87
Trd, 4319488.193, 119
Trd, 4319488.493, 106
Trd, 4319488.643, 68
Trd, 4319489.793, 78
Trd, 4319490.443, 84
Trd, 4319490.543, 84
Trd, 4319491.843, 125
Trd, 4319491.993, 122
Trd, 4319492.493, 84
Trd, 4319493.393, 63
Trd, 4319493.693, 78
Trd, 4319495.493, 140
Trd, 4319495.543, 127
Trd, 4319496.843, 103
Trd, 4319496.993, 104
Trd, 4319497.543, 88
Trd, 4319497.593, 82
Trd, 4319498.143, 85
Trd, 4319499.993, 60
Trd, 4319500.043, 71
Trd, 4319501.343, 95
Trd, 4319501.993, 90
Trd, 4319503.193, 100
Trd, 4319504.193, 128
Trd, 4319504.343, 137
Trd, 4319505.693, 109
Trd, 4319505.743, 105
Trd, 4319505.793, 102
Trd, 4319508.093, 140
Trd, 4319508.643, 140
Trd, 4319508.943, 101
Trd, 4319509.293, 80
Trd, 4319510.993, 112
Trd, 4319511.043, 109
Trd, 4319511.443, 107
Trd, 4319511.643, 115
Trd, 4319511.843, 107
Trd, 4319512.343, 107
Trd, 4319513.193, 110
Trd, 4319514.643, 127
Trd, 4319514.843, 121
Trd, 4319515.943, 135
Trd, 4319515.993, 125
Trd, 4319516.093, 107
Trd, 4319516.343, 87
Trd, 4319517.193, 66
Trd, 4319518.193, 65
Trd, 4319518.793, 85
Trd, 4319519.793, 111
Trd, 4319520.193, 75
Trd, 4319520.493, 81
Trd, 4319522.793, 112
Trd, 4319522.843, 105
Trd, 4319522.893, 102
Trd, 4319524.343, 75
Trd, 4319524.893, 81
Trd, 4319525.743, 74
Trd, 4319526.743, 75
Trd, 4319526.843, 71
Trd, 4319527.693, 70
Trd, 4319528.543, 64
Trd, 4319528.993, 72
Trd, 4319529.343, 120
Trd, 4319530.243, 90
Trd, 4319531.493, 85
Trd, 4319531.743, 114
Trd, 4319532.143, 66
Trd, 4319532.693, 139
Trd, 4319532.943, 85
Trd, 4319533.893, 77
Trd, 4319535.193, 105
Trd, 4319536.243, 117
Trd, 4319537.343, 90
Trd, 4319537.443, 90
Trd, 4319538.493, 99
Trd, 4319538.993, 86
Trd, 4319539.743, 79
Trd, 4319539.993, 67
Trd, 4319541.543, 89
Trd, 4319541.643, 132
Trd, 4319542.193, 80
Trd, 4319542.543, 79
Trd, 4319543.943, 88
Trd, 4319544.493, 79
Trd, 4319544.743, 78
Trd, 4319545.343, 118
Trd, 4319546.193, 73
Trd, 4319546.893, 110
Trd, 4319547.193, 82
Trd, 4319547.493, 78
Trd, 4319547.743, 68
Trd, 4319550.043, 140
Trd, 4319550.743, 114
Trd, 4319551.243, 110
Trd, 4319551.693, 105
Trd, 4319552.043, 103
Trd, 4319552.893, 88
Trd, 4319553.393, 87
Trd, 4319553.993, 88
Trd, 4319554.443, 91
Trd, 4319554.593, 80
Trd, 4319554.943, 79
Trd, 4319555.343, 130
Trd, 4319556.943, 108
Trd, 4319558.243, 128
Trd, 4319558.593, 97
Trd, 4319560.343, 96
Trd, 4319560.443, 92
Trd, 4319561.643, 94
Trd, 4319561.693, 91
Trd, 4319562.993, 132
Trd, 4319563.243, 123
Trd, 4319563.943, 140
Trd, 4319564.443, 110
Trd, 4319565.593, 84
Trd, 4319565.643, 85
Trd, 4319566.543, 119
Trd, 4319566.593, 84
Trd, 4319567.493, 112
Trd, 4319567.793, 110
Trd, 4319568.993, 110
Trd, 4319569.443, 140
Trd, 4319569.493, 111
Trd, 4319570.493, 110
Trd, 4319571.043, 100
Trd, 4319571.793, 96
Trd, 4319572.143, 89
Trd, 4319572.243, 87
Trd, 4319574.243, 92
Trd, 4319574.793, 86
Trd, 4319576.343, 109
Trd, 4319576.393, 108
Trd, 4319577.493, 105
Trd, 4319577.543, 140
Trd, 4319578.243, 108
Trd, 4319579.093, 93
Trd, 4319579.193, 90
Trd, 4319579.543, 63
Trd, 4319580.793, 66
Trd, 4319581.793, 71
Trd, 4319581.843, 88
Trd, 4319582.943, 62
Trd, 4319583.543, 77
Trd, 4319584.543, 62
Trd, 4319585.693, 62
Trd, 4319586.093, 77
Trd, 4319586.843, 78
Trd, 4319587.193, 84
Trd, 4319588.793, 70
Trd, 4319589.293, 61
Trd, 4319589.643, 99
Trd, 4319590.693, 78
Trd, 4319590.843, 71
Trd, 4319591.693, 89
Trd, 4319591.943, 93
Trd, 4319591.993, 127
Trd, 4319592.493, 85
Trd, 4319592.843, 70
Trd, 4319593.393, 60
Trd, 4319593.643, 82
Trd, 4319594.143, 60
Trd, 4319595.593, 68
Trd, 4319596.443, 77
Trd, 4319597.343, 140
Trd, 4319597.443, 140
Trd, 4319597.493, 104
Trd, 4319597.793, 69
Trd, 4319597.993, 66
Trd, 4319598.193, 71
Trd, 4319600.093, 115
Trd, 4319600.243, 100
Trd, 4319600.793, 103
Trd, 4319601.143, 69
Trd, 4319602.293, 75
Trd, 4319603.143, 66
Trd, 4319603.943, 64
Trd, 4319604.093, 82
Trd, 4319605.443, 128
Trd, 4319605.893, 122
Trd, 4319606.943, 92
Trd, 4319606.993, 97
Trd, 4319608.043, 94
Trd, 4319608.493, 85
Trd, 4319608.593, 78
Trd, 4319609.343, 113
Trd, 4319610.493, 67
Trd, 4319611.393, 125
Trd, 4319611.593, 69
Trd, 4319613.293, 89
Trd, 4319615.243, 65
Trd, 4319615.393, 71
Trd, 4319615.643, 73
Trd, 4319615.993, 83
Trd, 4319616.293, 77
Trd, 4319616.843, 105
Trd, 4319617.943, 124
Trd, 4319619.443, 97
Trd, 4319619.643, 63
Trd, 4319619.943, 100
Trd, 4319620.543, 94
Trd, 4319620.893, 92
Trd, 4319622.043, 101
Trd, 4319622.393, 100
Trd, 4319623.143, 76
Trd, 4319624.143, 66
Trd, 4319624.993, 125
Trd, 4319626.243, 78
Trd, 4319626.343, 96
Trd, 4319626.793, 63
Trd, 4319627.543, 100
Trd, 4319627.943, 99
Trd, 4319628.193, 97
Trd, 4319628.993, 61
Trd, 4319629.393, 125
Trd, 4319630.793, 77
Trd, 4319630.943, 62
Trd, 4319631.243, 128
Trd, 4319633.793, 64
Trd, 4319633.993, 75
Trd, 4319635.093, 67
Trd, 4319635.843, 70
Trd, 4319636.993, 68
Trd, 4319637.293, 90
Trd, 4319637.843, 100
Trd, 4319637.893, 104
Trd, 4319638.443, 129
Trd, 4319638.893, 67
Trd, 4319638.993, 86
Trd, 4319639.143, 61
Trd, 4319639.993, 107
Trd, 4319641.693, 75
Trd, 4319641.843, 80
Trd, 4319642.493, 69
Trd, 4319643.793, 96
Trd, 4319644.743, 91
Trd, 4319644.993, 105
Trd, 4319645.293, 81
Trd, 4319645.693, 113
Trd, 4319645.893, 75
Trd, 4319647.093, 104
Trd, 4319648.793, 88
Trd, 4319649.043, 71
Trd, 4319649.793, 69
Trd, 4319649.843, 130
Trd, 4319651.643, 138
Trd, 4319651.793, 90
Trd, 4319652.143, 99
Trd, 4319652.593, 132
Trd, 4319653.293, 98
Trd, 4319654.143, 100
Trd, 4319655.943, 92
Trd, 4319656.193, 107
Trd, 4319657.443, 91
Trd, 4319657.593, 73
Trd, 4319659.543, 96
Trd, 4319660.193, 124
Trd, 4319660.943, 115
Trd, 4319661.893, 138
Trd, 4319662.193, 107
Trd, 4319662.643, 101
Trd, 4319662.943, 130
Trd, 4319663.893, 101
Trd, 4319664.443, 105
Trd, 4319664.843, 87
Trd, 4319664.943, 80
Trd, 4319666.843, 61
Trd, 4319667.093, 66
Trd, 4319667.893, 130
Trd, 4319669.043, 67
Trd, 4319669.193, 74
Trd, 4319669.543, 68
Trd, 4319670.143, 74
Trd, 4319671.243, 140
Trd, 4319671.393, 109
Trd, 4319672.193, 122
Trd, 4319672.693, 68
Trd, 4319673.843, 84
Trd, 4319674.693, 75
Trd, 4319675.093, 129
Trd, 4319675.243, 109
Trd, 4319676.043, 139
Trd, 4319676.593, 106
Trd, 4319676.793, 104
Trd, 4319677.243, 97
Trd, 4319677.693, 122
Trd, 4319678.343, 71
Trd, 4319680.393, 60
Trd, 4319681.793, 90
Trd, 4319682.043, 103
Trd, 4319682.443, 134
Trd, 4319683.443, 102
Trd, 4319683.643, 134
Trd, 4319685.543, 100
Trd, 4319685.693, 97
Trd, 4319686.593, 110
Trd, 4319687.243, 101
Trd, 4319687.343, 85
Trd, 4319687.593, 106
Trd, 4319688.543, 85
Trd, 4319689.243, 107
Trd, 4319689.943, 93
Trd, 4319690.443, 105
Trd, 4319690.943, 101
Trd, 4319691.393, 81
Trd, 4319693.493, 102
Trd, 4319693.943, 95
Trd, 4319694.493, 120
Trd, 4319694.993, 92
Trd, 4319695.943, 126
Trd, 4319695.993, 124
Trd, 4319696.593, 110
Trd, 4319698.093, 72
Trd, 4319698.293, 67
Trd, 4319698.743, 107
Trd, 4319701.293, 98
Trd, 4319701.393, 70
Trd, 4319701.843, 111
Trd, 4319702.293, 131
Trd, 4319702.543, 107
Trd, 4319703.093, 67
Trd, 4319703.393, 62
Trd, 4319704.843, 66
Trd, 4319706.043, 60
Trd, 4319707.193, 63
Trd, 4319708.493, 62
Trd, 4319708.893, 69
Trd, 4319709.743, 62
Trd, 4319710.743, 67
Trd, 4319710.793, 75
Trd, 4319712.343, 86
Trd, 4319712.943, 134
Trd, 4319713.543, 102
Trd, 4319713.843, 106
Trd, 4319714.193, 83
Trd, 4319715.743, 115
Trd, 4319716.043, 117
Trd, 4319717.893, 61
Trd, 4319718.243, 112
Trd, 4319719.443, 93
Trd, 4319719.843, 92
Trd, 4319720.793, 109
Trd, 4319721.043, 104
Trd, 4319721.343, 97
Trd, 4319721.893, 108
Trd, 4319722.943, 99
Trd, 4319723.093, 88
Trd, 4319723.743, 103
Trd, 4319723.793, 116
Trd, 4319725.843, 116
Trd, 4319726.643, 112
Trd, 4319726.793, 96
Trd, 4319727.943, 92
Trd, 4319729.293, 128
Trd, 4319729.393, 122
Trd, 4319730.043, 103
Trd, 4319730.693, 100
Trd, 4319731.243, 62
Trd, 4319731.393, 60
Trd, 4319732.193, 65
Trd, 4319732.643, 80
Trd, 4319734.693, 98
Trd, 4319734.793, 97
Trd, 4319735.343, 86
Trd, 4319736.193, 64
Trd, 4319737.243, 95
Trd, 4319737.343, 110
Trd, 4319739.543, 82
Trd, 4319740.293, 76
Trd, 4319741.243, 66
Trd, 4319741.543, 135
Trd, 4319742.393, 116
Trd, 4319743.143, 112
Trd, 4319743.193, 111
Trd, 4319743.243, 106
Trd, 4319743.493, 95
Trd, 4319744.393, 111
Trd, 4319745.893, 101
Trd, 4319746.243, 116
Trd, 4319747.343, 111
Trd, 4319747.393, 105
Trd, 4319747.943, 92
Trd, 4319748.843, 121
Trd, 4319749.193, 91
Trd, 4319750.193, 120
Trd, 4319750.493, 132
Trd, 4319751.093, 118
Trd, 4319752.243, 116
Trd, 4319752.793, 92
Trd, 4319753.943, 140
Trd, 4319754.243, 128
Trd, 4319754.343, 90
Trd, 4319754.793, 89
Trd, 4319756.393, 84
Trd, 4319757.143, 108
Trd, 4319757.443, 104
Trd, 4319758.243, 85
Trd, 4319758.743, 86
Trd, 4319759.593, 112
Trd, 4319759.893, 123
Trd, 4319760.543, 111
Trd, 4319760.993, 139
Trd, 4319761.343, 110
Trd, 4319762.093, 108
Trd, 4319762.493, 96
Trd, 4319763.693, 90
Trd, 4319765.493, 137
Trd, 4319765.843, 139
Trd, 4319765.993, 131
Trd, 4319766.893, 139
Trd, 4319767.043, 113
Trd, 4319767.343, 104
Trd, 4319768.293, 133
Trd, 4319768.943, 127
Trd, 4319769.843, 110
Trd, 4319770.293, 106
Trd, 4319770.743, 110
Trd, 4319770.893, 140
Trd, 4319771.793, 94
Trd, 4319773.093, 132
Trd, 4319773.693, 115
Trd, 4319774.443, 114
Trd, 4319774.843, 97
Trd, 4319775.343, 88
Trd, 4319775.543, 140
Trd, 4319775.993, 104
Trd, 4319776.793, 92
Trd, 4319777.243, 69
Trd, 4319777.643, 81
Trd, 4319778.393, 63
Trd, 4319778.443, 63
Trd, 4319778.593, 83
Trd, 4319781.193, 80
Trd, 4319781.593, 84
Trd, 4319782.543, 73
Trd, 4319783.693, 127
Trd, 4319783.843, 91
Trd, 4319783.993, 122
Trd, 4319784.143, 108
Trd, 4319784.343, 75
Trd, 4319785.943, 90
Trd, 4319786.243, 85
Trd, 4319787.293, 74
Trd, 4319787.543, 73
Trd, 4319787.843, 79
Trd, 4319788.443, 88
Trd, 4319788.493, 64
Trd, 4319790.743, 138
Trd, 4319790.843, 102
Trd, 4319791.593, 61
Trd, 4319791.793, 124
Trd, 4319792.343, 63
Trd, 4319792.443, 94
Trd, 4319793.493, 106
Trd, 4319794.493, 76
Trd, 4319794.843, 74
Trd, 4319796.593, 119
Trd, 4319796.993, 71
Trd, 4319797.493, 86
Trd, 4319797.643, 80
Trd, 4319798.143, 63
Trd, 4319799.043, 102
Trd, 4319799.343, 66
Trd, 4319800.193, 84
Trd, 4319801.443, 88
Trd, 4319802.493, 74
Trd, 4319803.293, 84
Trd, 4319804.943, 75
Trd, 4319805.743, 102
Trd, 4319805.943, 103
Trd, 4319806.393, 96
Trd, 4319806.893, 83
Trd, 4319806.993, 71
Trd, 4319807.093, 62
Trd, 4319807.843, 95
Trd, 4319809.593, 60
Trd, 4319809.893, 72
Trd, 4319810.843, 73
Trd, 4319811.243, 71
Trd, 4319812.543, 106
Trd, 4319812.693, 84
Trd, 4319813.843, 140
Trd, 4319814.493, 76
Trd, 4319815.643, 76
Trd, 4319815.893, 94
Trd, 4319816.543, 109
Trd, 4319817.193, 106
Trd, 4319818.243, 93
Trd, 4319818.943, 88
Trd, 4319819.793, 73
Trd, 4319819.893, 64
Trd, 4319819.943, 75
Trd, 4319820.443, 98
Trd, 4319821.643, 81
Trd, 4319822.343, 79
Trd, 4319823.443, 66
Trd, 4319824.493, 73
Trd, 4319825.443, 83
Trd, 4319825.793, 102
Trd, 4319826.343, 99
Trd, 4319827.343, 112
Trd, 4319827.943, 130
Trd, 4319828.143, 131
Trd, 4319828.343, 130
Trd, 4319828.793, 70
Trd, 4319830.143, 124
Trd, 4319831.743, 112
Trd, 4319832.043, 111
Trd, 4319832.093, 106
Trd, 4319832.593, 84
Trd, 4319832.643, 107
Trd, 4319833.043, 113
Trd, 4319834.143, 80
Trd, 4319835.443, 111
Trd, 4319835.943, 66
Trd, 4319836.393, 79
Trd, 4319837.793, 67
Trd, 4319837.993, 65
Trd, 4319838.093, 92
Trd, 4319838.743, 80
Trd, 4319839.643, 79
Trd, 4319839.793, 80
Trd, 4319839.943, 82
Trd, 4319840.643, 68
Trd, 4319841.493, 97
Trd, 4319841.543, 96
Trd, 4319843.743, 97
Trd, 4319843.943, 95
Trd, 4319845.393, 65
Trd, 4319846.343, 92
Trd, 4319846.543, 90
Trd, 4319846.643, 95
Trd, 4319846.693, 116
Trd, 4319847.543, 84
Trd, 4319848.243, 72
Trd, 4319849.893, 73
Trd, 4319851.043, 70
Trd, 4319851.543, 88
Trd, 4319852.093, 115
Trd, 4319852.343, 130
Trd, 4319852.543, 102
Trd, 4319852.893, 82
Trd, 4319853.443, 77
Trd, 4319854.443, 64
Trd, 4319856.043, 67
Trd, 4319856.843, 81
Trd, 4319858.043, 79
Trd, 4319858.443, 76
Trd, 4319858.593, 72
Trd, 4319860.193, 80
Trd, 4319861.543, 104
Trd, 4319861.843, 91
Trd, 4319862.093, 77
Trd, 4319862.493, 110
Trd, 4319864.093, 65
Trd, 4319864.643, 92
Trd, 4319865.193, 112
Trd, 4319865.443, 80
Trd, 4319867.843, 71
Trd, 4319868.093, 76
Trd, 4319868.143, 79
Trd, 4319868.393, 134
Trd, 4319868.843, 66
Trd, 4319869.243, 69
Trd, 4319870.543, 65
Trd, 4319871.293, 81
Trd, 4319873.193, 78
Trd, 4319873.943, 61
Trd, 4319875.893, 70
Trd, 4319876.043, 81
Trd, 4319876.293, 71
Trd, 4319877.493, 87
Trd, 4319877.643, 83
Trd, 4319877.843, 96
Trd, 4319878.493, 103
Trd, 4319878.843, 74
Trd, 4319879.643, 115
Trd, 4319879.793, 102
Trd, 4319880.593, 96
Trd, 4319882.243, 137
Trd, 4319883.143, 139
Trd, 4319883.393, 117
Trd, 4319883.743, 111
Trd, 4319883.993, 110
Trd, 4319885.243, 113
Trd, 4319885.693, 108
Trd, 4319886.393, 90
Trd, 4319886.743, 97
Trd, 4319887.793, 137
Trd, 4319888.393, 123
Trd, 4319888.843, 126
Trd, 4319889.643, 105
Trd, 4319889.843, 115
Trd, 4319890.543, 73
Trd, 4319890.693, 85
Trd, 4319892.543, 136
Trd, 4319893.043, 122
Trd, 4319893.343, 111
Trd, 4319894.743, 110
Trd, 4319894.993, 109
Trd, 4319896.393, 87
Trd, 4319897.743, 120
Trd, 4319898.593, 85
Trd, 4319898.943, 119
Trd, 4319899.693, 100
Trd, 4319900.193, 102
Trd, 4319900.893, 117
Trd, 4319900.943, 116
Trd, 4319901.193, 111
Trd, 4319901.793, 139
Trd, 4319901.943, 116
Trd, 4319902.393, 116
Trd, 4319902.643, 69
Trd, 4319903.643, 98
Trd, 4319904.543, 88
Trd, 4319906.093, 82
Trd, 4319906.893, 62
Trd, 4319906.943, 69
Trd, 4319907.143, 92
Trd, 4319908.093, 94
Trd, 4319909.693, 62
Trd, 4319910.443, 61
Trd, 4319911.343, 60
Trd, 4319911.543, 93
Trd, 4319912.993, 68
Trd, 4319913.543, 76
Trd, 4319913.943, 91
Trd, 4319914.943, 63
Trd, 4319915.393, 69
Trd, 4319916.393, 63
Trd, 4319916.443, 67
Trd, 4319916.893, 64
Trd, 4319918.643, 87
Trd, 4319919.843, 133
Trd, 4319920.143, 127
Trd, 4319920.493, 136
Trd, 4319920.793, 119
Trd, 4319921.343, 96
Trd, 4319921.893, 100
Trd, 4319922.993, 91
Trd, 4319923.993, 113
Trd, 4319924.343, 100
Trd, 4319924.593, 124
Trd, 4319925.793, 97
Trd, 4319925.943, 62
Trd, 4319927.343, 63
Trd, 4319928.393, 69
Trd, 4319928.643, 80
Trd, 4319929.043, 106
Trd, 4319931.493, 124
Trd, 4319931.643, 119
Trd, 4319931.743, 82
Trd, 4319932.043, 76
Trd, 4319932.243, 76
Trd, 4319934.093, 127
Trd, 4319934.493, 109
Trd, 4319934.593, 134
Trd, 4319937.493, 122
Trd, 4319937.643, 121
Trd, 4319937.843, 131
Trd, 4319938.043, 115
Trd, 4319938.593, 112
Trd, 4319938.793, 91
Trd, 4319939.043, 113
Trd, 4319940.243, 139
Trd, 4319940.293, 96
Trd, 4319941.343, 93
Trd, 4319942.693, 129
Trd, 4319943.393, 109
Trd, 4319943.593, 102
Trd, 4319943.693, 98
Trd, 4319944.043, 79
Trd, 4319944.993, 88
Trd, 4319946.643, 89
Trd, 4319946.893, 107
Trd, 4319947.593, 122
Trd, 4319948.143, 139
Trd, 4319948.543, 114
Trd, 4319949.843, 82
Trd, 4319950.193, 100
Trd, 4319951.693, 109
Trd, 4319953.143, 87
Trd, 4319953.193, 86
Trd, 4319953.843, 96
Trd, 4319954.293, 82
Trd, 4319954.693, 81
Trd, 4319954.743, 77
Trd, 4319955.543, 72
Trd, 4319956.393, 140
Trd, 4319956.943, 140
Trd, 4319958.043, 115
Trd, 4319958.593, 110
Trd, 4319959.143, 87
Trd, 4319959.493, 116
Trd, 4319960.693, 111
Trd, 4319960.943, 119
Trd, 4319961.693, 89
Trd, 4319962.643, 104
Trd, 4319963.093, 78
Trd, 4319963.643, 104
Trd, 4319964.393, 108
Trd, 4319965.843, 89
Trd, 4319966.743, 85
Trd, 4319968.093, 139
Trd, 4319968.293, 101
Trd, 4319968.443, 94
Trd, 4319970.243, 89
Trd, 4319970.343, 88
Trd, 4319971.243, 92
Trd, 4319972.093, 99
Trd, 4319972.193, 127
Trd, 4319973.793, 93
Trd, 4319973.843, 89
Trd, 4319974.043, 85
Trd, 4319975.593, 98
Trd, 4319976.843, 90
Trd, 4319977.493, 103
Trd, 4319978.243, 99
Trd, 4319978.743, 85
Trd, 4319979.093, 96
Trd, 4319980.043, 106
Trd, 4319980.543, 140
Trd, 4319980.693, 113
Trd, 4319981.143, 89
Trd, 4319981.693, 88
Trd, 4319981.993, 98
Trd, 4319983.193, 139
Trd, 4319984.193, 112
Trd, 4319984.593, 98
Trd, 4319984.793, 83
Trd, 4319986.143, 61
Trd, 4319986.493, 67
Trd, 4319986.743, 69
Trd, 4319987.393, 92
Trd, 4319988.893, 103
Trd, 4319990.043, 113
Trd, 4319990.193, 104
Trd, 4319990.593, 102
Trd, 4319990.643, 87
Trd, 4319991.443, 69
Trd, 4319991.743, 107
Trd, 4319993.293, 92
Trd, 4319994.043, 113
Trd, 4319994.243, 112
Trd, 4319994.993, 140
Trd, 4319995.743, 107
Trd, 4319996.743, 67
Trd, 4319997.343, 85
Trd, 4319998.143, 65
Trd, 4319999.443, 139
