Trd, 4318115.143, 67
Trd, 4318115.193, 68
Trd, 4318115.843, 68
Trd, 4318116.193, 67
Trd, 4318116.243, 69
Trd, 4318117.793, 60
Trd, 4318118.293, 61
Trd, 4318118.443, 61
Trd, 4318119.393, 139
Trd, 4318120.343, 111
Trd, 4318120.993, 115
Trd, 4318121.043, 68
Trd, 4318121.643, 140
Trd, 4318121.993, 140
Trd, 4318123.393, 140
Trd, 4318123.993, 139
Trd, 4318125.293, 125
Trd, 4318125.893, 96
Trd, 4318126.793, 68
Trd, 4318126.993, 122
Trd, 4318128.043, 60
Trd, 4318128.443, 61
Trd, 4318128.493, 62
Trd, 4318131.493, 140
Trd, 4318131.743, 114
Trd, 4318131.793, 70
Trd, 4318132.993, 76
Trd, 4318133.293, 75
Trd, 4318133.343, 139
Trd, 4318134.393, 140
Trd, 4318134.793, 139
Trd, 4318135.443, 139
Trd, 4318135.543, 139
Trd, 4318136.143, 93
Trd, 4318136.693, 127
Trd, 4318138.443, 124
Trd, 4318138.943, 115
Trd, 4318139.093, 81
Trd, 4318140.093, 138
Trd, 4318140.443, 88
Trd, 4318140.593, 124
Trd, 4318142.293, 140
Trd, 4318142.793, 140
Trd, 4318142.943, 139
Trd, 4318143.543, 140
Trd, 4318144.193, 139
Trd, 4318145.543, 140
Trd, 4318146.543, 131
Trd, 4318148.393, 140
Trd, 4318148.443, 140
Trd, 4318150.243, 138
Trd, 4318150.543, 139
Trd, 4318151.043, 138
Trd, 4318151.243, 138
Trd, 4318151.843, 138
Trd, 4318152.143, 84
Trd, 4318152.893, 64
Trd, 4318154.343, 101
Trd, 4318154.543, 133
Trd, 4318155.143, 95
Trd, 4318157.193, 139
Trd, 4318158.243, 140
Trd, 4318159.093, 140
Trd, 4318159.293, 139
Trd, 4318160.343, 121
Trd, 4318161.793, 140
Trd, 4318162.393, 138
Trd, 4318162.593, 127
Trd, 4318163.593, 129
Trd, 4318163.693, 102
Trd, 4318163.793, 131
Trd, 4318164.093, 67
Trd, 4318164.693, 60
Trd, 4318165.443, 87
Trd, 4318165.843, 86
Trd, 4318166.393, 68
Trd, 4318166.493, 69
Trd, 4318167.893, 60
Trd, 4318168.343, 64
Trd, 4318168.443, 64
Trd, 4318168.943, 103
Trd, 4318168.993, 104
Trd, 4318169.943, 139
Trd, 4318170.793, 140
Trd, 4318171.893, 69
Trd, 4318172.893, 138
Trd, 4318174.493, 140
Trd, 4318174.643, 140
Trd, 4318175.643, 140
Trd, 4318177.193, 130
Trd, 4318177.543, 128
Trd, 4318179.243, 140
Trd, 4318179.393, 138
Trd, 4318180.443, 137
Trd, 4318180.543, 126
Trd, 4318181.193, 140
Trd, 4318181.293, 115
Trd, 4318181.493, 105
Trd, 4318182.293, 137
Trd, 4318183.743, 140
Trd, 4318184.143, 138
Trd, 4318184.893, 115
Trd, 4318185.643, 140
Trd, 4318187.993, 140
Trd, 4318188.343, 140
Trd, 4318188.643, 140
Trd, 4318189.143, 140
Trd, 4318190.493, 139
Trd, 4318190.593, 135
Trd, 4318191.243, 128
Trd, 4318191.343, 138
Trd, 4318191.543, 81
Trd, 4318191.693, 100
Trd, 4318193.743, 140
Trd, 4318193.943, 140
Trd, 4318194.793, 140
Trd, 4318195.443, 140
Trd, 4318196.293, 139
Trd, 4318196.793, 119
Trd, 4318196.943, 127
Trd, 4318198.593, 65
Trd, 4318198.943, 130
Trd, 4318199.743, 96
Trd, 4318200.293, 80
Trd, 4318200.493, 129
Trd, 4318201.493, 60
Trd, 4318201.793, 60
Trd, 4318202.393, 140
Trd, 4318203.943, 140
Trd, 4318204.093, 140
Trd, 4318204.143, 108
Trd, 4318204.793, 106
Trd, 4318207.393, 140
Trd, 4318207.693, 140
Trd, 4318208.243, 140
Trd, 4318208.393, 140
Trd, 4318208.593, 139
Trd, 4318208.893, 118
Trd, 4318210.643, 140
Trd, 4318213.893, 139
Trd, 4318213.943, 103
Trd, 4318215.093, 140
Trd, 4318215.543, 140
Trd, 4318216.393, 140
Trd, 4318216.743, 136
Trd, 4318216.843, 116
Trd, 4318218.943, 100
Trd, 4318219.793, 140
Trd, 4318220.193, 140
Trd, 4318220.593, 139
Trd, 4318221.443, 140
Trd, 4318221.993, 138
Trd, 4318223.143, 138
Trd, 4318223.193, 100
Trd, 4318225.243, 61
Trd, 4318225.343, 62
Trd, 4318225.643, 65
Trd, 4318226.043, 140
Trd, 4318226.193, 127
Trd, 4318227.843, 140
Trd, 4318230.093, 140
Trd, 4318231.743, 140
Trd, 4318231.993, 140
Trd, 4318232.243, 140
Trd, 4318232.293, 140
Trd, 4318232.893, 140
Trd, 4318233.193, 113
Trd, 4318234.293, 138
Trd, 4318234.793, 136
Trd, 4318235.643, 122
Trd, 4318236.143, 132
Trd, 4318236.343, 136
Trd, 4318237.293, 102
Trd, 4318237.643, 105
Trd, 4318239.593, 140
Trd, 4318240.193, 140
Trd, 4318240.743, 138
Trd, 4318242.193, 139
Trd, 4318242.943, 140
Trd, 4318242.993, 139
Trd, 4318243.893, 140
Trd, 4318245.393, 140
Trd, 4318245.543, 140
Trd, 4318246.043, 139
Trd, 4318246.893, 110
Trd, 4318247.643, 116
Trd, 4318247.943, 139
Trd, 4318249.343, 126
Trd, 4318249.593, 139
Trd, 4318251.593, 140
Trd, 4318251.693, 116
Trd, 4318252.393, 85
Trd, 4318252.693, 87
Trd, 4318253.993, 113
Trd, 4318254.493, 114
Trd, 4318254.743, 112
Trd, 4318255.793, 138
Trd, 4318255.893, 137
Trd, 4318256.743, 132
Trd, 4318257.693, 140
Trd, 4318259.693, 140
Trd, 4318260.243, 139
Trd, 4318260.443, 140
Trd, 4318260.643, 138
Trd, 4318262.193, 138
Trd, 4318262.293, 137
Trd, 4318263.143, 98
Trd, 4318265.243, 140
Trd, 4318267.343, 140
Trd, 4318267.393, 140
Trd, 4318267.493, 140
Trd, 4318267.593, 140
Trd, 4318267.643, 114
Trd, 4318268.843, 140
Trd, 4318269.893, 140
Trd, 4318270.893, 139
Trd, 4318271.843, 140
Trd, 4318271.993, 140
Trd, 4318272.693, 139
Trd, 4318274.193, 140
Trd, 4318276.493, 129
Trd, 4318277.443, 140
Trd, 4318277.643, 140
Trd, 4318277.693, 131
Trd, 4318278.443, 135
Trd, 4318278.843, 93
Trd, 4318279.243, 91
Trd, 4318279.643, 125
Trd, 4318279.743, 102
Trd, 4318279.793, 132
Trd, 4318282.093, 140
Trd, 4318282.543, 140
Trd, 4318283.043, 140
Trd, 4318284.043, 140
Trd, 4318284.843, 140
Trd, 4318285.293, 140
Trd, 4318286.293, 140
Trd, 4318289.293, 140
Trd, 4318290.193, 140
Trd, 4318290.543, 140
Trd, 4318291.743, 140
Trd, 4318291.993, 139
Trd, 4318292.793, 129
Trd, 4318293.043, 109
Trd, 4318293.743, 140
Trd, 4318294.043, 140
Trd, 4318294.193, 140
Trd, 4318294.993, 115
Trd, 4318295.643, 138
Trd, 4318296.243, 69
Trd, 4318296.843, 137
Trd, 4318297.743, 140
Trd, 4318299.843, 140
Trd, 4318300.743, 140
Trd, 4318301.693, 140
Trd, 4318301.893, 139
Trd, 4318302.243, 103
Trd, 4318302.443, 75
Trd, 4318302.493, 89
Trd, 4318303.193, 63
Trd, 4318303.243, 64
Trd, 4318303.593, 88
Trd, 4318307.443, 140
Trd, 4318307.493, 140
Trd, 4318307.693, 140
Trd, 4318308.243, 140
Trd, 4318308.943, 88
Trd, 4318310.493, 140
Trd, 4318311.843, 140
Trd, 4318312.093, 136
Trd, 4318312.343, 137
Trd, 4318312.593, 108
Trd, 4318313.843, 67
Trd, 4318314.143, 67
Trd, 4318314.543, 67
Trd, 4318314.793, 70
Trd, 4318315.093, 95
Trd, 4318315.843, 63
Trd, 4318316.943, 74
Trd, 4318317.293, 128
Trd, 4318317.743, 139
Trd, 4318318.293, 137
Trd, 4318319.993, 140
Trd, 4318320.193, 139
Trd, 4318320.243, 111
Trd, 4318321.143, 60
Trd, 4318321.943, 140
Trd, 4318322.343, 138
Trd, 4318323.393, 140
Trd, 4318324.543, 140
Trd, 4318325.193, 140
Trd, 4318326.893, 139
Trd, 4318327.393, 140
Trd, 4318327.443, 140
Trd, 4318329.593, 140
Trd, 4318331.093, 140
Trd, 4318331.293, 139
Trd, 4318332.293, 138
Trd, 4318332.343, 138
Trd, 4318333.993, 140
Trd, 4318336.393, 140
Trd, 4318337.293, 140
Trd, 4318337.693, 140
Trd, 4318337.943, 140
Trd, 4318337.993, 140
Trd, 4318338.143, 139
Trd, 4318339.193, 138
Trd, 4318340.693, 140
Trd, 4318340.743, 140
Trd, 4318341.443, 139
Trd, 4318341.843, 80
Trd, 4318342.443, 140
Trd, 4318342.493, 140
Trd, 4318342.543, 81
Trd, 4318343.193, 139
Trd, 4318343.543, 139
Trd, 4318344.393, 138
Trd, 4318345.893, 140
Trd, 4318346.143, 139
Trd, 4318347.393, 139
Trd, 4318348.143, 138
Trd, 4318348.593, 66
Trd, 4318349.543, 140
Trd, 4318351.443, 139
Trd, 4318352.943, 140
Trd, 4318353.393, 140
Trd, 4318353.943, 140
Trd, 4318354.443, 102
Trd, 4318355.343, 123
Trd, 4318356.943, 138
Trd, 4318357.343, 123
Trd, 4318357.843, 136
Trd, 4318358.093, 137
Trd, 4318359.193, 136
Trd, 4318359.243, 120
Trd, 4318359.743, 139
Trd, 4318360.343, 140
Trd, 4318360.793, 139
Trd, 4318361.393, 129
Trd, 4318362.643, 120
Trd, 4318363.843, 102
Trd, 4318364.693, 78
Trd, 4318365.343, 111
Trd, 4318365.393, 112
Trd, 4318367.193, 140
Trd, 4318367.293, 137
Trd, 4318367.343, 107
Trd, 4318367.443, 136
Trd, 4318367.493, 82
Trd, 4318368.843, 60
Trd, 4318368.993, 60
Trd, 4318369.393, 60
Trd, 4318371.443, 140
Trd, 4318372.143, 140
Trd, 4318372.593, 138
Trd, 4318373.543, 140
Trd, 4318374.543, 140
Trd, 4318376.393, 140
Trd, 4318376.443, 140
Trd, 4318377.043, 140
Trd, 4318377.193, 138
Trd, 4318377.793, 138
Trd, 4318378.943, 124
Trd, 4318379.493, 140
Trd, 4318380.193, 139
Trd, 4318380.393, 106
Trd, 4318381.643, 139
Trd, 4318382.193, 105
Trd, 4318382.593, 133
Trd, 4318383.243, 119
Trd, 4318383.443, 79
Trd, 4318385.393, 94
Trd, 4318386.393, 139
Trd, 4318386.693, 87
Trd, 4318387.693, 139
Trd, 4318388.993, 140
Trd, 4318389.693, 140
Trd, 4318390.493, 140
Trd, 4318391.593, 131
Trd, 4318391.893, 91
Trd, 4318391.993, 122
Trd, 4318392.543, 140
Trd, 4318393.493, 68
Trd, 4318393.893, 85
Trd, 4318394.743, 87
Trd, 4318394.993, 65
Trd, 4318396.643, 115
Trd, 4318396.893, 111
Trd, 4318397.193, 116
Trd, 4318397.593, 140
Trd, 4318398.893, 140
Trd, 4318399.543, 140
Trd, 4318400.393, 140
Trd, 4318401.993, 139
Trd, 4318402.343, 101
Trd, 4318403.793, 63
Trd, 4318404.743, 69
Trd, 4318404.793, 64
Trd, 4318405.493, 139
Trd, 4318405.743, 115
Trd, 4318406.393, 77
Trd, 4318407.093, 61
Trd, 4318407.293, 74
Trd, 4318407.993, 75
Trd, 4318410.793, 140
Trd, 4318411.143, 140
Trd, 4318413.693, 140
Trd, 4318414.443, 137
Trd, 4318414.993, 138
Trd, 4318415.843, 140
Trd, 4318415.993, 139
Trd, 4318416.843, 139
Trd, 4318416.993, 99
Trd, 4318417.393, 140
Trd, 4318417.893, 137
Trd, 4318419.393, 124
Trd, 4318420.343, 137
Trd, 4318420.893, 131
Trd, 4318422.893, 123
Trd, 4318424.043, 140
Trd, 4318424.293, 138
Trd, 4318426.293, 140
Trd, 4318426.443, 140
Trd, 4318426.493, 139
Trd, 4318426.793, 140
Trd, 4318428.943, 140
Trd, 4318429.843, 140
Trd, 4318430.193, 140
Trd, 4318430.693, 139
Trd, 4318431.693, 140
Trd, 4318433.893, 140
Trd, 4318434.443, 140
Trd, 4318434.543, 140
Trd, 4318434.943, 119
Trd, 4318435.343, 140
Trd, 4318436.043, 140
Trd, 4318436.993, 78
Trd, 4318437.143, 103
Trd, 4318437.893, 140
Trd, 4318438.343, 62
Trd, 4318441.293, 140
Trd, 4318441.643, 140
Trd, 4318442.243, 140
Trd, 4318442.343, 140
Trd, 4318442.443, 138
Trd, 4318444.643, 140
Trd, 4318445.793, 132
Trd, 4318445.843, 131
Trd, 4318447.793, 140
Trd, 4318448.043, 80
Trd, 4318449.043, 139
Trd, 4318450.293, 140
Trd, 4318450.393, 140
Trd, 4318453.243, 140
Trd, 4318453.293, 140
Trd, 4318454.393, 139
Trd, 4318454.593, 139
Trd, 4318454.643, 107
Trd, 4318454.943, 140
Trd, 4318455.843, 118
Trd, 4318456.293, 116
Trd, 4318456.493, 93
Trd, 4318456.843, 118
Trd, 4318456.943, 88
Trd, 4318458.093, 121
Trd, 4318459.993, 98
Trd, 4318460.043, 97
Trd, 4318460.843, 140
Trd, 4318462.093, 139
Trd, 4318464.443, 140
Trd, 4318464.493, 140
Trd, 4318464.993, 140
Trd, 4318465.993, 140
Trd, 4318467.643, 139
Trd, 4318467.993, 139
Trd, 4318469.393, 139
Trd, 4318469.843, 140
Trd, 4318470.243, 140
Trd, 4318470.543, 140
Trd, 4318471.293, 100
Trd, 4318472.843, 139
Trd, 4318472.943, 138
Trd, 4318473.443, 136
Trd, 4318473.743, 139
Trd, 4318474.593, 140
Trd, 4318475.293, 139
Trd, 4318475.793, 140
Trd, 4318477.643, 140
Trd, 4318477.893, 140
Trd, 4318478.143, 139
Trd, 4318478.743, 130
Trd, 4318479.543, 85
Trd, 4318479.643, 139
Trd, 4318479.943, 99
Trd, 4318480.643, 70
Trd, 4318481.493, 140
Trd, 4318484.593, 137
Trd, 4318484.793, 136
Trd, 4318484.893, 134
Trd, 4318485.893, 135
Trd, 4318485.993, 113
Trd, 4318486.043, 136
Trd, 4318487.893, 140
Trd, 4318488.993, 140
Trd, 4318489.493, 140
Trd, 4318489.693, 139
Trd, 4318489.843, 91
Trd, 4318490.493, 109
Trd, 4318491.743, 60
Trd, 4318491.893, 75
Trd, 4318491.943, 76
Trd, 4318492.043, 138
Trd, 4318493.993, 61
Trd, 4318494.043, 63
Trd, 4318494.743, 65
Trd, 4318495.243, 63
Trd, 4318497.093, 61
Trd, 4318497.593, 67
Trd, 4318497.893, 68
Trd, 4318498.343, 97
Trd, 4318498.793, 126
Trd, 4318499.993, 61
Trd, 4318500.393, 119
Trd, 4318500.943, 118
Trd, 4318501.343, 82
Trd, 4318501.643, 81
Trd, 4318501.693, 89
Trd, 4318502.193, 62
Trd, 4318503.843, 60
Trd, 4318504.243, 60
Trd, 4318505.743, 60
Trd, 4318506.093, 60
Trd, 4318506.843, 60
Trd, 4318507.093, 60
Trd, 4318507.493, 62
Trd, 4318507.693, 110
Trd, 4318508.293, 74
Trd, 4318508.643, 103
Trd, 4318509.393, 121
Trd, 4318509.443, 130
Trd, 4318511.143, 62
Trd, 4318511.343, 109
Trd, 4318512.243, 140
Trd, 4318512.443, 139
Trd, 4318513.293, 104
Trd, 4318513.943, 140
Trd, 4318514.793, 140
Trd, 4318516.793, 140
Trd, 4318517.043, 140
Trd, 4318518.243, 140
Trd, 4318519.343, 140
Trd, 4318519.393, 140
Trd, 4318519.493, 140
Trd, 4318520.243, 140
Trd, 4318520.893, 140
Trd, 4318521.293, 140
Trd, 4318521.543, 137
Trd, 4318522.943, 62
Trd, 4318523.143, 63
Trd, 4318523.843, 69
Trd, 4318524.343, 76
Trd, 4318525.043, 138
Trd, 4318525.243, 113
Trd, 4318525.643, 85
Trd, 4318526.443, 65
Trd, 4318527.093, 63
Trd, 4318527.793, 69
Trd, 4318528.943, 62
Trd, 4318528.993, 132
Trd, 4318529.993, 61
Trd, 4318530.793, 70
Trd, 4318531.143, 63
Trd, 4318532.443, 62
Trd, 4318533.693, 64
Trd, 4318534.743, 66
Trd, 4318535.393, 61
Trd, 4318535.693, 67
Trd, 4318536.843, 60
Trd, 4318537.393, 61
Trd, 4318538.393, 60
Trd, 4318538.593, 66
Trd, 4318538.743, 134
Trd, 4318540.743, 140
Trd, 4318541.443, 140
Trd, 4318541.693, 139
Trd, 4318542.643, 137
Trd, 4318542.843, 114
Trd, 4318544.293, 60
Trd, 4318544.843, 60
Trd, 4318545.043, 60
Trd, 4318545.293, 72
Trd, 4318545.643, 63
Trd, 4318546.843, 73
Trd, 4318547.243, 140
Trd, 4318548.393, 61
Trd, 4318549.493, 140
Trd, 4318549.993, 140
Trd, 4318550.043, 140
Trd, 4318551.193, 72
Trd, 4318552.543, 74
Trd, 4318552.593, 75
Trd, 4318552.893, 69
Trd, 4318553.293, 107
Trd, 4318553.343, 74
Trd, 4318555.243, 129
Trd, 4318555.793, 126
Trd, 4318555.843, 98
Trd, 4318555.943, 80
Trd, 4318556.693, 132
Trd, 4318556.843, 134
Trd, 4318558.043, 140
Trd, 4318558.243, 126
Trd, 4318559.293, 136
Trd, 4318560.143, 69
Trd, 4318560.743, 140
Trd, 4318561.093, 69
Trd, 4318562.193, 124
Trd, 4318562.993, 140
Trd, 4318564.243, 140
Trd, 4318564.543, 138
Trd, 4318564.893, 137
Trd, 4318565.443, 99
Trd, 4318567.043, 140
Trd, 4318567.343, 140
Trd, 4318567.843, 138
Trd, 4318568.293, 140
Trd, 4318570.443, 140
Trd, 4318570.543, 140
Trd, 4318571.793, 61
Trd, 4318572.093, 73
Trd, 4318573.543, 140
Trd, 4318574.543, 140
Trd, 4318574.843, 140
Trd, 4318575.343, 140
Trd, 4318575.443, 80
Trd, 4318577.193, 140
Trd, 4318577.343, 140
Trd, 4318577.743, 137
Trd, 4318579.143, 129
Trd, 4318579.243, 114
Trd, 4318579.443, 112
Trd, 4318581.743, 84
Trd, 4318581.843, 76
Trd, 4318582.043, 75
Trd, 4318582.093, 97
Trd, 4318582.243, 100
Trd, 4318583.143, 64
Trd, 4318583.193, 104
Trd, 4318583.793, 121
Trd, 4318584.593, 122
Trd, 4318586.043, 140
Trd, 4318587.893, 140
Trd, 4318588.693, 140
Trd, 4318589.043, 140
Trd, 4318589.743, 140
Trd, 4318590.093, 82
Trd, 4318590.443, 133
Trd, 4318592.043, 137
Trd, 4318592.643, 103
Trd, 4318593.643, 139
Trd, 4318594.493, 137
Trd, 4318597.643, 140
Trd, 4318598.093, 140
Trd, 4318598.293, 139
Trd, 4318598.543, 139
Trd, 4318598.643, 137
Trd, 4318599.943, 140
Trd, 4318600.593, 126
Trd, 4318601.193, 139
Trd, 4318601.793, 82
Trd, 4318602.193, 81
Trd, 4318603.393, 138
Trd, 4318604.543, 60
Trd, 4318605.093, 60
Trd, 4318605.993, 60
Trd, 4318606.493, 60
Trd, 4318607.393, 60
Trd, 4318607.743, 60
Trd, 4318607.893, 65
Trd, 4318608.593, 62
Trd, 4318609.193, 61
Trd, 4318609.793, 62
Trd, 4318609.943, 60
Trd, 4318611.793, 62
Trd, 4318612.593, 60
Trd, 4318612.643, 60
Trd, 4318614.293, 60
Trd, 4318614.493, 60
Trd, 4318614.893, 84
Trd, 4318615.893, 73
Trd, 4318616.043, 118
Trd, 4318616.743, 65
Trd, 4318616.943, 66
Trd, 4318617.393, 68
Trd, 4318618.393, 140
Trd, 4318618.543, 140
Trd, 4318618.993, 73
Trd, 4318619.293, 140
Trd, 4318620.293, 138
Trd, 4318621.043, 76
Trd, 4318621.293, 101
Trd, 4318621.593, 71
Trd, 4318622.843, 139
Trd, 4318623.643, 139
Trd, 4318626.443, 140
Trd, 4318627.093, 140
Trd, 4318628.093, 140
Trd, 4318628.543, 140
Trd, 4318628.993, 140
Trd, 4318630.743, 140
Trd, 4318631.493, 140
Trd, 4318632.743, 140
Trd, 4318633.143, 140
Trd, 4318634.443, 139
Trd, 4318634.643, 140
Trd, 4318634.893, 139
Trd, 4318636.443, 120
Trd, 4318636.693, 76
Trd, 4318638.093, 136
Trd, 4318638.343, 138
Trd, 4318638.743, 139
Trd, 4318639.343, 102
Trd, 4318639.393, 94
Trd, 4318639.943, 140
Trd, 4318641.143, 135
Trd, 4318642.543, 140
Trd, 4318642.593, 140
Trd, 4318643.493, 136
Trd, 4318644.493, 133
Trd, 4318645.143, 102
Trd, 4318645.243, 117
Trd, 4318645.593, 63
Trd, 4318646.443, 130
Trd, 4318646.743, 62
Trd, 4318647.193, 64
Trd, 4318648.243, 130
Trd, 4318649.143, 140
Trd, 4318649.893, 140
Trd, 4318650.093, 139
Trd, 4318650.793, 140
Trd, 4318650.993, 140
Trd, 4318652.643, 132
Trd, 4318652.793, 122
Trd, 4318652.843, 134
Trd, 4318655.543, 84
Trd, 4318655.793, 101
Trd, 4318656.243, 61
Trd, 4318656.643, 63
Trd, 4318657.093, 64
Trd, 4318657.443, 103
Trd, 4318658.693, 67
Trd, 4318658.843, 60
Trd, 4318659.593, 60
Trd, 4318659.643, 63
Trd, 4318661.043, 71
Trd, 4318661.943, 110
Trd, 4318663.143, 62
Trd, 4318663.243, 63
Trd, 4318663.343, 73
Trd, 4318663.993, 140
Trd, 4318664.143, 139
Trd, 4318666.043, 140
Trd, 4318666.943, 140
Trd, 4318667.343, 85
Trd, 4318667.993, 135
Trd, 4318668.843, 140
Trd, 4318669.743, 111
Trd, 4318670.443, 138
Trd, 4318670.943, 132
Trd, 4318671.093, 110
Trd, 4318673.243, 140
Trd, 4318673.293, 140
Trd, 4318673.343, 140
Trd, 4318674.593, 140
Trd, 4318675.093, 140
Trd, 4318675.693, 124
Trd, 4318676.043, 139
Trd, 4318676.443, 118
Trd, 4318676.743, 79
Trd, 4318678.743, 109
Trd, 4318678.793, 138
Trd, 4318682.593, 140
Trd, 4318682.743, 140
Trd, 4318682.843, 139
Trd, 4318683.093, 137
Trd, 4318683.693, 132
Trd, 4318684.243, 140
Trd, 4318684.593, 139
Trd, 4318685.343, 140
Trd, 4318686.043, 116
Trd, 4318687.893, 140
Trd, 4318688.243, 140
Trd, 4318688.343, 140
Trd, 4318689.193, 113
Trd, 4318690.343, 90
Trd, 4318690.793, 140
Trd, 4318692.093, 70
Trd, 4318693.443, 140
Trd, 4318693.543, 140
Trd, 4318694.043, 140
Trd, 4318694.143, 140
Trd, 4318696.543, 140
Trd, 4318697.393, 138
Trd, 4318697.993, 138
Trd, 4318698.843, 116
Trd, 4318700.443, 121
Trd, 4318700.793, 132
Trd, 4318700.893, 136
Trd, 4318701.493, 139
Trd, 4318703.293, 140
Trd, 4318703.343, 140
Trd, 4318703.643, 140
Trd, 4318705.493, 140
Trd, 4318705.743, 140
Trd, 4318705.793, 139
Trd, 4318706.293, 106
Trd, 4318708.593, 140
Trd, 4318708.643, 140
Trd, 4318708.743, 140
Trd, 4318708.793, 140
Trd, 4318708.993, 139
Trd, 4318710.143, 132
Trd, 4318711.893, 140
Trd, 4318712.293, 139
Trd, 4318712.493, 139
Trd, 4318713.493, 136
Trd, 4318715.343, 140
Trd, 4318715.393, 130
Trd, 4318717.243, 138
Trd, 4318717.293, 136
Trd, 4318717.843, 140
Trd, 4318718.543, 136
Trd, 4318719.393, 100
Trd, 4318719.943, 140
Trd, 4318720.393, 92
Trd, 4318721.193, 81
Trd, 4318721.543, 91
Trd, 4318721.693, 92
Trd, 4318722.243, 63
Trd, 4318724.593, 140
Trd, 4318725.393, 140
Trd, 4318725.643, 139
Trd, 4318725.993, 140
Trd, 4318726.443, 139
Trd, 4318726.543, 127
Trd, 4318727.293, 137
Trd, 4318727.743, 67
Trd, 4318728.293, 140
Trd, 4318729.893, 60
Trd, 4318730.243, 139
Trd, 4318730.593, 138
Trd, 4318730.893, 140
Trd, 4318733.443, 140
Trd, 4318734.243, 140
Trd, 4318734.643, 140
Trd, 4318735.193, 139
Trd, 4318735.493, 114
Trd, 4318736.893, 140
Trd, 4318737.843, 140
Trd, 4318738.193, 140
Trd, 4318739.043, 139
Trd, 4318739.093, 109
Trd, 4318740.293, 140
Trd, 4318740.793, 139
Trd, 4318742.443, 140
Trd, 4318743.343, 140
Trd, 4318743.793, 140
Trd, 4318744.093, 137
Trd, 4318744.393, 115
Trd, 4318745.843, 95
Trd, 4318745.893, 96
Trd, 4318745.993, 91
Trd, 4318746.243, 99
Trd, 4318747.743, 140
Trd, 4318748.443, 102
Trd, 4318748.943, 69
Trd, 4318749.593, 79
Trd, 4318751.743, 140
Trd, 4318752.443, 140
Trd, 4318752.493, 140
Trd, 4318752.693, 140
Trd, 4318752.993, 140
Trd, 4318753.043, 105
Trd, 4318754.893, 71
Trd, 4318755.193, 72
Trd, 4318755.693, 75
Trd, 4318756.443, 60
Trd, 4318757.343, 140
Trd, 4318758.543, 103
Trd, 4318759.093, 92
Trd, 4318759.193, 102
Trd, 4318759.293, 91
Trd, 4318759.493, 140
Trd, 4318760.643, 140
Trd, 4318761.343, 139
Trd, 4318761.993, 121
Trd, 4318764.493, 140
Trd, 4318765.693, 140
Trd, 4318766.093, 140
Trd, 4318766.893, 140
Trd, 4318767.593, 140
Trd, 4318769.343, 139
Trd, 4318770.443, 119
Trd, 4318770.543, 116
Trd, 4318770.593, 114
Trd, 4318771.143, 78
Trd, 4318771.443, 108
Trd, 4318771.493, 109
Trd, 4318773.143, 64
Trd, 4318773.443, 65
Trd, 4318773.543, 70
Trd, 4318773.893, 72
Trd, 4318775.693, 67
Trd, 4318775.843, 70
Trd, 4318776.693, 81
Trd, 4318777.143, 114
Trd, 4318778.593, 117
Trd, 4318778.743, 69
Trd, 4318778.993, 117
Trd, 4318779.543, 130
Trd, 4318780.893, 140
Trd, 4318781.543, 140
Trd, 4318781.643, 139
Trd, 4318781.693, 106
Trd, 4318783.543, 140
Trd, 4318783.843, 140
Trd, 4318784.693, 140
Trd, 4318785.593, 140
Trd, 4318786.443, 101
Trd, 4318786.493, 81
Trd, 4318788.193, 140
Trd, 4318788.993, 140
Trd, 4318789.043, 140
Trd, 4318790.593, 140
Trd, 4318790.943, 139
Trd, 4318791.693, 123
Trd, 4318791.943, 87
Trd, 4318794.193, 140
Trd, 4318794.943, 140
Trd, 4318795.793, 140
Trd, 4318796.543, 140
Trd, 4318797.593, 140
Trd, 4318797.943, 140
Trd, 4318798.993, 140
Trd, 4318799.043, 137
Trd, 4318799.493, 119
Trd, 4318801.293, 138
Trd, 4318801.443, 136
Trd, 4318802.393, 137
Trd, 4318802.643, 107
Trd, 4318804.543, 140
Trd, 4318805.543, 130
Trd, 4318805.893, 113
Trd, 4318806.143, 113
Trd, 4318806.593, 140
Trd, 4318807.293, 81
Trd, 4318807.543, 134
Trd, 4318807.593, 136
Trd, 4318808.543, 107
Trd, 4318808.893, 82
Trd, 4318809.543, 138
Trd, 4318809.993, 140
Trd, 4318810.093, 106
Trd, 4318811.893, 140
Trd, 4318813.993, 140
Trd, 4318814.643, 140
Trd, 4318814.743, 139
Trd, 4318815.543, 139
Trd, 4318816.693, 136
Trd, 4318817.393, 127
Trd, 4318819.943, 140
Trd, 4318820.043, 139
Trd, 4318820.243, 61
Trd, 4318820.443, 67
Trd, 4318820.593, 139
Trd, 4318821.043, 62
Trd, 4318821.143, 63
Trd, 4318821.593, 70
Trd, 4318823.343, 65
Trd, 4318824.143, 61
Trd, 4318824.743, 64
Trd, 4318825.593, 64
Trd, 4318825.643, 65
Trd, 4318828.143, 140
Trd, 4318828.293, 140
Trd, 4318828.843, 139
Trd, 4318829.693, 139
Trd, 4318830.293, 138
Trd, 4318830.843, 120
Trd, 4318831.143, 102
Trd, 4318832.043, 140
Trd, 4318832.393, 60
Trd, 4318834.043, 112
Trd, 4318834.093, 94
Trd, 4318835.243, 90
Trd, 4318835.343, 89
Trd, 4318835.893, 90
Trd, 4318836.793, 78
Trd, 4318837.093, 83
Trd, 4318837.443, 76
Trd, 4318837.743, 119
Trd, 4318839.693, 140
Trd, 4318839.893, 91
Trd, 4318840.143, 102
Trd, 4318840.943, 140
Trd, 4318840.993, 134
Trd, 4318843.043, 140
Trd, 4318843.393, 140
Trd, 4318845.093, 140
Trd, 4318845.693, 137
Trd, 4318846.643, 140
Trd, 4318846.893, 134
Trd, 4318847.243, 113
Trd, 4318850.443, 140
Trd, 4318850.893, 140
Trd, 4318851.493, 140
Trd, 4318852.343, 140
Trd, 4318852.443, 140
Trd, 4318852.893, 79
Trd, 4318853.993, 75
Trd, 4318854.493, 60
Trd, 4318854.543, 137
Trd, 4318855.693, 63
Trd, 4318855.993, 64
Trd, 4318856.093, 66
Trd, 4318856.293, 116
Trd, 4318856.693, 107
Trd, 4318858.143, 138
Trd, 4318858.293, 121
Trd, 4318859.493, 108
Trd, 4318859.843, 103
Trd, 4318860.243, 77
Trd, 4318860.643, 76
Trd, 4318861.593, 68
Trd, 4318862.643, 72
Trd, 4318862.993, 74
Trd, 4318863.643, 60
Trd, 4318863.693, 60
Trd, 4318864.793, 60
Trd, 4318865.393, 60
Trd, 4318865.693, 64
Trd, 4318866.243, 62
Trd, 4318866.443, 84
Trd, 4318867.343, 62
Trd, 4318867.793, 64
Trd, 4318868.293, 65
Trd, 4318869.143, 74
Trd, 4318869.543, 87
Trd, 4318870.543, 63
Trd, 4318871.043, 123
Trd, 4318872.143, 77
Trd, 4318872.593, 125
Trd, 4318873.543, 83
Trd, 4318874.143, 68
Trd, 4318874.493, 67
Trd, 4318875.643, 140
Trd, 4318875.793, 140
Trd, 4318877.393, 140
Trd, 4318877.543, 140
Trd, 4318878.643, 140
Trd, 4318878.843, 138
Trd, 4318879.143, 110
Trd, 4318879.643, 132
Trd, 4318879.793, 65
Trd, 4318879.843, 135
Trd, 4318880.493, 104
Trd, 4318882.493, 140
Trd, 4318882.593, 138
Trd, 4318882.843, 134
Trd, 4318883.143, 131
Trd, 4318883.893, 130
Trd, 4318885.193, 140
Trd, 4318885.793, 139
Trd, 4318886.493, 64
Trd, 4318888.393, 138
Trd, 4318888.493, 122
Trd, 4318889.493, 139
Trd, 4318891.193, 121
Trd, 4318891.643, 114
Trd, 4318891.693, 106
Trd, 4318892.343, 61
Trd, 4318893.043, 128
Trd, 4318894.093, 63
Trd, 4318894.193, 70
Trd, 4318894.593, 61
Trd, 4318894.893, 130
Trd, 4318895.593, 140
Trd, 4318896.593, 140
Trd, 4318897.343, 60
Trd, 4318898.493, 76
Trd, 4318899.143, 64
Trd, 4318899.543, 77
Trd, 4318899.693, 102
Trd, 4318899.943, 67
Trd, 4318900.393, 60
Trd, 4318901.793, 63
Trd, 4318901.843, 64
Trd, 4318902.193, 73
Trd, 4318902.693, 72
Trd, 4318903.243, 72
Trd, 4318903.393, 87
Trd, 4318904.243, 105
Trd, 4318906.093, 120
Trd, 4318906.243, 137
Trd, 4318906.393, 95
Trd, 4318907.443, 84
Trd, 4318908.743, 104
Trd, 4318909.243, 97
Trd, 4318910.543, 62
Trd, 4318911.593, 60
Trd, 4318911.843, 61
Trd, 4318912.593, 140
Trd, 4318912.993, 140
Trd, 4318914.043, 140
Trd, 4318914.193, 140
Trd, 4318914.893, 119
Trd, 4318915.043, 71
Trd, 4318916.693, 140
Trd, 4318917.643, 113
Trd, 4318919.193, 140
Trd, 4318920.393, 140
Trd, 4318921.643, 140
Trd, 4318922.093, 140
Trd, 4318922.343, 138
Trd, 4318923.193, 122
Trd, 4318923.443, 124
Trd, 4318923.543, 137
Trd, 4318923.843, 121
Trd, 4318924.493, 116
Trd, 4318927.543, 140
Trd, 4318928.393, 140
Trd, 4318928.493, 138
Trd, 4318928.593, 138
Trd, 4318929.643, 131
Trd, 4318929.993, 110
Trd, 4318930.593, 130
Trd, 4318930.643, 132
Trd, 4318931.443, 140
Trd, 4318932.293, 103
Trd, 4318932.543, 125
Trd, 4318933.343, 138
Trd, 4318934.293, 62
Trd, 4318934.493, 91
Trd, 4318937.293, 140
Trd, 4318938.193, 140
Trd, 4318938.693, 139
Trd, 4318938.943, 138
Trd, 4318939.193, 137
Trd, 4318939.943, 87
Trd, 4318940.343, 87
Trd, 4318940.743, 80
Trd, 4318941.693, 66
Trd, 4318942.093, 96
Trd, 4318942.593, 117
Trd, 4318943.843, 140
Trd, 4318944.043, 134
Trd, 4318944.893, 134
Trd, 4318945.093, 102
Trd, 4318945.193, 137
Trd, 4318946.893, 106
Trd, 4318947.543, 133
Trd, 4318948.043, 60
Trd, 4318948.593, 65
Trd, 4318949.293, 131
Trd, 4318950.043, 124
Trd, 4318950.193, 131
Trd, 4318951.293, 140
Trd, 4318951.393, 140
Trd, 4318952.893, 140
Trd, 4318953.043, 80
Trd, 4318953.643, 80
Trd, 4318954.093, 91
Trd, 4318954.793, 114
Trd, 4318955.143, 114
Trd, 4318955.193, 115
Trd, 4318955.943, 138
Trd, 4318957.743, 140
Trd, 4318959.143, 140
Trd, 4318959.743, 140
Trd, 4318960.093, 140
Trd, 4318960.193, 136
Trd, 4318960.893, 136
Trd, 4318962.043, 140
Trd, 4318962.293, 135
Trd, 4318963.393, 128
Trd, 4318963.993, 137
Trd, 4318964.393, 132
Trd, 4318965.593, 140
Trd, 4318967.693, 140
Trd, 4318968.043, 140
Trd, 4318969.143, 118
Trd, 4318969.493, 89
Trd, 4318969.743, 135
Trd, 4318970.343, 81
Trd, 4318970.943, 63
Trd, 4318971.293, 87
Trd, 4318972.243, 62
Trd, 4318972.693, 118
Trd, 4318973.043, 119
Trd, 4318973.493, 140
Trd, 4318973.693, 140
Trd, 4318974.543, 113
Trd, 4318974.693, 91
Trd, 4318976.443, 132
Trd, 4318976.743, 102
Trd, 4318977.893, 140
Trd, 4318978.293, 140
Trd, 4318979.343, 140
Trd, 4318979.543, 140
Trd, 4318980.743, 135
Trd, 4318981.693, 138
Trd, 4318982.643, 75
Trd, 4318984.143, 140
Trd, 4318986.043, 140
Trd, 4318986.743, 140
Trd, 4318986.843, 139
Trd, 4318987.443, 140
Trd, 4318989.493, 140
Trd, 4318990.043, 139
Trd, 4318990.243, 140
Trd, 4318990.943, 140
Trd, 4318991.043, 140
Trd, 4318991.993, 114
Trd, 4318992.393, 135
Trd, 4318993.243, 108
Trd, 4318994.293, 139
Trd, 4318995.093, 71
Trd, 4318996.293, 139
Trd, 4318998.193, 140
Trd, 4318999.493, 140
Trd, 4318999.793, 140
Trd, 4319000.243, 140
Trd, 4319000.893, 137
Trd, 4319001.493, 140
Trd, 4319002.193, 139
Trd, 4319003.093, 136
Trd, 4319004.543, 140
Trd, 4319004.693, 136
Trd, 4319005.243, 116
Trd, 4319007.043, 136
Trd, 4319007.193, 116
Trd, 4319008.343, 102
Trd, 4319009.343, 140
Trd, 4319010.493, 139
Trd, 4319011.043, 140
Trd, 4319012.043, 140
Trd, 4319012.643, 140
Trd, 4319013.193, 137
Trd, 4319013.493, 136
Trd, 4319013.693, 128
Trd, 4319015.793, 140
Trd, 4319016.593, 140
Trd, 4319017.343, 140
Trd, 4319019.043, 140
Trd, 4319019.593, 140
Trd, 4319019.793, 140
Trd, 4319020.043, 140
Trd, 4319020.893, 140
Trd, 4319021.393, 139
Trd, 4319021.493, 69
Trd, 4319021.893, 62
Trd, 4319022.193, 118
Trd, 4319023.193, 140
Trd, 4319023.243, 139
Trd, 4319023.343, 129
Trd, 4319023.943, 89
Trd, 4319026.443, 136
Trd, 4319027.943, 140
Trd, 4319028.643, 140
Trd, 4319028.843, 137
Trd, 4319029.243, 116
Trd, 4319030.843, 139
Trd, 4319032.043, 63
Trd, 4319032.593, 92
Trd, 4319034.343, 60
Trd, 4319034.593, 62
Trd, 4319034.743, 64
Trd, 4319034.843, 80
Trd, 4319035.743, 140
Trd, 4319036.543, 138
Trd, 4319037.493, 140
Trd, 4319038.293, 140
Trd, 4319038.643, 138
Trd, 4319038.693, 135
Trd, 4319040.093, 140
Trd, 4319040.893, 140
Trd, 4319041.643, 140
Trd, 4319042.843, 140
Trd, 4319042.893, 140
Trd, 4319045.093, 140
Trd, 4319045.843, 140
Trd, 4319046.493, 140
Trd, 4319047.793, 140
Trd, 4319048.443, 140
Trd, 4319048.493, 107
Trd, 4319049.743, 140
Trd, 4319049.893, 93
Trd, 4319051.943, 140
Trd, 4319052.693, 140
Trd, 4319052.993, 140
Trd, 4319054.993, 140
Trd, 4319055.243, 140
Trd, 4319055.843, 140
Trd, 4319056.093, 140
Trd, 4319057.493, 140
Trd, 4319057.643, 139
Trd, 4319058.143, 138
Trd, 4319059.043, 137
Trd, 4319059.843, 134
Trd, 4319059.993, 133
Trd, 4319061.893, 134
Trd, 4319062.143, 113
Trd, 4319064.293, 140
Trd, 4319064.943, 129
Trd, 4319066.193, 140
Trd, 4319067.043, 140
Trd, 4319067.093, 135
Trd, 4319067.343, 140
Trd, 4319067.693, 140
Trd, 4319067.893, 90
Trd, 4319068.243, 114
Trd, 4319068.893, 134
Trd, 4319069.493, 115
Trd, 4319070.693, 111
Trd, 4319070.793, 81
Trd, 4319071.043, 140
Trd, 4319072.443, 62
Trd, 4319072.693, 62
Trd, 4319073.843, 118
Trd, 4319074.693, 138
Trd, 4319074.943, 77
Trd, 4319076.643, 140
Trd, 4319076.743, 140
Trd, 4319077.693, 140
Trd, 4319078.393, 140
Trd, 4319078.593, 138
Trd, 4319079.243, 136
Trd, 4319079.643, 120
Trd, 4319080.293, 137
Trd, 4319081.093, 77
Trd, 4319081.993, 87
Trd, 4319082.293, 67
Trd, 4319082.543, 88
Trd, 4319082.993, 85
Trd, 4319083.493, 122
Trd, 4319084.093, 112
Trd, 4319084.693, 105
Trd, 4319085.493, 106
Trd, 4319086.143, 84
Trd, 4319087.393, 65
Trd, 4319087.643, 102
Trd, 4319088.293, 72
Trd, 4319089.193, 140
Trd, 4319090.093, 140
Trd, 4319090.493, 140
Trd, 4319091.943, 140
Trd, 4319092.293, 140
Trd, 4319093.093, 140
Trd, 4319093.293, 76
Trd, 4319093.843, 66
Trd, 4319094.143, 63
Trd, 4319094.593, 97
Trd, 4319095.693, 140
Trd, 4319096.193, 84
Trd, 4319096.593, 61
Trd, 4319098.743, 125
Trd, 4319098.943, 107
Trd, 4319099.093, 105
Trd, 4319100.243, 140
Trd, 4319103.243, 139
Trd, 4319103.293, 138
Trd, 4319103.993, 116
Trd, 4319104.343, 117
Trd, 4319105.793, 140
Trd, 4319107.643, 140
Trd, 4319107.943, 140
Trd, 4319108.043, 139
Trd, 4319108.193, 137
Trd, 4319108.743, 73
Trd, 4319108.993, 77
Trd, 4319109.843, 72
Trd, 4319110.943, 76
Trd, 4319111.693, 65
Trd, 4319111.893, 119
Trd, 4319112.343, 140
Trd, 4319113.143, 140
Trd, 4319114.043, 140
Trd, 4319114.443, 140
Trd, 4319116.143, 140
Trd, 4319116.293, 138
Trd, 4319116.393, 137
Trd, 4319117.743, 91
Trd, 4319117.843, 71
Trd, 4319118.193, 136
Trd, 4319118.643, 88
Trd, 4319119.643, 135
Trd, 4319119.893, 93
Trd, 4319120.643, 60
Trd, 4319120.743, 60
Trd, 4319121.393, 62
Trd, 4319121.943, 66
Trd, 4319122.393, 138
Trd, 4319123.343, 72
Trd, 4319123.743, 63
Trd, 4319124.793, 140
Trd, 4319125.443, 140
Trd, 4319126.293, 139
Trd, 4319126.343, 138
Trd, 4319127.543, 140
Trd, 4319128.843, 140
Trd, 4319129.693, 140
Trd, 4319129.943, 134
Trd, 4319129.993, 140
Trd, 4319131.393, 132
Trd, 4319131.443, 131
Trd, 4319131.893, 134
Trd, 4319132.193, 66
Trd, 4319132.243, 69
Trd, 4319133.943, 75
Trd, 4319134.243, 94
Trd, 4319134.893, 65
Trd, 4319135.593, 139
Trd, 4319136.743, 140
Trd, 4319138.993, 140
Trd, 4319139.343, 140
Trd, 4319139.743, 118
Trd, 4319140.793, 140
Trd, 4319142.493, 140
Trd, 4319142.893, 140
Trd, 4319143.043, 140
Trd, 4319143.143, 137
Trd, 4319144.093, 136
Trd, 4319144.243, 74
Trd, 4319144.843, 126
Trd, 4319145.593, 93
Trd, 4319146.443, 64
Trd, 4319146.593, 65
Trd, 4319147.193, 65
Trd, 4319147.943, 138
Trd, 4319148.243, 137
Trd, 4319148.843, 75
Trd, 4319149.043, 103
Trd, 4319151.543, 110
Trd, 4319151.943, 128
Trd, 4319152.593, 132
Trd, 4319153.193, 140
Trd, 4319153.693, 140
Trd, 4319155.543, 140
Trd, 4319156.093, 140
Trd, 4319156.293, 140
Trd, 4319156.743, 140
Trd, 4319158.043, 136
Trd, 4319158.093, 131
Trd, 4319158.793, 131
Trd, 4319159.893, 133
Trd, 4319160.143, 134
Trd, 4319160.643, 122
Trd, 4319160.843, 140
Trd, 4319161.343, 140
Trd, 4319161.593, 105
Trd, 4319162.743, 140
Trd, 4319163.293, 140
Trd, 4319164.243, 140
Trd, 4319164.393, 135
Trd, 4319165.393, 132
Trd, 4319165.993, 140
Trd, 4319167.393, 140
Trd, 4319168.643, 140
Trd, 4319169.693, 110
Trd, 4319169.793, 110
Trd, 4319170.443, 125
Trd, 4319171.193, 140
Trd, 4319171.293, 140
Trd, 4319171.793, 140
Trd, 4319172.493, 138
Trd, 4319173.843, 134
Trd, 4319174.093, 139
Trd, 4319174.643, 115
Trd, 4319174.743, 114
Trd, 4319175.843, 138
Trd, 4319176.193, 140
Trd, 4319176.543, 130
Trd, 4319178.293, 140
Trd, 4319179.143, 140
Trd, 4319179.893, 140
Trd, 4319179.993, 140
Trd, 4319180.843, 139
Trd, 4319181.593, 62
Trd, 4319182.543, 101
Trd, 4319183.493, 140
Trd, 4319184.343, 140
Trd, 4319186.043, 140
Trd, 4319187.443, 140
Trd, 4319187.593, 140
Trd, 4319188.693, 140
Trd, 4319188.843, 140
Trd, 4319189.843, 140
Trd, 4319191.943, 140
Trd, 4319192.143, 140
Trd, 4319192.243, 139
Trd, 4319192.443, 137
Trd, 4319192.893, 111
Trd, 4319194.793, 139
Trd, 4319195.693, 140
Trd, 4319196.743, 140
Trd, 4319197.293, 140
Trd, 4319198.343, 140
Trd, 4319198.543, 113
Trd, 4319200.093, 140
Trd, 4319202.193, 140
Trd, 4319202.993, 138
Trd, 4319204.193, 140
Trd, 4319204.593, 140
Trd, 4319205.043, 140
Trd, 4319205.593, 139
Trd, 4319205.743, 137
Trd, 4319206.893, 140
Trd, 4319206.943, 140
Trd, 4319207.143, 122
Trd, 4319208.043, 139
Trd, 4319208.143, 140
Trd, 4319208.543, 140
Trd, 4319209.493, 83
Trd, 4319209.943, 94
Trd, 4319211.093, 139
Trd, 4319211.293, 77
Trd, 4319212.643, 100
Trd, 4319212.793, 79
Trd, 4319213.743, 139
Trd, 4319214.043, 74
Trd, 4319214.743, 137
Trd, 4319217.093, 140
Trd, 4319217.643, 140
Trd, 4319217.743, 140
Trd, 4319219.243, 140
Trd, 4319220.493, 140
Trd, 4319220.593, 140
Trd, 4319221.543, 140
Trd, 4319221.693, 136
Trd, 4319222.243, 140
Trd, 4319223.093, 123
Trd, 4319223.193, 96
Trd, 4319223.793, 137
Trd, 4319224.643, 133
Trd, 4319225.793, 133
Trd, 4319225.993, 132
Trd, 4319226.093, 128
Trd, 4319226.443, 139
Trd, 4319226.543, 107
Trd, 4319227.543, 140
Trd, 4319228.093, 140
Trd, 4319230.143, 140
Trd, 4319230.843, 140
Trd, 4319231.543, 140
Trd, 4319233.993, 140
Trd, 4319234.043, 137
Trd, 4319234.193, 114
Trd, 4319235.493, 139
Trd, 4319237.193, 140
Trd, 4319237.243, 139
Trd, 4319238.193, 140
Trd, 4319238.743, 137
Trd, 4319239.893, 140
Trd, 4319241.943, 140
Trd, 4319243.343, 140
Trd, 4319243.443, 140
Trd, 4319243.793, 140
Trd, 4319244.743, 139
Trd, 4319244.843, 135
Trd, 4319245.343, 137
Trd, 4319245.593, 140
Trd, 4319246.893, 127
Trd, 4319247.793, 129
Trd, 4319249.293, 139
Trd, 4319249.543, 139
Trd, 4319250.343, 140
Trd, 4319250.393, 137
Trd, 4319250.693, 91
Trd, 4319251.643, 60
Trd, 4319251.893, 60
Trd, 4319253.043, 60
Trd, 4319253.193, 63
Trd, 4319253.893, 61
Trd, 4319254.443, 61
Trd, 4319255.943, 60
Trd, 4319256.043, 60
Trd, 4319256.543, 63
Trd, 4319256.743, 64
Trd, 4319258.443, 66
Trd, 4319259.643, 68
Trd, 4319260.593, 66
Trd, 4319260.993, 63
Trd, 4319261.043, 67
Trd, 4319262.043, 65
Trd, 4319262.593, 76
Trd, 4319263.543, 65
Trd, 4319264.193, 69
Trd, 4319264.393, 95
Trd, 4319265.993, 60
Trd, 4319266.093, 61
Trd, 4319266.443, 69
Trd, 4319267.293, 62
Trd, 4319267.593, 92
Trd, 4319268.543, 60
Trd, 4319268.643, 60
Trd, 4319270.293, 60
Trd, 4319270.993, 60
Trd, 4319271.193, 62
Trd, 4319271.343, 65
Trd, 4319272.393, 60
Trd, 4319273.393, 70
Trd, 4319274.593, 61
Trd, 4319275.593, 62
Trd, 4319275.743, 63
Trd, 4319278.293, 60
Trd, 4319278.343, 62
Trd, 4319278.793, 62
Trd, 4319279.243, 62
Trd, 4319279.493, 60
Trd, 4319280.643, 139
Trd, 4319281.693, 140
Trd, 4319282.743, 140
Trd, 4319284.493, 140
Trd, 4319285.643, 139
Trd, 4319286.093, 140
Trd, 4319286.393, 140
Trd, 4319286.443, 101
Trd, 4319287.393, 140
Trd, 4319287.543, 139
Trd, 4319288.643, 136
Trd, 4319291.043, 140
Trd, 4319291.993, 140
Trd, 4319292.943, 140
Trd, 4319293.543, 140
Trd, 4319294.193, 140
Trd, 4319295.393, 140
Trd, 4319296.443, 140
Trd, 4319296.843, 140
Trd, 4319297.543, 140
Trd, 4319297.693, 140
Trd, 4319298.493, 140
Trd, 4319299.543, 140
Trd, 4319300.043, 140
Trd, 4319301.193, 140
Trd, 4319301.643, 140
Trd, 4319302.143, 94
Trd, 4319303.493, 95
Trd, 4319303.693, 68
Trd, 4319305.543, 139
Trd, 4319305.943, 67
Trd, 4319306.343, 139
Trd, 4319306.843, 140
Trd, 4319307.093, 125
Trd, 4319307.393, 140
Trd, 4319307.593, 140
Trd, 4319309.943, 140
Trd, 4319310.943, 140
Trd, 4319311.243, 140
Trd, 4319311.793, 139
Trd, 4319312.043, 138
Trd, 4319313.393, 102
Trd, 4319314.543, 140
Trd, 4319317.393, 140
Trd, 4319317.643, 140
Trd, 4319317.793, 140
Trd, 4319318.193, 139
Trd, 4319319.293, 140
Trd, 4319320.143, 140
Trd, 4319320.493, 137
Trd, 4319320.693, 135
Trd, 4319321.243, 81
Trd, 4319323.643, 139
Trd, 4319324.193, 138
Trd, 4319324.493, 137
Trd, 4319324.743, 106
Trd, 4319325.743, 103
Trd, 4319326.043, 134
Trd, 4319327.493, 133
Trd, 4319327.943, 99
Trd, 4319328.143, 72
Trd, 4319328.543, 61
Trd, 4319328.693, 62
Trd, 4319330.593, 62
Trd, 4319330.843, 88
Trd, 4319331.243, 60
Trd, 4319331.543, 140
Trd, 4319332.243, 140
Trd, 4319333.143, 140
Trd, 4319333.343, 140
Trd, 4319333.893, 140
Trd, 4319334.193, 139
Trd, 4319334.693, 138
Trd, 4319336.243, 140
Trd, 4319336.643, 140
Trd, 4319337.043, 85
Trd, 4319340.343, 140
Trd, 4319340.793, 140
Trd, 4319341.393, 140
Trd, 4319343.643, 140
Trd, 4319343.743, 140
Trd, 4319344.293, 100
Trd, 4319344.693, 136
Trd, 4319345.893, 131
Trd, 4319347.093, 114
Trd, 4319347.193, 129
Trd, 4319347.243, 88
Trd, 4319347.993, 132
Trd, 4319349.093, 140
Trd, 4319350.093, 139
Trd, 4319351.543, 140
Trd, 4319352.293, 140
Trd, 4319353.293, 140
Trd, 4319354.043, 140
Trd, 4319354.193, 140
Trd, 4319354.993, 140
Trd, 4319355.293, 134
Trd, 4319356.393, 139
Trd, 4319357.693, 140
Trd, 4319358.843, 108
Trd, 4319359.143, 137
Trd, 4319359.743, 97
Trd, 4319360.593, 81
Trd, 4319361.293, 75
Trd, 4319361.793, 69
Trd, 4319362.343, 138
Trd, 4319362.593, 134
Trd, 4319363.143, 139
Trd, 4319364.043, 140
Trd, 4319364.843, 140
Trd, 4319364.993, 137
Trd, 4319366.493, 140
Trd, 4319367.693, 61
Trd, 4319367.843, 62
Trd, 4319368.043, 65
Trd, 4319368.343, 132
Trd, 4319369.443, 140
Trd, 4319369.543, 114
Trd, 4319371.243, 140
Trd, 4319371.743, 140
Trd, 4319371.793, 140
Trd, 4319373.343, 140
Trd, 4319374.243, 140
Trd, 4319374.843, 140
Trd, 4319376.593, 140
Trd, 4319378.143, 140
Trd, 4319378.293, 139
Trd, 4319379.043, 139
Trd, 4319379.993, 140
Trd, 4319380.543, 140
Trd, 4319382.943, 140
Trd, 4319383.393, 139
Trd, 4319384.343, 140
Trd, 4319385.493, 140
Trd, 4319386.293, 138
Trd, 4319386.993, 114
Trd, 4319387.043, 122
Trd, 4319387.243, 108
Trd, 4319387.793, 71
Trd, 4319388.193, 127
Trd, 4319389.043, 96
Trd, 4319389.343, 124
Trd, 4319389.943, 139
Trd, 4319391.443, 140
Trd, 4319393.043, 139
Trd, 4319393.593, 140
Trd, 4319394.643, 140
Trd, 4319396.843, 140
Trd, 4319397.243, 140
Trd, 4319398.243, 140
Trd, 4319400.193, 140
Trd, 4319400.943, 140
Trd, 4319401.343, 140
Trd, 4319402.093, 140
Trd, 4319402.943, 140
Trd, 4319403.043, 139
Trd, 4319404.093, 64
Trd, 4319404.493, 64
Trd, 4319404.843, 65
Trd, 4319405.193, 136
Trd, 4319405.693, 88
Trd, 4319406.643, 139
Trd, 4319407.543, 60
Trd, 4319408.043, 60
Trd, 4319408.293, 60
Trd, 4319408.893, 60
Trd, 4319409.493, 60
Trd, 4319409.943, 68
Trd, 4319411.243, 60
Trd, 4319411.593, 66
Trd, 4319412.093, 66
Trd, 4319412.543, 64
Trd, 4319413.293, 67
Trd, 4319413.793, 68
Trd, 4319414.543, 61
Trd, 4319414.843, 68
Trd, 4319415.343, 89
Trd, 4319415.943, 140
Trd, 4319416.643, 140
Trd, 4319417.943, 113
Trd, 4319419.743, 140
Trd, 4319420.443, 139
Trd, 4319422.343, 140
Trd, 4319422.543, 130
Trd, 4319423.043, 140
Trd, 4319423.443, 140
Trd, 4319423.493, 93
Trd, 4319425.193, 86
Trd, 4319425.943, 86
Trd, 4319425.993, 139
Trd, 4319426.393, 84
Trd, 4319427.243, 117
Trd, 4319427.443, 62
Trd, 4319427.793, 136
Trd, 4319428.093, 140
Trd, 4319428.343, 105
Trd, 4319429.343, 60
Trd, 4319430.143, 78
Trd, 4319431.443, 132
Trd, 4319431.893, 118
Trd, 4319432.143, 136
Trd, 4319432.493, 85
Trd, 4319432.943, 85
Trd, 4319433.093, 100
Trd, 4319433.343, 76
Trd, 4319433.443, 101
Trd, 4319434.443, 109
Trd, 4319434.793, 111
Trd, 4319436.443, 78
Trd, 4319436.493, 79
Trd, 4319436.793, 121
Trd, 4319438.643, 138
Trd, 4319438.693, 119
Trd, 4319440.243, 82
Trd, 4319441.393, 140
Trd, 4319441.993, 136
Trd, 4319443.043, 140
Trd, 4319444.493, 139
Trd, 4319445.693, 140
Trd, 4319445.943, 138
Trd, 4319447.293, 140
Trd, 4319448.993, 140
Trd, 4319449.293, 138
Trd, 4319450.293, 140
Trd, 4319451.343, 140
Trd, 4319452.143, 140
Trd, 4319452.743, 139
Trd, 4319453.493, 140
Trd, 4319453.593, 81
Trd, 4319454.443, 113
Trd, 4319454.993, 139
Trd, 4319455.043, 140
Trd, 4319455.693, 140
Trd, 4319457.093, 117
Trd, 4319458.293, 121
Trd, 4319459.493, 140
Trd, 4319459.793, 138
Trd, 4319459.843, 120
Trd, 4319460.193, 111
Trd, 4319461.043, 78
Trd, 4319461.993, 81
Trd, 4319462.343, 105
Trd, 4319463.493, 60
Trd, 4319463.743, 60
Trd, 4319463.793, 61
Trd, 4319464.193, 61
Trd, 4319465.593, 68
Trd, 4319467.043, 68
Trd, 4319467.343, 86
Trd, 4319467.393, 103
Trd, 4319467.793, 140
Trd, 4319469.143, 137
Trd, 4319469.293, 124
Trd, 4319470.593, 140
Trd, 4319470.843, 139
Trd, 4319471.393, 140
Trd, 4319471.643, 69
Trd, 4319473.043, 139
Trd, 4319475.043, 140
Trd, 4319475.293, 140
Trd, 4319476.143, 137
Trd, 4319477.043, 138
Trd, 4319477.743, 140
Trd, 4319477.843, 77
Trd, 4319478.893, 140
Trd, 4319479.043, 135
Trd, 4319479.743, 139
Trd, 4319481.043, 121
Trd, 4319481.093, 120
Trd, 4319481.643, 134
Trd, 4319482.143, 72
Trd, 4319482.743, 112
Trd, 4319484.293, 115
Trd, 4319484.843, 136
Trd, 4319485.593, 85
Trd, 4319485.693, 84
Trd, 4319485.843, 73
Trd, 4319485.893, 70
Trd, 4319486.693, 70
Trd, 4319486.793, 85
Trd, 4319487.793, 93
Trd, 4319488.543, 112
Trd, 4319490.143, 140
Trd, 4319490.693, 140
Trd, 4319490.793, 139
Trd, 4319492.893, 140
Trd, 4319493.293, 68
Trd, 4319493.593, 62
Trd, 4319494.743, 139
Trd, 4319498.043, 140
Trd, 4319498.993, 140
Trd, 4319499.643, 140
Trd, 4319500.243, 140
Trd, 4319500.343, 140
Trd, 4319500.493, 140
Trd, 4319501.443, 139
Trd, 4319501.843, 140
Trd, 4319502.593, 138
Trd, 4319502.643, 118
Trd, 4319503.043, 103
Trd, 4319503.243, 88
Trd, 4319504.043, 134
Trd, 4319505.293, 134
Trd, 4319505.843, 132
Trd, 4319506.243, 125
Trd, 4319508.193, 140
Trd, 4319508.993, 140
Trd, 4319509.393, 140
Trd, 4319510.643, 140
Trd, 4319511.293, 140
Trd, 4319511.393, 140
Trd, 4319511.943, 140
Trd, 4319513.143, 138
Trd, 4319513.393, 140
Trd, 4319513.793, 139
Trd, 4319514.043, 113
Trd, 4319515.143, 113
Trd, 4319515.893, 140
Trd, 4319516.993, 140
Trd, 4319517.043, 140
Trd, 4319518.393, 127
Trd, 4319518.993, 113
Trd, 4319519.143, 112
Trd, 4319519.593, 127
Trd, 4319520.293, 112
Trd, 4319520.793, 127
Trd, 4319521.093, 139
Trd, 4319522.293, 112
Trd, 4319523.343, 140
Trd, 4319523.593, 140
Trd, 4319524.643, 139
Trd, 4319525.143, 109
Trd, 4319525.743, 136
Trd, 4319528.443, 140
Trd, 4319528.493, 140
Trd, 4319529.093, 140
Trd, 4319530.193, 140
Trd, 4319530.693, 138
Trd, 4319532.343, 134
Trd, 4319533.643, 133
Trd, 4319534.193, 131
Trd, 4319534.793, 140
Trd, 4319535.193, 139
Trd, 4319535.243, 92
Trd, 4319536.193, 111
Trd, 4319538.143, 140
Trd, 4319538.643, 140
Trd, 4319538.793, 140
Trd, 4319539.993, 140
Trd, 4319540.143, 138
Trd, 4319540.193, 138
Trd, 4319540.543, 113
Trd, 4319540.993, 112
Trd, 4319542.493, 112
Trd, 4319543.093, 77
Trd, 4319544.443, 76
Trd, 4319544.893, 105
Trd, 4319545.093, 86
Trd, 4319545.543, 140
Trd, 4319546.743, 99
Trd, 4319546.993, 85
Trd, 4319547.693, 140
Trd, 4319549.243, 140
Trd, 4319549.643, 140
Trd, 4319549.843, 140
Trd, 4319550.593, 140
Trd, 4319551.193, 138
Trd, 4319552.393, 85
Trd, 4319552.743, 71
Trd, 4319553.043, 72
Trd, 4319554.243, 99
Trd, 4319554.343, 92
Trd, 4319554.893, 66
Trd, 4319555.043, 81
Trd, 4319558.393, 140
Trd, 4319558.443, 140
Trd, 4319559.993, 140
Trd, 4319560.693, 139
Trd, 4319560.943, 138
Trd, 4319562.943, 140
Trd, 4319563.443, 140
Trd, 4319564.093, 140
Trd, 4319564.193, 140
Trd, 4319566.343, 140
Trd, 4319566.443, 139
Trd, 4319566.743, 138
Trd, 4319566.993, 132
Trd, 4319567.393, 139
Trd, 4319568.893, 140
Trd, 4319569.393, 60
Trd, 4319570.343, 62
Trd, 4319570.743, 60
Trd, 4319570.943, 60
Trd, 4319571.043, 74
Trd, 4319572.593, 69
Trd, 4319572.693, 117
Trd, 4319573.293, 140
Trd, 4319574.693, 140
Trd, 4319575.643, 140
Trd, 4319576.143, 139
Trd, 4319576.993, 140
Trd, 4319579.693, 140
Trd, 4319580.093, 140
Trd, 4319580.493, 127
Trd, 4319581.643, 100
Trd, 4319582.193, 120
Trd, 4319582.343, 116
Trd, 4319582.393, 138
Trd, 4319583.043, 66
Trd, 4319583.243, 67
Trd, 4319584.193, 91
Trd, 4319584.693, 89
Trd, 4319587.143, 140
Trd, 4319587.243, 140
Trd, 4319587.843, 140
Trd, 4319588.293, 140
Trd, 4319588.343, 140
Trd, 4319589.943, 60
Trd, 4319590.993, 60
Trd, 4319591.043, 60
Trd, 4319591.193, 66
Trd, 4319591.793, 100
Trd, 4319593.193, 93
Trd, 4319593.643, 94
Trd, 4319593.693, 86
Trd, 4319594.143, 85
Trd, 4319594.693, 140
Trd, 4319596.043, 140
Trd, 4319597.443, 140
Trd, 4319597.793, 140
Trd, 4319598.243, 138
Trd, 4319598.793, 62
Trd, 4319599.093, 61
Trd, 4319599.493, 64
Trd, 4319599.893, 73
Trd, 4319600.993, 96
Trd, 4319601.143, 98
Trd, 4319601.543, 79
Trd, 4319602.143, 61
Trd, 4319602.343, 63
Trd, 4319602.893, 140
Trd, 4319603.643, 140
Trd, 4319604.993, 60
Trd, 4319605.143, 61
Trd, 4319605.693, 69
Trd, 4319608.043, 83
Trd, 4319609.293, 82
Trd, 4319609.593, 90
Trd, 4319609.793, 77
Trd, 4319610.393, 62
Trd, 4319612.693, 140
Trd, 4319613.793, 112
Trd, 4319614.043, 140
Trd, 4319614.593, 78
Trd, 4319615.993, 119
Trd, 4319617.293, 140
Trd, 4319617.393, 136
Trd, 4319617.843, 139
Trd, 4319617.993, 137
Trd, 4319620.043, 109
Trd, 4319621.093, 93
Trd, 4319621.443, 92
Trd, 4319622.193, 140
Trd, 4319623.743, 140
Trd, 4319624.093, 140
Trd, 4319624.493, 140
Trd, 4319624.693, 115
Trd, 4319625.043, 90
Trd, 4319625.543, 119
Trd, 4319626.593, 128
Trd, 4319627.193, 140
Trd, 4319627.543, 140
Trd, 4319628.843, 140
Trd, 4319628.993, 140
Trd, 4319629.493, 139
Trd, 4319631.093, 60
Trd, 4319631.193, 60
Trd, 4319632.443, 60
Trd, 4319632.793, 61
Trd, 4319633.093, 60
Trd, 4319634.143, 63
Trd, 4319634.443, 64
Trd, 4319634.743, 64
Trd, 4319635.343, 140
Trd, 4319636.743, 140
Trd, 4319637.293, 139
Trd, 4319638.393, 140
Trd, 4319639.293, 140
Trd, 4319639.493, 140
Trd, 4319640.593, 136
Trd, 4319641.143, 136
Trd, 4319642.243, 140
Trd, 4319644.243, 140
Trd, 4319644.793, 140
Trd, 4319645.893, 140
Trd, 4319645.943, 140
Trd, 4319646.293, 138
Trd, 4319647.193, 83
Trd, 4319647.443, 138
Trd, 4319648.843, 97
Trd, 4319649.593, 135
Trd, 4319649.743, 137
Trd, 4319650.243, 82
Trd, 4319651.043, 139
Trd, 4319652.493, 140
Trd, 4319654.043, 140
Trd, 4319654.743, 140
Trd, 4319655.293, 140
Trd, 4319656.643, 140
Trd, 4319657.293, 140
Trd, 4319658.043, 139
Trd, 4319658.693, 139
Trd, 4319659.393, 140
Trd, 4319659.793, 138
Trd, 4319660.243, 100
Trd, 4319661.793, 140
Trd, 4319662.493, 140
Trd, 4319662.643, 140
Trd, 4319663.943, 140
Trd, 4319664.343, 140
Trd, 4319665.193, 139
Trd, 4319666.843, 140
Trd, 4319667.993, 139
Trd, 4319668.293, 117
Trd, 4319668.893, 121
Trd, 4319669.343, 119
Trd, 4319669.693, 140
Trd, 4319670.593, 140
Trd, 4319672.193, 140
Trd, 4319672.693, 140
Trd, 4319673.043, 138
Trd, 4319674.393, 139
Trd, 4319674.443, 139
Trd, 4319674.943, 132
Trd, 4319675.593, 113
Trd, 4319679.243, 140
Trd, 4319679.543, 140
Trd, 4319679.593, 140
Trd, 4319679.843, 140
Trd, 4319680.843, 140
Trd, 4319680.993, 138
Trd, 4319681.393, 106
Trd, 4319682.743, 140
Trd, 4319683.693, 140
Trd, 4319684.543, 140
Trd, 4319684.943, 125
Trd, 4319687.143, 137
Trd, 4319687.843, 140
Trd, 4319687.943, 126
Trd, 4319690.093, 140
Trd, 4319690.193, 140
Trd, 4319690.943, 140
Trd, 4319691.043, 140
Trd, 4319691.293, 81
Trd, 4319691.743, 137
Trd, 4319692.443, 139
Trd, 4319693.143, 140
Trd, 4319693.593, 136
Trd, 4319695.443, 69
Trd, 4319695.493, 79
Trd, 4319695.793, 80
Trd, 4319696.593, 66
Trd, 4319696.793, 73
Trd, 4319697.343, 84
Trd, 4319698.093, 139
Trd, 4319699.093, 136
Trd, 4319700.243, 138
Trd, 4319700.843, 137
Trd, 4319703.143, 140
Trd, 4319704.443, 140
Trd, 4319705.193, 140
Trd, 4319705.243, 140
Trd, 4319706.293, 140
Trd, 4319706.943, 140
Trd, 4319707.193, 140
Trd, 4319707.743, 139
Trd, 4319708.193, 129
Trd, 4319709.743, 140
Trd, 4319710.643, 140
Trd, 4319711.393, 140
Trd, 4319711.943, 135
Trd, 4319712.593, 120
Trd, 4319712.793, 122
Trd, 4319712.993, 114
Trd, 4319713.893, 122
Trd, 4319713.993, 103
Trd, 4319714.993, 140
Trd, 4319716.493, 140
Trd, 4319717.993, 140
Trd, 4319718.693, 140
Trd, 4319718.843, 140
Trd, 4319719.493, 140
Trd, 4319720.193, 136
Trd, 4319721.193, 116
Trd, 4319722.743, 139
Trd, 4319723.043, 138
Trd, 4319723.443, 90
Trd, 4319724.993, 133
Trd, 4319725.743, 133
Trd, 4319726.243, 61
Trd, 4319726.393, 62
Trd, 4319726.793, 99
Trd, 4319728.043, 108
Trd, 4319728.443, 89
Trd, 4319729.043, 60
Trd, 4319730.243, 62
Trd, 4319730.393, 64
Trd, 4319731.143, 70
Trd, 4319732.543, 60
Trd, 4319732.893, 60
Trd, 4319733.343, 60
Trd, 4319734.593, 61
Trd, 4319734.943, 63
Trd, 4319735.743, 60
Trd, 4319736.593, 60
Trd, 4319736.643, 60
Trd, 4319737.193, 83
Trd, 4319737.493, 84
Trd, 4319738.043, 105
Trd, 4319738.143, 80
Trd, 4319738.493, 107
Trd, 4319738.893, 79
Trd, 4319739.493, 110
Trd, 4319740.493, 138
Trd, 4319741.193, 89
Trd, 4319742.243, 60
Trd, 4319742.643, 61
Trd, 4319743.343, 69
Trd, 4319745.543, 75
Trd, 4319745.943, 70
Trd, 4319746.293, 75
Trd, 4319746.393, 77
Trd, 4319747.493, 65
Trd, 4319748.093, 64
Trd, 4319748.843, 139
Trd, 4319749.643, 133
Trd, 4319750.593, 140
Trd, 4319751.043, 137
Trd, 4319751.593, 60
Trd, 4319751.643, 62
Trd, 4319754.043, 140
Trd, 4319754.693, 140
Trd, 4319754.893, 139
Trd, 4319755.243, 137
Trd, 4319755.743, 140
Trd, 4319757.093, 140
Trd, 4319757.193, 140
Trd, 4319757.893, 138
Trd, 4319759.043, 117
Trd, 4319759.793, 61
Trd, 4319760.943, 62
Trd, 4319761.293, 65
Trd, 4319761.543, 73
Trd, 4319762.393, 85
Trd, 4319762.793, 66
Trd, 4319763.493, 68
Trd, 4319763.743, 67
Trd, 4319763.993, 106
Trd, 4319764.893, 88
Trd, 4319765.493, 89
Trd, 4319765.593, 63
Trd, 4319766.143, 128
Trd, 4319767.493, 91
Trd, 4319767.643, 121
Trd, 4319768.293, 116
Trd, 4319769.993, 139
Trd, 4319770.993, 140
Trd, 4319771.643, 140
Trd, 4319773.843, 139
Trd, 4319774.243, 95
Trd, 4319774.443, 97
Trd, 4319774.793, 89
Trd, 4319774.843, 86
Trd, 4319775.993, 139
Trd, 4319777.893, 140
Trd, 4319778.493, 140
Trd, 4319778.743, 140
Trd, 4319778.993, 126
Trd, 4319780.643, 140
Trd, 4319781.143, 140
Trd, 4319781.493, 140
Trd, 4319781.643, 110
Trd, 4319782.843, 121
Trd, 4319783.193, 139
Trd, 4319784.193, 140
Trd, 4319784.943, 139
Trd, 4319787.093, 140
Trd, 4319787.393, 140
Trd, 4319787.693, 140
Trd, 4319788.643, 139
Trd, 4319790.143, 140
Trd, 4319790.643, 140
Trd, 4319790.943, 139
Trd, 4319791.693, 137
Trd, 4319793.193, 137
Trd, 4319794.493, 139
Trd, 4319795.793, 140
Trd, 4319796.093, 140
Trd, 4319796.243, 139
Trd, 4319798.193, 108
Trd, 4319799.093, 121
Trd, 4319799.543, 140
Trd, 4319799.743, 140
Trd, 4319799.793, 112
Trd, 4319800.943, 140
Trd, 4319801.893, 140
Trd, 4319802.593, 140
Trd, 4319803.493, 138
Trd, 4319804.993, 137
Trd, 4319805.593, 140
Trd, 4319806.193, 140
Trd, 4319806.343, 138
Trd, 4319807.643, 138
Trd, 4319809.393, 139
Trd, 4319809.943, 124
Trd, 4319811.243, 140
Trd, 4319811.693, 139
Trd, 4319812.143, 139
Trd, 4319812.993, 140
Trd, 4319813.893, 72
Trd, 4319814.143, 71
Trd, 4319815.193, 139
Trd, 4319815.843, 139
Trd, 4319816.443, 140
Trd, 4319817.293, 136
Trd, 4319817.993, 106
Trd, 4319818.193, 136
Trd, 4319819.393, 106
Trd, 4319819.693, 133
Trd, 4319819.793, 100
Trd, 4319821.293, 138
Trd, 4319821.743, 137
Trd, 4319822.193, 132
Trd, 4319822.393, 140
Trd, 4319823.193, 139
Trd, 4319823.543, 129
Trd, 4319823.693, 127
Trd, 4319826.593, 140
Trd, 4319827.593, 140
Trd, 4319827.843, 140
Trd, 4319828.293, 140
Trd, 4319828.793, 84
Trd, 4319829.243, 64
Trd, 4319831.043, 136
Trd, 4319831.293, 140
Trd, 4319832.743, 140
Trd, 4319833.993, 140
Trd, 4319834.543, 140
Trd, 4319834.643, 138
Trd, 4319835.243, 139
Trd, 4319836.543, 140
Trd, 4319837.443, 139
Trd, 4319838.093, 127
Trd, 4319838.243, 140
Trd, 4319838.893, 103
Trd, 4319841.093, 140
Trd, 4319842.193, 140
Trd, 4319842.693, 140
Trd, 4319843.443, 137
Trd, 4319843.493, 91
Trd, 4319844.793, 89
Trd, 4319847.543, 140
Trd, 4319848.093, 140
Trd, 4319848.443, 139
Trd, 4319848.493, 139
Trd, 4319848.943, 119
Trd, 4319848.993, 114
Trd, 4319849.193, 120
Trd, 4319849.393, 121
Trd, 4319850.343, 137
Trd, 4319850.993, 99
Trd, 4319851.243, 126
Trd, 4319851.743, 124
Trd, 4319853.743, 110
Trd, 4319854.143, 95
Trd, 4319856.293, 126
Trd, 4319856.893, 140
Trd, 4319857.293, 140
Trd, 4319857.343, 115
Trd, 4319857.693, 68
Trd, 4319859.393, 79
Trd, 4319859.843, 60
Trd, 4319860.093, 61
Trd, 4319860.293, 95
Trd, 4319860.843, 140
Trd, 4319861.643, 70
Trd, 4319861.843, 61
Trd, 4319862.343, 70
Trd, 4319862.393, 71
Trd, 4319862.843, 62
Trd, 4319863.793, 138
Trd, 4319864.293, 107
Trd, 4319865.043, 60
Trd, 4319865.243, 74
Trd, 4319866.693, 102
Trd, 4319867.543, 119
Trd, 4319867.843, 111
Trd, 4319868.093, 102
Trd, 4319868.493, 140
Trd, 4319870.143, 140
Trd, 4319870.943, 139
Trd, 4319871.343, 120
Trd, 4319871.993, 140
Trd, 4319872.993, 140
Trd, 4319873.293, 139
Trd, 4319875.443, 139
Trd, 4319875.543, 129
Trd, 4319877.993, 140
Trd, 4319878.043, 140
Trd, 4319878.393, 140
Trd, 4319878.493, 140
Trd, 4319878.743, 138
Trd, 4319879.093, 137
Trd, 4319879.243, 82
Trd, 4319880.343, 138
Trd, 4319881.093, 138
Trd, 4319882.043, 133
Trd, 4319882.543, 80
Trd, 4319883.643, 128
Trd, 4319883.693, 71
Trd, 4319884.543, 129
Trd, 4319884.943, 130
Trd, 4319885.093, 114
Trd, 4319885.243, 132
Trd, 4319885.993, 140
Trd, 4319886.443, 117
Trd, 4319887.593, 130
Trd, 4319887.893, 64
Trd, 4319890.643, 140
Trd, 4319890.693, 124
Trd, 4319892.443, 140
Trd, 4319892.493, 140
Trd, 4319893.443, 139
Trd, 4319893.543, 139
Trd, 4319894.193, 138
Trd, 4319894.943, 74
Trd, 4319895.193, 136
Trd, 4319895.593, 136
Trd, 4319896.443, 118
Trd, 4319896.993, 139
Trd, 4319899.043, 140
Trd, 4319899.393, 140
Trd, 4319899.993, 139
Trd, 4319900.493, 134
Trd, 4319900.993, 140
Trd, 4319901.293, 62
Trd, 4319902.593, 139
Trd, 4319902.843, 102
Trd, 4319903.493, 66
Trd, 4319904.343, 134
Trd, 4319904.643, 137
Trd, 4319906.093, 135
Trd, 4319906.143, 132
Trd, 4319906.543, 65
Trd, 4319907.593, 69
Trd, 4319907.643, 72
Trd, 4319908.493, 61
Trd, 4319908.993, 66
Trd, 4319910.493, 61
Trd, 4319910.843, 73
Trd, 4319912.193, 77
Trd, 4319913.743, 140
Trd, 4319914.993, 140
Trd, 4319915.343, 140
Trd, 4319915.943, 140
Trd, 4319917.793, 140
Trd, 4319919.293, 140
Trd, 4319919.843, 140
Trd, 4319919.893, 140
Trd, 4319921.393, 140
Trd, 4319922.043, 140
Trd, 4319922.643, 99
Trd, 4319922.943, 132
Trd, 4319923.893, 65
Trd, 4319924.443, 73
Trd, 4319925.143, 124
Trd, 4319925.693, 129
Trd, 4319925.793, 69
Trd, 4319926.993, 129
Trd, 4319927.193, 88
Trd, 4319927.693, 71
Trd, 4319928.393, 134
Trd, 4319928.493, 119
Trd, 4319930.043, 131
Trd, 4319930.343, 64
Trd, 4319931.043, 86
Trd, 4319931.293, 132
Trd, 4319932.043, 62
Trd, 4319934.243, 140
Trd, 4319934.343, 140
Trd, 4319934.693, 140
Trd, 4319934.993, 140
Trd, 4319935.293, 140
Trd, 4319936.143, 136
Trd, 4319936.693, 139
Trd, 4319936.793, 126
Trd, 4319938.043, 60
Trd, 4319938.443, 60
Trd, 4319939.193, 60
Trd, 4319939.343, 62
Trd, 4319939.593, 80
Trd, 4319940.943, 61
Trd, 4319941.543, 85
Trd, 4319942.243, 60
Trd, 4319942.343, 86
Trd, 4319944.493, 140
Trd, 4319944.693, 137
Trd, 4319944.993, 140
Trd, 4319946.393, 138
Trd, 4319946.843, 137
Trd, 4319947.593, 132
Trd, 4319948.393, 62
Trd, 4319948.593, 71
Trd, 4319948.643, 72
Trd, 4319949.093, 139
Trd, 4319949.443, 134
Trd, 4319950.843, 63
Trd, 4319952.243, 140
Trd, 4319953.393, 140
Trd, 4319953.993, 125
Trd, 4319955.093, 140
Trd, 4319955.693, 140
Trd, 4319956.143, 139
Trd, 4319956.293, 138
Trd, 4319957.093, 137
Trd, 4319957.793, 105
Trd, 4319959.893, 140
Trd, 4319959.943, 139
Trd, 4319960.693, 74
Trd, 4319961.343, 65
Trd, 4319961.943, 60
Trd, 4319962.643, 61
Trd, 4319962.693, 62
Trd, 4319963.293, 78
Trd, 4319964.593, 68
Trd, 4319964.943, 60
Trd, 4319965.193, 61
Trd, 4319966.693, 63
Trd, 4319967.493, 60
Trd, 4319968.893, 60
Trd, 4319969.193, 60
Trd, 4319970.393, 61
Trd, 4319970.543, 63
Trd, 4319971.043, 60
Trd, 4319971.443, 140
Trd, 4319972.193, 140
Trd, 4319972.643, 62
Trd, 4319973.793, 63
Trd, 4319973.993, 64
Trd, 4319975.093, 62
Trd, 4319976.093, 61
Trd, 4319976.243, 63
Trd, 4319976.443, 86
Trd, 4319977.443, 140
Trd, 4319978.593, 122
Trd, 4319978.793, 121
Trd, 4319979.343, 129
Trd, 4319979.393, 125
Trd, 4319980.243, 64
Trd, 4319980.593, 65
Trd, 4319982.543, 133
Trd, 4319982.893, 132
Trd, 4319984.443, 139
Trd, 4319985.093, 140
Trd, 4319985.493, 102
Trd, 4319985.643, 96
Trd, 4319987.493, 60
Trd, 4319987.593, 60
Trd, 4319987.893, 66
Trd, 4319988.193, 62
Trd, 4319989.793, 60
Trd, 4319990.343, 62
Trd, 4319990.493, 63
Trd, 4319990.693, 64
Trd, 4319991.243, 63
Trd, 4319991.393, 61
Trd, 4319991.843, 62
Trd, 4319991.943, 64
Trd, 4319993.193, 67
Trd, 4319993.493, 67
Trd, 4319994.593, 61
Trd, 4319994.793, 66
Trd, 4319995.493, 69
Trd, 4319996.043, 140
Trd, 4319996.443, 140
Trd, 4319997.543, 69
Trd, 4319997.743, 69
Trd, 4319997.793, 70
Trd, 4319998.443, 135
Trd, 4319999.393, 136
