Trd, 4318151.193, 88
Trd, 4318152.143, 102
Trd, 4318153.093, 109
Trd, 4318153.793, 115
Trd, 4318153.943, 106
Trd, 4318154.443, 102
Trd, 4318154.843, 96
Trd, 4318155.393, 72
Trd, 4318156.293, 99
Trd, 4318156.493, 64
Trd, 4318157.593, 80
Trd, 4318158.793, 79
Trd, 4318160.393, 86
Trd, 4318160.993, 76
Trd, 4318161.193, 71
Trd, 4318161.393, 90
Trd, 4318161.993, 117
Trd, 4318162.493, 108
Trd, 4318163.343, 105
Trd, 4318165.093, 115
Trd, 4318165.243, 115
Trd, 4318166.643, 109
Trd, 4318168.543, 135
Trd, 4318168.943, 120
Trd, 4318169.693, 134
Trd, 4318169.993, 125
Trd, 4318170.243, 131
Trd, 4318170.293, 105
Trd, 4318170.493, 135
Trd, 4318171.593, 140
Trd, 4318171.993, 113
Trd, 4318172.593, 67
Trd, 4318174.993, 139
Trd, 4318176.243, 112
Trd, 4318176.443, 94
Trd, 4318176.943, 99
Trd, 4318177.693, 130
Trd, 4318180.143, 121
Trd, 4318180.443, 113
Trd, 4318180.693, 95
Trd, 4318180.843, 104
Trd, 4318181.893, 80
Trd, 4318181.943, 76
Trd, 4318183.243, 72
Trd, 4318183.843, 77
Trd, 4318183.943, 75
Trd, 4318185.993, 123
Trd, 4318187.693, 134
Trd, 4318188.293, 120
Trd, 4318188.643, 112
Trd, 4318189.543, 139
Trd, 4318190.093, 125
Trd, 4318190.943, 110
Trd, 4318191.393, 119
Trd, 4318191.493, 104
Trd, 4318193.543, 65
Trd, 4318194.343, 80
Trd, 4318194.543, 83
Trd, 4318196.293, 70
Trd, 4318196.793, 80
Trd, 4318197.393, 92
Trd, 4318197.643, 92
Trd, 4318198.893, 134
Trd, 4318199.043, 135
Trd, 4318199.293, 115
Trd, 4318199.793, 90
Trd, 4318201.093, 117
Trd, 4318201.143, 107
Trd, 4318201.243, 97
Trd, 4318202.243, 80
Trd, 4318202.393, 65
Trd, 4318204.743, 138
Trd, 4318204.993, 131
Trd, 4318205.743, 117
Trd, 4318205.793, 114
Trd, 4318206.843, 128
Trd, 4318207.393, 127
Trd, 4318207.593, 118
Trd, 4318207.893, 116
Trd, 4318208.193, 96
Trd, 4318208.343, 74
Trd, 4318208.643, 105
Trd, 4318210.143, 78
Trd, 4318210.643, 83
Trd, 4318211.093, 61
Trd, 4318212.693, 133
Trd, 4318214.043, 132
Trd, 4318214.293, 112
Trd, 4318214.393, 109
Trd, 4318215.943, 134
Trd, 4318216.193, 131
Trd, 4318217.093, 125
Trd, 4318217.343, 132
Trd, 4318217.443, 96
Trd, 4318219.293, 138
Trd, 4318219.543, 129
Trd, 4318219.693, 121
Trd, 4318220.843, 137
Trd, 4318220.893, 124
Trd, 4318221.693, 105
Trd, 4318222.293, 103
Trd, 4318222.693, 115
Trd, 4318223.093, 122
Trd, 4318224.193, 120
Trd, 4318224.843, 97
Trd, 4318225.043, 96
Trd, 4318225.793, 117
Trd, 4318229.843, 64
Trd, 4318229.943, 79
Trd, 4318230.643, 87
Trd, 4318230.793, 90
Trd, 4318231.143, 100
Trd, 4318232.193, 127
Trd, 4318232.443, 86
Trd, 4318232.993, 76
Trd, 4318233.043, 122
Trd, 4318233.643, 64
Trd, 4318234.743, 138
Trd, 4318235.193, 109
Trd, 4318235.293, 84
Trd, 4318235.543, 95
Trd, 4318235.893, 85
Trd, 4318237.243, 128
Trd, 4318237.293, 119
Trd, 4318237.443, 101
Trd, 4318238.343, 99
Trd, 4318239.493, 140
Trd, 4318240.493, 134
Trd, 4318241.193, 124
Trd, 4318241.593, 107
Trd, 4318242.993, 120
Trd, 4318243.143, 101
Trd, 4318245.093, 77
Trd, 4318245.943, 92
Trd, 4318246.043, 76
Trd, 4318246.093, 73
Trd, 4318246.443, 136
Trd, 4318246.643, 60
Trd, 4318247.593, 80
Trd, 4318248.193, 78
Trd, 4318249.643, 136
Trd, 4318249.843, 112
Trd, 4318250.743, 80
Trd, 4318251.643, 92
Trd, 4318252.143, 79
Trd, 4318252.843, 85
Trd, 4318252.993, 94
Trd, 4318254.193, 83
Trd, 4318254.893, 106
Trd, 4318256.443, 131
Trd, 4318256.593, 124
Trd, 4318257.693, 140
Trd, 4318257.793, 120
Trd, 4318258.093, 123
Trd, 4318259.943, 134
Trd, 4318260.093, 133
Trd, 4318260.793, 132
Trd, 4318261.393, 121
Trd, 4318261.743, 127
Trd, 4318261.793, 120
Trd, 4318262.093, 96
Trd, 4318262.243, 91
Trd, 4318263.993, 124
Trd, 4318264.093, 90
Trd, 4318264.593, 88
Trd, 4318264.893, 98
Trd, 4318265.693, 98
Trd, 4318266.743, 95
Trd, 4318266.843, 91
Trd, 4318267.793, 60
Trd, 4318268.943, 76
Trd, 4318270.193, 121
Trd, 4318271.943, 107
Trd, 4318272.093, 97
Trd, 4318272.943, 123
Trd, 4318273.443, 136
Trd, 4318273.693, 128
Trd, 4318274.693, 101
Trd, 4318276.293, 129
Trd, 4318276.393, 120
Trd, 4318276.443, 102
Trd, 4318276.793, 102
Trd, 4318277.893, 126
Trd, 4318278.693, 126
Trd, 4318280.593, 131
Trd, 4318281.243, 102
Trd, 4318282.343, 116
Trd, 4318282.393, 127
Trd, 4318282.493, 113
Trd, 4318283.093, 113
Trd, 4318283.193, 126
Trd, 4318283.893, 84
Trd, 4318285.643, 79
Trd, 4318287.193, 130
Trd, 4318287.743, 132
Trd, 4318287.893, 123
Trd, 4318288.993, 121
Trd, 4318289.443, 127
Trd, 4318289.693, 114
Trd, 4318290.593, 107
Trd, 4318290.943, 112
Trd, 4318291.993, 104
Trd, 4318292.593, 116
Trd, 4318292.993, 116
Trd, 4318294.993, 103
Trd, 4318295.593, 111
Trd, 4318297.293, 118
Trd, 4318297.843, 136
Trd, 4318298.043, 110
Trd, 4318298.143, 109
Trd, 4318298.343, 136
Trd, 4318298.493, 137
Trd, 4318300.043, 75
Trd, 4318301.143, 110
Trd, 4318302.193, 123
Trd, 4318303.893, 122
Trd, 4318304.093, 117
Trd, 4318304.693, 89
Trd, 4318305.943, 93
Trd, 4318306.393, 121
Trd, 4318307.293, 134
Trd, 4318307.343, 120
Trd, 4318308.593, 131
Trd, 4318309.293, 84
Trd, 4318309.443, 92
Trd, 4318309.893, 80
Trd, 4318310.543, 128
Trd, 4318310.943, 119
Trd, 4318310.993, 108
Trd, 4318311.993, 138
Trd, 4318312.443, 128
Trd, 4318313.293, 138
Trd, 4318313.643, 121
Trd, 4318313.693, 114
Trd, 4318314.293, 93
Trd, 4318314.543, 64
Trd, 4318315.593, 60
Trd, 4318317.693, 136
Trd, 4318318.343, 114
Trd, 4318320.143, 113
Trd, 4318320.643, 116
Trd, 4318321.543, 134
Trd, 4318323.293, 131
Trd, 4318323.393, 115
Trd, 4318323.943, 102
Trd, 4318325.043, 130
Trd, 4318325.793, 103
Trd, 4318326.643, 127
Trd, 4318326.943, 113
Trd, 4318327.343, 107
Trd, 4318328.093, 108
Trd, 4318328.143, 98
Trd, 4318328.843, 110
Trd, 4318329.043, 118
Trd, 4318329.243, 115
Trd, 4318330.393, 125
Trd, 4318331.643, 117
Trd, 4318331.743, 109
Trd, 4318332.843, 112
Trd, 4318333.243, 102
Trd, 4318333.843, 128
Trd, 4318334.393, 71
Trd, 4318334.743, 130
Trd, 4318336.843, 113
Trd, 4318336.893, 108
Trd, 4318338.143, 129
Trd, 4318339.043, 109
Trd, 4318339.243, 95
Trd, 4318340.393, 106
Trd, 4318340.543, 99
Trd, 4318341.543, 87
Trd, 4318341.743, 83
Trd, 4318342.943, 114
Trd, 4318343.093, 94
Trd, 4318343.393, 87
Trd, 4318344.593, 61
Trd, 4318344.643, 63
Trd, 4318346.543, 102
Trd, 4318346.643, 101
Trd, 4318347.293, 137
Trd, 4318347.893, 113
Trd, 4318348.093, 110
Trd, 4318348.543, 123
Trd, 4318348.993, 129
Trd, 4318350.143, 97
Trd, 4318351.293, 71
Trd, 4318352.343, 105
Trd, 4318353.043, 66
Trd, 4318353.243, 74
Trd, 4318354.743, 118
Trd, 4318354.893, 138
Trd, 4318355.043, 118
Trd, 4318355.693, 97
Trd, 4318357.093, 132
Trd, 4318357.543, 113
Trd, 4318358.243, 92
Trd, 4318359.043, 64
Trd, 4318361.143, 129
Trd, 4318361.493, 99
Trd, 4318362.143, 135
Trd, 4318362.443, 127
Trd, 4318362.493, 125
Trd, 4318363.793, 122
Trd, 4318364.943, 138
Trd, 4318365.043, 121
Trd, 4318365.243, 105
Trd, 4318365.443, 86
Trd, 4318365.693, 124
Trd, 4318366.643, 68
Trd, 4318366.743, 62
Trd, 4318366.893, 69
Trd, 4318367.743, 82
Trd, 4318368.493, 95
Trd, 4318369.443, 66
Trd, 4318369.993, 113
Trd, 4318370.743, 79
Trd, 4318371.293, 97
Trd, 4318372.793, 95
Trd, 4318373.993, 61
Trd, 4318375.093, 87
Trd, 4318376.043, 139
Trd, 4318376.843, 132
Trd, 4318376.943, 123
Trd, 4318377.743, 92
Trd, 4318378.243, 98
Trd, 4318379.893, 86
Trd, 4318380.343, 113
Trd, 4318380.543, 76
Trd, 4318380.693, 72
Trd, 4318381.593, 127
Trd, 4318382.493, 77
Trd, 4318383.893, 73
Trd, 4318384.143, 61
Trd, 4318385.143, 88
Trd, 4318386.643, 110
Trd, 4318387.093, 126
Trd, 4318387.793, 108
Trd, 4318388.393, 118
Trd, 4318388.743, 113
Trd, 4318389.393, 121
Trd, 4318390.193, 110
Trd, 4318391.093, 104
Trd, 4318391.793, 79
Trd, 4318393.093, 101
Trd, 4318393.793, 65
Trd, 4318393.893, 108
Trd, 4318394.893, 124
Trd, 4318394.993, 97
Trd, 4318396.093, 118
Trd, 4318396.743, 131
Trd, 4318396.793, 118
Trd, 4318397.143, 126
Trd, 4318398.093, 108
Trd, 4318398.593, 102
Trd, 4318399.893, 136
Trd, 4318399.943, 134
Trd, 4318400.793, 122
Trd, 4318401.043, 97
Trd, 4318401.543, 72
Trd, 4318401.693, 70
Trd, 4318402.893, 140
Trd, 4318402.993, 130
Trd, 4318403.643, 104
Trd, 4318404.693, 132
Trd, 4318405.343, 116
Trd, 4318406.143, 110
Trd, 4318407.593, 126
Trd, 4318408.193, 118
Trd, 4318408.543, 97
Trd, 4318409.643, 67
Trd, 4318409.943, 116
Trd, 4318410.743, 103
Trd, 4318411.293, 95
Trd, 4318412.093, 133
Trd, 4318412.543, 115
Trd, 4318412.593, 108
Trd, 4318414.443, 137
Trd, 4318414.793, 112
Trd, 4318415.243, 106
Trd, 4318415.743, 124
Trd, 4318416.693, 96
Trd, 4318417.043, 95
Trd, 4318417.993, 88
Trd, 4318418.293, 89
Trd, 4318418.743, 72
Trd, 4318420.493, 132
Trd, 4318420.993, 105
Trd, 4318421.943, 92
Trd, 4318422.093, 93
Trd, 4318422.243, 72
Trd, 4318423.193, 79
Trd, 4318423.243, 103
Trd, 4318424.593, 109
Trd, 4318425.393, 116
Trd, 4318426.693, 71
Trd, 4318427.243, 94
Trd, 4318428.043, 134
Trd, 4318428.093, 106
Trd, 4318429.443, 124
Trd, 4318429.493, 111
Trd, 4318429.643, 61
Trd, 4318430.893, 124
Trd, 4318432.493, 60
Trd, 4318433.143, 125
Trd, 4318434.443, 61
Trd, 4318435.443, 116
Trd, 4318435.743, 126
Trd, 4318435.893, 110
Trd, 4318436.593, 105
Trd, 4318437.193, 128
Trd, 4318437.543, 91
Trd, 4318438.643, 138
Trd, 4318439.043, 134
Trd, 4318439.293, 80
Trd, 4318439.743, 84
Trd, 4318439.993, 98
Trd, 4318441.743, 114
Trd, 4318442.293, 110
Trd, 4318442.543, 116
Trd, 4318443.293, 117
Trd, 4318444.443, 101
Trd, 4318444.693, 98
Trd, 4318444.743, 108
Trd, 4318445.143, 69
Trd, 4318446.443, 132
Trd, 4318447.943, 73
Trd, 4318448.043, 78
Trd, 4318448.893, 80
Trd, 4318448.993, 78
Trd, 4318450.193, 112
Trd, 4318450.693, 81
Trd, 4318452.143, 87
Trd, 4318452.443, 113
Trd, 4318452.693, 79
Trd, 4318453.743, 121
Trd, 4318454.043, 76
Trd, 4318456.093, 140
Trd, 4318456.843, 135
Trd, 4318457.193, 130
Trd, 4318457.643, 126
Trd, 4318457.993, 117
Trd, 4318459.693, 127
Trd, 4318459.943, 131
Trd, 4318460.443, 101
Trd, 4318461.593, 139
Trd, 4318461.793, 132
Trd, 4318462.893, 133
Trd, 4318463.093, 122
Trd, 4318463.943, 136
Trd, 4318465.143, 129
Trd, 4318465.293, 130
Trd, 4318465.643, 105
Trd, 4318467.893, 136
Trd, 4318469.893, 137
Trd, 4318469.943, 133
Trd, 4318470.243, 122
Trd, 4318470.343, 115
Trd, 4318471.393, 113
Trd, 4318472.093, 112
Trd, 4318472.393, 116
Trd, 4318473.793, 119
Trd, 4318475.193, 129
Trd, 4318475.493, 128
Trd, 4318475.643, 98
Trd, 4318476.743, 133
Trd, 4318477.543, 106
Trd, 4318478.393, 140
Trd, 4318478.743, 108
Trd, 4318478.943, 136
Trd, 4318479.793, 86
Trd, 4318480.643, 126
Trd, 4318481.293, 134
Trd, 4318482.343, 125
Trd, 4318483.243, 80
Trd, 4318483.943, 123
Trd, 4318484.043, 108
Trd, 4318485.443, 114
Trd, 4318486.043, 120
Trd, 4318487.143, 124
Trd, 4318487.343, 111
Trd, 4318487.893, 80
Trd, 4318489.593, 137
Trd, 4318490.343, 129
Trd, 4318490.693, 109
Trd, 4318490.793, 106
Trd, 4318490.943, 100
Trd, 4318491.293, 87
Trd, 4318492.393, 99
Trd, 4318493.193, 137
Trd, 4318493.893, 126
Trd, 4318494.743, 129
Trd, 4318495.693, 113
Trd, 4318495.993, 107
Trd, 4318496.243, 126
Trd, 4318496.393, 89
Trd, 4318497.043, 78
Trd, 4318498.243, 74
Trd, 4318499.543, 135
Trd, 4318500.293, 140
Trd, 4318500.843, 117
Trd, 4318500.943, 90
Trd, 4318501.093, 81
Trd, 4318501.693, 79
Trd, 4318501.843, 79
Trd, 4318502.743, 70
Trd, 4318502.943, 73
Trd, 4318504.143, 88
Trd, 4318504.593, 71
Trd, 4318504.843, 104
Trd, 4318505.593, 139
Trd, 4318506.193, 106
Trd, 4318506.343, 81
Trd, 4318507.093, 125
Trd, 4318507.793, 123
Trd, 4318507.943, 92
Trd, 4318509.493, 86
Trd, 4318510.243, 136
Trd, 4318510.393, 123
Trd, 4318510.943, 98
Trd, 4318510.993, 95
Trd, 4318511.043, 92
Trd, 4318512.293, 139
Trd, 4318513.493, 115
Trd, 4318513.943, 81
Trd, 4318514.093, 114
Trd, 4318514.493, 137
Trd, 4318514.743, 122
Trd, 4318515.293, 134
Trd, 4318516.593, 111
Trd, 4318517.193, 68
Trd, 4318518.993, 135
Trd, 4318519.693, 88
Trd, 4318520.393, 82
Trd, 4318520.743, 103
Trd, 4318521.393, 81
Trd, 4318521.443, 69
Trd, 4318521.493, 106
Trd, 4318522.143, 64
Trd, 4318522.893, 107
Trd, 4318524.093, 122
Trd, 4318524.843, 100
Trd, 4318525.093, 99
Trd, 4318525.643, 134
Trd, 4318526.493, 77
Trd, 4318528.093, 115
Trd, 4318528.593, 73
Trd, 4318529.243, 65
Trd, 4318529.793, 68
Trd, 4318530.743, 130
Trd, 4318531.293, 107
Trd, 4318531.743, 131
Trd, 4318531.943, 105
Trd, 4318532.543, 68
Trd, 4318535.393, 138
Trd, 4318535.543, 116
Trd, 4318535.993, 111
Trd, 4318536.943, 103
Trd, 4318537.193, 96
Trd, 4318537.443, 94
Trd, 4318537.843, 117
Trd, 4318538.443, 129
Trd, 4318539.443, 120
Trd, 4318540.943, 93
Trd, 4318541.993, 138
Trd, 4318542.143, 124
Trd, 4318542.243, 117
Trd, 4318542.343, 116
Trd, 4318544.593, 123
Trd, 4318544.793, 111
Trd, 4318545.443, 111
Trd, 4318545.493, 92
Trd, 4318545.843, 138
Trd, 4318546.793, 104
Trd, 4318546.943, 126
Trd, 4318547.643, 129
Trd, 4318548.193, 140
Trd, 4318549.093, 99
Trd, 4318549.943, 123
Trd, 4318550.493, 94
Trd, 4318552.043, 99
Trd, 4318552.093, 92
Trd, 4318552.993, 100
Trd, 4318553.493, 99
Trd, 4318553.643, 136
Trd, 4318554.893, 138
Trd, 4318555.193, 114
Trd, 4318556.043, 103
Trd, 4318556.193, 97
Trd, 4318556.743, 126
Trd, 4318558.643, 132
Trd, 4318558.693, 127
Trd, 4318560.093, 140
Trd, 4318560.793, 120
Trd, 4318561.393, 138
Trd, 4318561.943, 138
Trd, 4318562.343, 111
Trd, 4318562.893, 89
Trd, 4318564.043, 139
Trd, 4318564.393, 127
Trd, 4318564.443, 125
Trd, 4318565.643, 136
Trd, 4318566.293, 121
Trd, 4318566.593, 130
Trd, 4318567.443, 105
Trd, 4318567.543, 88
Trd, 4318568.143, 125
Trd, 4318568.693, 85
Trd, 4318569.943, 130
Trd, 4318570.443, 109
Trd, 4318572.643, 122
Trd, 4318573.193, 117
Trd, 4318573.793, 119
Trd, 4318573.943, 116
Trd, 4318573.993, 104
Trd, 4318574.143, 77
Trd, 4318575.093, 60
Trd, 4318575.393, 61
Trd, 4318575.893, 123
Trd, 4318576.193, 114
Trd, 4318578.893, 133
Trd, 4318579.393, 124
Trd, 4318580.643, 94
Trd, 4318581.843, 107
Trd, 4318581.943, 102
Trd, 4318583.593, 127
Trd, 4318583.943, 123
Trd, 4318584.693, 96
Trd, 4318586.243, 138
Trd, 4318586.843, 130
Trd, 4318586.993, 125
Trd, 4318587.143, 120
Trd, 4318587.493, 119
Trd, 4318587.993, 97
Trd, 4318588.243, 85
Trd, 4318589.743, 104
Trd, 4318589.993, 126
Trd, 4318591.193, 136
Trd, 4318591.493, 132
Trd, 4318591.593, 132
Trd, 4318591.743, 128
Trd, 4318593.093, 105
Trd, 4318593.493, 131
Trd, 4318594.743, 116
Trd, 4318594.843, 131
Trd, 4318595.243, 128
Trd, 4318596.543, 128
Trd, 4318596.893, 103
Trd, 4318598.893, 81
Trd, 4318599.593, 97
Trd, 4318600.193, 116
Trd, 4318600.543, 130
Trd, 4318600.793, 122
Trd, 4318601.143, 114
Trd, 4318601.343, 112
Trd, 4318602.043, 90
Trd, 4318603.193, 108
Trd, 4318603.343, 108
Trd, 4318605.143, 130
Trd, 4318605.243, 121
Trd, 4318605.793, 75
Trd, 4318606.443, 115
Trd, 4318607.393, 101
Trd, 4318608.643, 136
Trd, 4318608.843, 127
Trd, 4318609.743, 107
Trd, 4318609.793, 107
Trd, 4318610.143, 113
Trd, 4318611.543, 88
Trd, 4318612.193, 84
Trd, 4318612.443, 76
Trd, 4318613.093, 82
Trd, 4318614.693, 128
Trd, 4318614.843, 83
Trd, 4318615.693, 107
Trd, 4318616.193, 101
Trd, 4318617.593, 126
Trd, 4318617.743, 106
Trd, 4318617.793, 91
Trd, 4318617.993, 91
Trd, 4318618.793, 107
Trd, 4318620.243, 107
Trd, 4318621.643, 122
Trd, 4318622.343, 122
Trd, 4318622.543, 114
Trd, 4318623.143, 98
Trd, 4318624.193, 74
Trd, 4318624.943, 75
Trd, 4318625.043, 85
Trd, 4318625.543, 75
Trd, 4318628.243, 138
Trd, 4318629.093, 117
Trd, 4318629.393, 129
Trd, 4318629.443, 109
Trd, 4318629.593, 90
Trd, 4318630.093, 91
Trd, 4318630.243, 90
Trd, 4318631.193, 98
Trd, 4318631.893, 118
Trd, 4318632.843, 109
Trd, 4318633.893, 136
Trd, 4318634.043, 110
Trd, 4318635.743, 112
Trd, 4318636.293, 95
Trd, 4318636.743, 99
Trd, 4318637.443, 138
Trd, 4318638.743, 118
Trd, 4318638.843, 111
Trd, 4318638.993, 105
Trd, 4318639.743, 116
Trd, 4318640.343, 103
Trd, 4318641.343, 108
Trd, 4318641.943, 97
Trd, 4318642.243, 98
Trd, 4318643.443, 125
Trd, 4318644.043, 107
Trd, 4318644.543, 123
Trd, 4318644.693, 90
Trd, 4318646.243, 134
Trd, 4318647.543, 92
Trd, 4318647.743, 131
Trd, 4318648.143, 80
Trd, 4318648.393, 129
Trd, 4318650.243, 140
Trd, 4318650.443, 111
Trd, 4318651.943, 121
Trd, 4318652.093, 110
Trd, 4318652.193, 78
Trd, 4318653.243, 134
Trd, 4318654.293, 112
Trd, 4318654.643, 95
Trd, 4318655.743, 70
Trd, 4318656.493, 89
Trd, 4318656.793, 107
Trd, 4318657.243, 106
Trd, 4318657.543, 118
Trd, 4318659.143, 133
Trd, 4318659.443, 133
Trd, 4318660.193, 130
Trd, 4318661.093, 136
Trd, 4318661.143, 127
Trd, 4318661.793, 124
Trd, 4318662.043, 122
Trd, 4318662.443, 82
Trd, 4318663.643, 90
Trd, 4318663.943, 81
Trd, 4318664.343, 124
Trd, 4318664.843, 137
Trd, 4318665.493, 133
Trd, 4318666.243, 138
Trd, 4318666.893, 140
Trd, 4318667.293, 121
Trd, 4318667.343, 110
Trd, 4318668.493, 113
Trd, 4318668.893, 111
Trd, 4318669.393, 105
Trd, 4318671.943, 137
Trd, 4318672.193, 99
Trd, 4318672.293, 102
Trd, 4318672.493, 96
Trd, 4318673.143, 84
Trd, 4318674.593, 113
Trd, 4318675.693, 131
Trd, 4318676.243, 87
Trd, 4318676.743, 69
Trd, 4318677.793, 87
Trd, 4318677.993, 90
Trd, 4318678.593, 108
Trd, 4318678.843, 113
Trd, 4318679.093, 109
Trd, 4318679.843, 65
Trd, 4318680.043, 81
Trd, 4318681.643, 90
Trd, 4318682.543, 87
Trd, 4318682.943, 89
Trd, 4318683.643, 133
Trd, 4318684.443, 138
Trd, 4318685.343, 126
Trd, 4318685.793, 107
Trd, 4318686.043, 94
Trd, 4318686.643, 127
Trd, 4318686.843, 110
Trd, 4318687.393, 138
Trd, 4318688.393, 130
Trd, 4318688.743, 131
Trd, 4318688.993, 77
Trd, 4318689.543, 101
Trd, 4318689.693, 90
Trd, 4318690.343, 135
Trd, 4318690.843, 69
Trd, 4318692.093, 68
Trd, 4318692.943, 65
Trd, 4318693.093, 115
Trd, 4318694.443, 60
Trd, 4318694.493, 78
Trd, 4318695.143, 76
Trd, 4318695.793, 133
Trd, 4318695.993, 125
Trd, 4318697.143, 102
Trd, 4318697.943, 98
Trd, 4318698.493, 137
Trd, 4318698.693, 95
Trd, 4318699.393, 128
Trd, 4318699.943, 109
Trd, 4318700.693, 91
Trd, 4318702.543, 100
Trd, 4318703.093, 78
Trd, 4318703.493, 98
Trd, 4318703.543, 75
Trd, 4318704.593, 114
Trd, 4318705.143, 110
Trd, 4318706.093, 88
Trd, 4318706.993, 95
Trd, 4318707.393, 86
Trd, 4318709.093, 128
Trd, 4318709.393, 113
Trd, 4318709.793, 121
Trd, 4318709.893, 83
Trd, 4318710.143, 125
Trd, 4318710.493, 65
Trd, 4318710.793, 118
Trd, 4318711.493, 67
Trd, 4318712.793, 73
Trd, 4318713.343, 110
Trd, 4318713.493, 107
Trd, 4318713.793, 63
Trd, 4318714.743, 73
Trd, 4318714.893, 76
Trd, 4318715.243, 114
Trd, 4318716.843, 126
Trd, 4318717.593, 86
Trd, 4318718.143, 88
Trd, 4318719.693, 132
Trd, 4318720.393, 133
Trd, 4318721.143, 137
Trd, 4318721.243, 129
Trd, 4318721.543, 123
Trd, 4318721.743, 121
Trd, 4318721.843, 119
Trd, 4318722.193, 102
Trd, 4318722.693, 62
Trd, 4318725.493, 136
Trd, 4318725.893, 134
Trd, 4318726.193, 127
Trd, 4318726.793, 121
Trd, 4318727.143, 112
Trd, 4318728.843, 140
Trd, 4318729.093, 131
Trd, 4318729.543, 129
Trd, 4318729.843, 130
Trd, 4318730.893, 125
Trd, 4318732.043, 125
Trd, 4318733.243, 138
Trd, 4318734.493, 114
Trd, 4318734.543, 114
Trd, 4318735.193, 93
Trd, 4318735.443, 113
Trd, 4318736.093, 139
Trd, 4318736.793, 91
Trd, 4318737.143, 118
Trd, 4318737.693, 105
Trd, 4318737.843, 64
Trd, 4318740.193, 140
Trd, 4318740.993, 136
Trd, 4318741.143, 129
Trd, 4318741.493, 138
Trd, 4318742.393, 121
Trd, 4318743.393, 117
Trd, 4318744.443, 109
Trd, 4318744.843, 104
Trd, 4318745.643, 93
Trd, 4318746.043, 106
Trd, 4318749.393, 99
Trd, 4318749.543, 103
Trd, 4318750.143, 77
Trd, 4318750.343, 80
Trd, 4318750.393, 117
Trd, 4318750.643, 92
Trd, 4318751.243, 106
Trd, 4318752.443, 86
Trd, 4318752.943, 72
Trd, 4318754.293, 123
Trd, 4318755.393, 60
Trd, 4318755.843, 111
Trd, 4318755.993, 71
Trd, 4318756.343, 119
Trd, 4318757.993, 139
Trd, 4318758.993, 136
Trd, 4318759.043, 131
Trd, 4318760.093, 120
Trd, 4318760.193, 112
Trd, 4318760.893, 108
Trd, 4318760.943, 104
Trd, 4318761.493, 140
Trd, 4318761.593, 129
Trd, 4318762.643, 71
Trd, 4318762.793, 86
Trd, 4318764.993, 64
Trd, 4318765.193, 82
Trd, 4318765.443, 96
Trd, 4318765.493, 137
Trd, 4318765.893, 66
Trd, 4318766.343, 92
Trd, 4318766.493, 87
Trd, 4318767.443, 62
Trd, 4318767.743, 85
Trd, 4318768.993, 99
Trd, 4318770.143, 92
Trd, 4318771.493, 76
Trd, 4318771.843, 88
Trd, 4318773.293, 107
Trd, 4318773.643, 84
Trd, 4318773.743, 71
Trd, 4318774.343, 115
Trd, 4318774.893, 119
Trd, 4318776.993, 136
Trd, 4318777.093, 82
Trd, 4318777.243, 76
Trd, 4318778.393, 98
Trd, 4318778.743, 86
Trd, 4318780.593, 73
Trd, 4318780.993, 70
Trd, 4318781.543, 67
Trd, 4318782.793, 107
Trd, 4318782.843, 104
Trd, 4318782.943, 96
Trd, 4318784.393, 82
Trd, 4318784.993, 68
Trd, 4318785.243, 63
Trd, 4318785.593, 135
Trd, 4318786.743, 115
Trd, 4318787.243, 83
Trd, 4318788.643, 139
Trd, 4318788.843, 136
Trd, 4318789.343, 81
Trd, 4318789.743, 116
Trd, 4318789.843, 109
Trd, 4318791.093, 85
Trd, 4318792.043, 121
Trd, 4318792.843, 119
Trd, 4318795.193, 134
Trd, 4318795.243, 111
Trd, 4318795.893, 109
Trd, 4318796.043, 99
Trd, 4318796.943, 114
Trd, 4318798.543, 138
Trd, 4318798.993, 137
Trd, 4318799.493, 128
Trd, 4318800.193, 130
Trd, 4318800.293, 121
Trd, 4318800.843, 118
Trd, 4318802.493, 132
Trd, 4318803.293, 117
Trd, 4318803.643, 127
Trd, 4318804.593, 110
Trd, 4318805.593, 85
Trd, 4318805.843, 116
Trd, 4318806.293, 113
Trd, 4318806.593, 114
Trd, 4318807.193, 132
Trd, 4318807.593, 99
Trd, 4318808.693, 104
Trd, 4318808.893, 86
Trd, 4318809.193, 85
Trd, 4318809.693, 90
Trd, 4318810.343, 114
Trd, 4318810.793, 85
Trd, 4318812.443, 107
Trd, 4318813.543, 137
Trd, 4318813.743, 129
Trd, 4318813.993, 109
Trd, 4318814.693, 125
Trd, 4318814.943, 136
Trd, 4318815.543, 131
Trd, 4318815.893, 137
Trd, 4318816.793, 95
Trd, 4318818.843, 86
Trd, 4318819.593, 134
Trd, 4318819.993, 90
Trd, 4318820.993, 113
Trd, 4318821.343, 104
Trd, 4318822.243, 97
Trd, 4318822.443, 112
Trd, 4318822.543, 72
Trd, 4318823.293, 124
Trd, 4318823.743, 123
Trd, 4318825.593, 138
Trd, 4318825.943, 101
Trd, 4318826.143, 100
Trd, 4318826.943, 129
Trd, 4318827.443, 120
Trd, 4318828.343, 137
Trd, 4318829.093, 120
Trd, 4318829.593, 121
Trd, 4318829.793, 119
Trd, 4318829.893, 77
Trd, 4318830.543, 107
Trd, 4318831.143, 97
Trd, 4318831.993, 93
Trd, 4318832.443, 87
Trd, 4318833.793, 122
Trd, 4318834.243, 103
Trd, 4318834.843, 82
Trd, 4318835.093, 71
Trd, 4318835.893, 82
Trd, 4318836.593, 103
Trd, 4318837.443, 125
Trd, 4318837.743, 104
Trd, 4318838.743, 94
Trd, 4318838.893, 126
Trd, 4318840.593, 95
Trd, 4318840.893, 94
Trd, 4318842.743, 127
Trd, 4318842.893, 123
Trd, 4318843.493, 128
Trd, 4318843.643, 110
Trd, 4318844.293, 97
Trd, 4318844.343, 94
Trd, 4318844.593, 106
Trd, 4318846.243, 72
Trd, 4318846.443, 114
Trd, 4318846.693, 97
Trd, 4318848.243, 137
Trd, 4318848.993, 131
Trd, 4318849.243, 94
Trd, 4318849.493, 135
Trd, 4318850.093, 138
Trd, 4318850.893, 102
Trd, 4318851.243, 100
Trd, 4318852.043, 116
Trd, 4318853.043, 114
Trd, 4318853.293, 105
Trd, 4318855.143, 128
Trd, 4318855.443, 107
Trd, 4318855.943, 85
Trd, 4318856.443, 78
Trd, 4318856.793, 130
Trd, 4318857.943, 78
Trd, 4318858.843, 68
Trd, 4318859.343, 138
Trd, 4318859.893, 114
Trd, 4318860.043, 121
Trd, 4318860.443, 133
Trd, 4318860.543, 70
Trd, 4318861.293, 112
Trd, 4318861.743, 94
Trd, 4318862.093, 97
Trd, 4318863.193, 94
Trd, 4318864.543, 113
Trd, 4318864.943, 100
Trd, 4318865.093, 114
Trd, 4318865.393, 138
Trd, 4318867.343, 135
Trd, 4318867.993, 112
Trd, 4318868.243, 130
Trd, 4318869.443, 107
Trd, 4318869.893, 105
Trd, 4318870.743, 129
Trd, 4318872.093, 93
Trd, 4318872.743, 116
Trd, 4318876.143, 112
Trd, 4318876.843, 138
Trd, 4318877.793, 96
Trd, 4318878.443, 132
Trd, 4318878.743, 133
Trd, 4318879.043, 123
Trd, 4318879.193, 86
Trd, 4318879.743, 135
Trd, 4318880.893, 127
Trd, 4318881.443, 125
Trd, 4318881.893, 121
Trd, 4318882.793, 85
Trd, 4318883.343, 126
Trd, 4318883.693, 92
Trd, 4318885.443, 120
Trd, 4318886.593, 105
Trd, 4318887.043, 128
Trd, 4318887.443, 85
Trd, 4318887.993, 135
Trd, 4318889.043, 85
Trd, 4318889.193, 94
Trd, 4318889.943, 101
Trd, 4318890.343, 61
Trd, 4318890.543, 71
Trd, 4318890.843, 127
Trd, 4318891.393, 128
Trd, 4318891.593, 121
Trd, 4318891.643, 119
Trd, 4318894.443, 127
Trd, 4318894.593, 117
Trd, 4318894.993, 99
Trd, 4318895.193, 93
Trd, 4318897.043, 116
Trd, 4318897.143, 109
Trd, 4318897.443, 122
Trd, 4318897.643, 122
Trd, 4318897.693, 90
Trd, 4318898.993, 138
Trd, 4318901.043, 129
Trd, 4318901.643, 124
Trd, 4318901.743, 117
Trd, 4318902.143, 137
Trd, 4318902.543, 120
Trd, 4318903.193, 130
Trd, 4318905.393, 124
Trd, 4318906.043, 140
Trd, 4318907.043, 129
Trd, 4318907.293, 113
Trd, 4318907.393, 110
Trd, 4318908.943, 137
Trd, 4318909.093, 121
Trd, 4318909.343, 123
Trd, 4318909.543, 90
Trd, 4318909.843, 133
Trd, 4318910.193, 100
Trd, 4318910.793, 87
Trd, 4318911.893, 83
Trd, 4318912.943, 106
Trd, 4318913.743, 132
Trd, 4318914.093, 131
Trd, 4318914.143, 122
Trd, 4318915.093, 126
Trd, 4318916.343, 85
Trd, 4318916.643, 73
Trd, 4318916.743, 129
Trd, 4318917.093, 85
Trd, 4318917.293, 85
Trd, 4318918.293, 94
Trd, 4318918.943, 111
Trd, 4318920.893, 101
Trd, 4318921.293, 92
Trd, 4318921.693, 103
Trd, 4318922.243, 130
Trd, 4318922.343, 90
Trd, 4318923.193, 131
Trd, 4318923.893, 111
Trd, 4318924.443, 137
Trd, 4318925.143, 107
Trd, 4318925.843, 95
Trd, 4318926.293, 72
Trd, 4318927.443, 106
Trd, 4318928.093, 121
Trd, 4318928.143, 91
Trd, 4318928.743, 91
Trd, 4318930.393, 90
Trd, 4318930.643, 127
Trd, 4318930.793, 123
Trd, 4318931.643, 128
Trd, 4318932.843, 73
Trd, 4318933.243, 103
Trd, 4318933.843, 121
Trd, 4318934.643, 113
Trd, 4318934.843, 106
Trd, 4318935.193, 85
Trd, 4318935.243, 83
Trd, 4318935.843, 106
Trd, 4318937.293, 130
Trd, 4318937.943, 106
Trd, 4318938.693, 109
Trd, 4318938.893, 95
Trd, 4318940.843, 127
Trd, 4318941.043, 119
Trd, 4318941.143, 122
Trd, 4318941.193, 106
Trd, 4318941.943, 129
Trd, 4318942.843, 135
Trd, 4318942.943, 116
Trd, 4318943.043, 114
Trd, 4318943.993, 100
Trd, 4318945.243, 114
Trd, 4318946.493, 139
Trd, 4318947.193, 132
Trd, 4318947.743, 116
Trd, 4318950.043, 129
Trd, 4318950.193, 125
Trd, 4318950.243, 117
Trd, 4318950.593, 118
Trd, 4318951.043, 97
Trd, 4318953.543, 131
Trd, 4318953.593, 122
Trd, 4318953.643, 116
Trd, 4318955.693, 131
Trd, 4318956.343, 116
Trd, 4318956.443, 95
Trd, 4318957.843, 131
Trd, 4318958.193, 123
Trd, 4318958.243, 87
Trd, 4318958.793, 137
Trd, 4318959.093, 109
Trd, 4318959.443, 137
Trd, 4318959.543, 110
Trd, 4318961.693, 123
Trd, 4318961.893, 136
Trd, 4318962.043, 116
Trd, 4318962.193, 139
Trd, 4318962.443, 108
Trd, 4318964.943, 118
Trd, 4318965.243, 113
Trd, 4318965.543, 95
Trd, 4318965.843, 124
Trd, 4318966.993, 138
Trd, 4318967.743, 130
Trd, 4318967.843, 109
Trd, 4318969.493, 128
Trd, 4318969.943, 124
Trd, 4318970.143, 117
Trd, 4318970.293, 106
Trd, 4318970.743, 95
Trd, 4318971.593, 87
Trd, 4318971.943, 90
Trd, 4318973.493, 138
Trd, 4318973.593, 136
Trd, 4318974.393, 119
Trd, 4318974.893, 103
Trd, 4318974.993, 132
Trd, 4318976.343, 129
Trd, 4318976.993, 92
Trd, 4318977.743, 108
Trd, 4318977.893, 125
Trd, 4318978.293, 130
Trd, 4318979.343, 137
Trd, 4318980.093, 131
Trd, 4318980.993, 120
Trd, 4318981.243, 116
Trd, 4318981.293, 103
Trd, 4318981.443, 117
Trd, 4318982.593, 139
Trd, 4318983.393, 113
Trd, 4318984.393, 73
Trd, 4318984.693, 67
Trd, 4318985.093, 134
Trd, 4318985.893, 87
Trd, 4318986.543, 85
Trd, 4318987.843, 91
Trd, 4318989.643, 60
Trd, 4318990.193, 97
Trd, 4318990.293, 97
Trd, 4318990.643, 100
Trd, 4318991.243, 109
Trd, 4318991.643, 107
Trd, 4318992.543, 119
Trd, 4318992.793, 117
Trd, 4318992.993, 140
Trd, 4318993.943, 65
Trd, 4318994.593, 62
Trd, 4318995.193, 69
Trd, 4318995.393, 103
Trd, 4318996.193, 123
Trd, 4318997.693, 140
Trd, 4318998.143, 135
Trd, 4318999.543, 129
Trd, 4318999.843, 100
Trd, 4319000.143, 120
Trd, 4319001.193, 131
Trd, 4319002.443, 136
Trd, 4319005.243, 83
Trd, 4319005.343, 104
Trd, 4319005.443, 126
Trd, 4319005.743, 125
Trd, 4319005.893, 138
Trd, 4319007.293, 110
Trd, 4319007.543, 101
Trd, 4319008.193, 101
Trd, 4319008.593, 85
Trd, 4319008.793, 60
Trd, 4319009.043, 103
Trd, 4319010.143, 67
Trd, 4319011.693, 112
Trd, 4319011.743, 123
Trd, 4319013.293, 140
Trd, 4319013.493, 129
Trd, 4319013.593, 110
Trd, 4319014.743, 71
Trd, 4319015.743, 74
Trd, 4319016.393, 64
Trd, 4319016.543, 63
Trd, 4319017.043, 63
Trd, 4319017.193, 66
Trd, 4319017.543, 78
Trd, 4319019.393, 68
Trd, 4319019.543, 93
Trd, 4319020.493, 109
Trd, 4319020.793, 129
Trd, 4319021.993, 135
Trd, 4319022.243, 126
Trd, 4319022.543, 120
Trd, 4319023.043, 94
Trd, 4319023.543, 96
Trd, 4319024.993, 75
Trd, 4319025.143, 99
Trd, 4319025.443, 107
Trd, 4319026.393, 67
Trd, 4319027.293, 110
Trd, 4319028.243, 125
Trd, 4319028.393, 115
Trd, 4319028.693, 68
Trd, 4319029.743, 81
Trd, 4319030.343, 106
Trd, 4319030.493, 72
Trd, 4319031.293, 116
Trd, 4319032.693, 116
Trd, 4319032.843, 100
Trd, 4319033.793, 123
Trd, 4319035.843, 120
Trd, 4319036.443, 102
Trd, 4319037.193, 121
Trd, 4319037.343, 114
Trd, 4319037.693, 125
Trd, 4319038.343, 87
Trd, 4319039.093, 76
Trd, 4319039.293, 72
Trd, 4319039.943, 89
Trd, 4319041.693, 87
Trd, 4319041.993, 97
Trd, 4319043.343, 128
Trd, 4319043.643, 118
Trd, 4319043.693, 117
Trd, 4319044.743, 122
Trd, 4319045.743, 137
Trd, 4319047.193, 109
Trd, 4319047.243, 94
Trd, 4319047.593, 76
Trd, 4319047.793, 84
Trd, 4319049.143, 112
Trd, 4319050.143, 128
Trd, 4319050.443, 77
Trd, 4319050.743, 79
Trd, 4319051.293, 65
Trd, 4319052.243, 63
Trd, 4319053.093, 127
Trd, 4319055.093, 136
Trd, 4319056.693, 124
Trd, 4319057.043, 138
Trd, 4319057.093, 123
Trd, 4319057.643, 139
Trd, 4319057.943, 129
Trd, 4319058.793, 127
Trd, 4319059.793, 132
Trd, 4319060.543, 116
Trd, 4319060.693, 113
Trd, 4319061.593, 117
Trd, 4319062.043, 113
Trd, 4319062.443, 123
Trd, 4319063.093, 93
Trd, 4319064.343, 117
Trd, 4319065.643, 126
Trd, 4319066.243, 127
Trd, 4319066.693, 99
Trd, 4319067.293, 95
Trd, 4319067.793, 84
Trd, 4319067.993, 129
Trd, 4319068.393, 140
Trd, 4319069.243, 101
Trd, 4319069.343, 89
Trd, 4319069.743, 114
Trd, 4319071.443, 122
Trd, 4319071.543, 119
Trd, 4319071.593, 88
Trd, 4319072.243, 85
Trd, 4319073.443, 104
Trd, 4319076.443, 104
Trd, 4319076.943, 100
Trd, 4319077.343, 108
Trd, 4319077.793, 77
Trd, 4319077.893, 75
Trd, 4319078.493, 72
Trd, 4319078.593, 109
Trd, 4319078.843, 97
Trd, 4319078.943, 78
Trd, 4319079.493, 116
Trd, 4319080.293, 90
Trd, 4319081.093, 93
Trd, 4319081.393, 66
Trd, 4319082.293, 99
Trd, 4319083.193, 88
Trd, 4319083.793, 69
Trd, 4319084.893, 122
Trd, 4319086.293, 114
Trd, 4319087.493, 130
Trd, 4319088.193, 127
Trd, 4319088.793, 99
Trd, 4319088.843, 91
Trd, 4319089.143, 86
Trd, 4319090.443, 87
Trd, 4319090.693, 77
Trd, 4319091.743, 87
Trd, 4319091.893, 79
Trd, 4319091.943, 103
Trd, 4319092.843, 69
Trd, 4319093.293, 61
Trd, 4319095.443, 128
Trd, 4319095.893, 138
Trd, 4319096.643, 130
Trd, 4319097.193, 94
Trd, 4319097.493, 82
Trd, 4319098.993, 121
Trd, 4319099.093, 113
Trd, 4319100.193, 84
Trd, 4319100.343, 106
Trd, 4319100.593, 115
Trd, 4319102.393, 85
Trd, 4319102.743, 82
Trd, 4319102.993, 130
Trd, 4319104.043, 80
Trd, 4319104.693, 113
Trd, 4319106.143, 100
Trd, 4319107.243, 131
Trd, 4319107.343, 121
Trd, 4319107.993, 107
Trd, 4319108.943, 113
Trd, 4319109.193, 85
Trd, 4319109.543, 130
Trd, 4319109.693, 117
Trd, 4319111.493, 140
Trd, 4319111.593, 118
Trd, 4319111.793, 105
Trd, 4319112.193, 107
Trd, 4319114.143, 139
Trd, 4319114.493, 137
Trd, 4319115.343, 127
Trd, 4319115.693, 91
Trd, 4319117.043, 129
Trd, 4319117.143, 126
Trd, 4319117.593, 124
Trd, 4319117.643, 117
Trd, 4319118.293, 108
Trd, 4319118.343, 84
Trd, 4319118.843, 80
Trd, 4319119.543, 106
Trd, 4319120.693, 119
Trd, 4319121.143, 114
Trd, 4319122.793, 135
Trd, 4319123.043, 123
Trd, 4319123.843, 131
Trd, 4319124.743, 125
Trd, 4319125.693, 138
Trd, 4319125.993, 115
Trd, 4319126.243, 124
Trd, 4319126.893, 138
Trd, 4319127.293, 135
Trd, 4319127.693, 104
Trd, 4319128.493, 88
Trd, 4319128.693, 133
Trd, 4319129.143, 60
Trd, 4319130.493, 126
Trd, 4319130.843, 87
Trd, 4319131.193, 69
Trd, 4319133.043, 92
Trd, 4319133.243, 127
Trd, 4319133.343, 109
Trd, 4319133.693, 74
Trd, 4319134.443, 138
Trd, 4319135.943, 136
Trd, 4319137.143, 128
Trd, 4319137.193, 126
Trd, 4319137.743, 128
Trd, 4319137.993, 124
Trd, 4319138.693, 111
Trd, 4319139.143, 107
Trd, 4319140.543, 115
Trd, 4319141.043, 137
Trd, 4319141.943, 117
Trd, 4319141.993, 107
Trd, 4319142.443, 109
Trd, 4319143.193, 117
Trd, 4319143.843, 115
Trd, 4319144.193, 100
Trd, 4319145.743, 119
Trd, 4319146.443, 124
Trd, 4319147.443, 62
Trd, 4319147.543, 103
Trd, 4319147.993, 135
Trd, 4319148.343, 133
Trd, 4319148.493, 105
Trd, 4319148.993, 137
Trd, 4319150.343, 64
Trd, 4319150.393, 75
Trd, 4319150.643, 119
Trd, 4319151.743, 132
Trd, 4319152.643, 70
Trd, 4319154.593, 100
Trd, 4319155.643, 111
Trd, 4319157.093, 134
Trd, 4319157.643, 138
Trd, 4319158.193, 124
Trd, 4319158.593, 87
Trd, 4319159.093, 83
Trd, 4319159.993, 93
Trd, 4319160.793, 93
Trd, 4319160.843, 100
Trd, 4319160.993, 82
Trd, 4319162.593, 84
Trd, 4319162.643, 92
Trd, 4319162.843, 84
Trd, 4319162.993, 98
Trd, 4319163.743, 93
Trd, 4319165.043, 115
Trd, 4319165.843, 107
Trd, 4319166.193, 124
Trd, 4319167.493, 138
Trd, 4319167.743, 129
Trd, 4319167.893, 126
Trd, 4319168.443, 124
Trd, 4319169.293, 91
Trd, 4319170.593, 68
Trd, 4319170.893, 66
Trd, 4319171.493, 64
Trd, 4319172.293, 124
Trd, 4319172.393, 126
Trd, 4319173.993, 62
Trd, 4319174.643, 102
Trd, 4319175.193, 120
Trd, 4319175.943, 103
Trd, 4319177.843, 71
Trd, 4319178.693, 66
Trd, 4319178.943, 100
Trd, 4319179.643, 136
Trd, 4319180.493, 100
Trd, 4319181.943, 119
Trd, 4319183.193, 116
Trd, 4319183.593, 92
Trd, 4319184.393, 119
Trd, 4319185.243, 126
Trd, 4319185.393, 121
Trd, 4319185.793, 113
Trd, 4319186.393, 99
Trd, 4319186.743, 100
Trd, 4319187.443, 108
Trd, 4319188.443, 84
Trd, 4319189.093, 79
Trd, 4319190.143, 125
Trd, 4319191.543, 74
Trd, 4319191.793, 102
Trd, 4319192.593, 98
Trd, 4319193.693, 110
Trd, 4319194.093, 119
Trd, 4319194.743, 97
Trd, 4319195.093, 123
Trd, 4319195.893, 122
Trd, 4319196.393, 79
Trd, 4319196.493, 67
Trd, 4319196.943, 135
Trd, 4319197.843, 98
Trd, 4319198.943, 132
Trd, 4319199.893, 134
Trd, 4319200.193, 120
Trd, 4319200.743, 128
Trd, 4319200.893, 126
Trd, 4319201.043, 112
Trd, 4319201.143, 95
Trd, 4319202.043, 119
Trd, 4319202.393, 60
Trd, 4319202.543, 64
Trd, 4319203.793, 120
Trd, 4319205.693, 116
Trd, 4319205.743, 123
Trd, 4319206.143, 139
Trd, 4319206.393, 129
Trd, 4319207.593, 110
Trd, 4319207.743, 122
Trd, 4319208.143, 130
Trd, 4319209.293, 78
Trd, 4319210.643, 68
Trd, 4319211.093, 62
Trd, 4319211.193, 74
Trd, 4319212.143, 136
Trd, 4319213.143, 126
Trd, 4319213.443, 117
Trd, 4319213.743, 113
Trd, 4319214.393, 130
Trd, 4319214.443, 105
Trd, 4319214.493, 96
Trd, 4319215.693, 74
Trd, 4319215.893, 139
Trd, 4319216.243, 62
Trd, 4319217.993, 140
Trd, 4319218.343, 106
Trd, 4319218.543, 101
Trd, 4319218.843, 89
Trd, 4319219.193, 137
Trd, 4319219.593, 100
Trd, 4319220.943, 124
Trd, 4319222.043, 137
Trd, 4319223.193, 113
Trd, 4319223.843, 130
Trd, 4319224.543, 119
Trd, 4319225.243, 117
Trd, 4319225.743, 82
Trd, 4319225.993, 123
Trd, 4319227.743, 121
Trd, 4319227.993, 117
Trd, 4319228.243, 108
Trd, 4319228.443, 101
Trd, 4319229.643, 104
Trd, 4319229.943, 122
Trd, 4319230.843, 134
Trd, 4319231.293, 111
Trd, 4319233.093, 102
Trd, 4319233.693, 134
Trd, 4319234.193, 132
Trd, 4319234.393, 123
Trd, 4319235.043, 121
Trd, 4319236.193, 140
Trd, 4319236.343, 113
Trd, 4319236.993, 111
Trd, 4319237.043, 94
Trd, 4319237.143, 78
Trd, 4319238.743, 101
Trd, 4319238.793, 96
Trd, 4319239.243, 114
Trd, 4319239.643, 90
Trd, 4319240.993, 100
Trd, 4319241.543, 65
Trd, 4319241.693, 72
Trd, 4319242.243, 63
Trd, 4319243.293, 103
Trd, 4319244.343, 117
Trd, 4319244.443, 111
Trd, 4319246.043, 139
Trd, 4319247.943, 131
Trd, 4319248.293, 122
Trd, 4319249.443, 128
Trd, 4319249.893, 94
Trd, 4319250.693, 94
Trd, 4319251.843, 136
Trd, 4319252.943, 124
Trd, 4319253.893, 139
Trd, 4319254.543, 104
Trd, 4319254.993, 120
Trd, 4319256.193, 126
Trd, 4319257.443, 112
Trd, 4319257.543, 111
Trd, 4319258.193, 102
Trd, 4319258.643, 98
Trd, 4319259.493, 93
Trd, 4319260.293, 136
Trd, 4319261.293, 134
Trd, 4319261.593, 127
Trd, 4319262.143, 140
Trd, 4319263.643, 127
Trd, 4319264.393, 137
Trd, 4319264.593, 118
Trd, 4319265.093, 139
Trd, 4319265.193, 130
Trd, 4319266.243, 101
Trd, 4319266.293, 93
Trd, 4319267.593, 103
Trd, 4319269.643, 135
Trd, 4319269.793, 126
Trd, 4319269.893, 124
Trd, 4319270.243, 113
Trd, 4319270.893, 109
Trd, 4319271.443, 134
Trd, 4319271.893, 125
Trd, 4319272.343, 138
Trd, 4319272.443, 102
Trd, 4319273.743, 94
Trd, 4319275.093, 123
Trd, 4319276.193, 111
Trd, 4319277.593, 123
Trd, 4319278.143, 127
Trd, 4319278.493, 128
Trd, 4319278.843, 125
Trd, 4319279.893, 126
Trd, 4319280.443, 103
Trd, 4319280.843, 127
Trd, 4319281.143, 108
Trd, 4319282.043, 79
Trd, 4319282.143, 100
Trd, 4319282.793, 103
Trd, 4319285.893, 112
Trd, 4319286.543, 133
Trd, 4319286.993, 122
Trd, 4319287.493, 124
Trd, 4319288.243, 107
Trd, 4319288.643, 96
Trd, 4319288.893, 97
Trd, 4319290.843, 127
Trd, 4319291.193, 94
Trd, 4319291.593, 99
Trd, 4319292.843, 136
Trd, 4319292.893, 128
Trd, 4319293.043, 97
Trd, 4319293.743, 102
Trd, 4319295.043, 62
Trd, 4319295.493, 83
Trd, 4319295.743, 120
Trd, 4319298.043, 114
Trd, 4319298.493, 111
Trd, 4319298.893, 102
Trd, 4319299.043, 97
Trd, 4319299.143, 90
Trd, 4319299.243, 79
Trd, 4319300.693, 101
Trd, 4319300.743, 93
Trd, 4319301.043, 137
Trd, 4319301.243, 82
Trd, 4319303.793, 128
Trd, 4319304.243, 127
Trd, 4319304.843, 108
Trd, 4319306.443, 75
Trd, 4319306.793, 78
Trd, 4319307.143, 74
Trd, 4319307.443, 82
Trd, 4319307.643, 131
Trd, 4319309.193, 82
Trd, 4319309.243, 111
Trd, 4319310.043, 125
Trd, 4319311.043, 104
Trd, 4319311.293, 121
Trd, 4319312.643, 120
Trd, 4319313.293, 125
Trd, 4319313.543, 101
Trd, 4319314.493, 138
Trd, 4319315.893, 131
Trd, 4319316.243, 132
Trd, 4319316.643, 123
Trd, 4319317.843, 124
Trd, 4319317.893, 103
Trd, 4319318.043, 88
Trd, 4319318.293, 101
Trd, 4319319.143, 127
Trd, 4319320.243, 89
Trd, 4319321.293, 122
Trd, 4319321.893, 121
Trd, 4319322.743, 137
Trd, 4319322.993, 129
Trd, 4319323.743, 115
Trd, 4319324.543, 122
Trd, 4319325.393, 82
Trd, 4319326.093, 100
Trd, 4319326.793, 104
Trd, 4319327.993, 119
Trd, 4319329.443, 138
Trd, 4319330.343, 138
Trd, 4319330.693, 125
Trd, 4319330.943, 131
Trd, 4319331.893, 122
Trd, 4319332.243, 89
Trd, 4319333.243, 134
Trd, 4319334.043, 120
Trd, 4319334.293, 112
Trd, 4319334.693, 97
Trd, 4319334.993, 122
Trd, 4319335.043, 89
Trd, 4319336.943, 121
Trd, 4319337.643, 63
Trd, 4319338.143, 69
Trd, 4319338.243, 117
Trd, 4319339.043, 72
Trd, 4319340.543, 115
Trd, 4319340.843, 88
Trd, 4319342.543, 89
Trd, 4319342.593, 72
Trd, 4319342.843, 115
Trd, 4319343.193, 134
Trd, 4319343.343, 116
Trd, 4319343.893, 89
Trd, 4319344.593, 104
Trd, 4319344.793, 60
Trd, 4319344.993, 88
Trd, 4319346.893, 128
Trd, 4319346.993, 119
Trd, 4319347.743, 134
Trd, 4319347.843, 117
Trd, 4319349.293, 93
Trd, 4319349.343, 89
Trd, 4319350.243, 130
Trd, 4319351.043, 74
Trd, 4319352.893, 125
Trd, 4319353.143, 131
Trd, 4319353.343, 114
Trd, 4319353.943, 113
Trd, 4319355.093, 132
Trd, 4319355.893, 88
Trd, 4319356.343, 120
Trd, 4319357.493, 123
Trd, 4319357.593, 98
Trd, 4319358.093, 106
Trd, 4319358.293, 78
Trd, 4319358.493, 104
Trd, 4319358.693, 66
Trd, 4319359.493, 87
Trd, 4319360.343, 115
Trd, 4319360.643, 130
Trd, 4319361.143, 74
Trd, 4319362.343, 62
Trd, 4319363.243, 131
Trd, 4319363.443, 120
Trd, 4319363.493, 115
Trd, 4319364.243, 60
Trd, 4319365.393, 65
Trd, 4319365.793, 114
Trd, 4319366.743, 68
Trd, 4319367.193, 96
Trd, 4319368.793, 107
Trd, 4319368.993, 95
Trd, 4319369.593, 90
Trd, 4319369.693, 114
Trd, 4319369.743, 129
Trd, 4319370.043, 68
Trd, 4319372.143, 94
Trd, 4319373.443, 101
Trd, 4319373.593, 123
Trd, 4319373.993, 119
Trd, 4319374.393, 134
Trd, 4319374.893, 103
Trd, 4319375.543, 129
Trd, 4319376.193, 85
Trd, 4319377.043, 84
Trd, 4319377.193, 74
Trd, 4319377.743, 74
Trd, 4319378.993, 124
Trd, 4319379.493, 91
Trd, 4319379.743, 108
Trd, 4319380.143, 86
Trd, 4319381.543, 85
Trd, 4319382.543, 73
Trd, 4319383.193, 77
Trd, 4319383.393, 113
Trd, 4319383.593, 66
Trd, 4319384.093, 91
Trd, 4319385.093, 135
Trd, 4319385.343, 69
Trd, 4319386.643, 130
Trd, 4319386.793, 115
Trd, 4319387.093, 99
Trd, 4319387.893, 117
Trd, 4319389.043, 114
Trd, 4319389.493, 134
Trd, 4319389.543, 109
Trd, 4319389.943, 97
Trd, 4319391.643, 107
Trd, 4319391.693, 103
Trd, 4319393.343, 139
Trd, 4319393.693, 135
Trd, 4319394.243, 114
Trd, 4319394.343, 111
Trd, 4319394.893, 126
Trd, 4319395.743, 82
Trd, 4319395.943, 114
Trd, 4319396.043, 78
Trd, 4319396.193, 61
Trd, 4319397.593, 124
Trd, 4319399.243, 116
Trd, 4319400.293, 119
Trd, 4319400.893, 100
Trd, 4319401.643, 99
Trd, 4319402.593, 140
Trd, 4319402.893, 138
Trd, 4319403.743, 140
Trd, 4319403.793, 121
Trd, 4319404.293, 86
Trd, 4319404.743, 81
Trd, 4319405.893, 69
Trd, 4319406.843, 85
Trd, 4319407.243, 83
Trd, 4319408.443, 95
Trd, 4319409.843, 133
Trd, 4319411.143, 116
Trd, 4319412.443, 96
Trd, 4319413.243, 138
Trd, 4319413.343, 92
Trd, 4319414.443, 134
Trd, 4319415.493, 115
Trd, 4319415.593, 103
Trd, 4319416.043, 112
Trd, 4319416.193, 75
Trd, 4319416.643, 140
Trd, 4319417.443, 63
Trd, 4319417.693, 66
Trd, 4319418.093, 63
Trd, 4319418.393, 75
Trd, 4319418.743, 92
Trd, 4319419.793, 76
Trd, 4319420.593, 75
Trd, 4319421.343, 62
Trd, 4319421.893, 65
Trd, 4319422.193, 88
Trd, 4319422.943, 85
Trd, 4319423.693, 78
Trd, 4319424.893, 81
Trd, 4319424.993, 78
Trd, 4319425.543, 81
Trd, 4319426.193, 121
Trd, 4319426.443, 95
Trd, 4319427.443, 88
Trd, 4319427.743, 90
Trd, 4319428.343, 117
Trd, 4319428.943, 107
Trd, 4319429.643, 128
Trd, 4319430.143, 117
Trd, 4319430.593, 110
Trd, 4319430.793, 102
Trd, 4319431.293, 140
Trd, 4319431.993, 132
Trd, 4319432.693, 130
Trd, 4319433.893, 126
Trd, 4319434.243, 135
Trd, 4319435.093, 106
Trd, 4319435.693, 95
Trd, 4319435.843, 115
Trd, 4319436.643, 128
Trd, 4319437.693, 117
Trd, 4319437.993, 90
Trd, 4319438.043, 78
Trd, 4319438.243, 70
Trd, 4319440.893, 139
Trd, 4319441.793, 138
Trd, 4319442.543, 114
Trd, 4319442.693, 110
Trd, 4319443.143, 139
Trd, 4319443.393, 131
Trd, 4319444.193, 82
Trd, 4319444.293, 71
Trd, 4319446.193, 122
Trd, 4319446.643, 107
Trd, 4319448.193, 137
Trd, 4319448.343, 130
Trd, 4319448.393, 129
Trd, 4319449.493, 135
Trd, 4319449.793, 123
Trd, 4319449.943, 106
Trd, 4319450.793, 100
Trd, 4319452.343, 93
Trd, 4319452.443, 98
Trd, 4319453.393, 123
Trd, 4319454.343, 135
Trd, 4319454.443, 111
Trd, 4319454.893, 109
Trd, 4319455.193, 103
Trd, 4319455.743, 126
Trd, 4319456.193, 81
Trd, 4319456.893, 90
Trd, 4319457.993, 77
Trd, 4319459.543, 140
Trd, 4319459.793, 121
Trd, 4319459.993, 123
Trd, 4319460.843, 83
Trd, 4319461.543, 91
Trd, 4319461.943, 83
Trd, 4319463.093, 107
Trd, 4319463.143, 96
Trd, 4319465.043, 138
Trd, 4319465.393, 126
Trd, 4319466.143, 133
Trd, 4319466.993, 135
Trd, 4319467.043, 118
Trd, 4319468.243, 95
Trd, 4319468.843, 70
Trd, 4319469.243, 102
Trd, 4319469.743, 65
Trd, 4319470.093, 87
Trd, 4319472.143, 132
Trd, 4319472.493, 105
Trd, 4319472.943, 125
Trd, 4319473.093, 80
Trd, 4319473.693, 119
Trd, 4319474.293, 76
Trd, 4319474.343, 112
Trd, 4319475.293, 129
Trd, 4319476.243, 93
Trd, 4319476.643, 138
Trd, 4319477.093, 137
Trd, 4319477.943, 111
Trd, 4319478.243, 130
Trd, 4319478.843, 100
Trd, 4319479.293, 75
Trd, 4319480.843, 81
Trd, 4319480.893, 84
Trd, 4319482.443, 122
Trd, 4319483.293, 137
Trd, 4319483.643, 103
Trd, 4319483.993, 99
Trd, 4319484.143, 119
Trd, 4319484.693, 93
Trd, 4319485.443, 87
Trd, 4319487.343, 123
Trd, 4319487.443, 111
Trd, 4319487.493, 110
Trd, 4319488.243, 114
Trd, 4319488.693, 128
Trd, 4319489.143, 132
Trd, 4319489.443, 129
Trd, 4319490.343, 108
Trd, 4319490.443, 103
Trd, 4319491.793, 128
Trd, 4319492.243, 126
Trd, 4319493.943, 140
Trd, 4319495.393, 121
Trd, 4319495.643, 120
Trd, 4319495.893, 112
Trd, 4319496.593, 96
Trd, 4319496.893, 99
Trd, 4319498.343, 131
Trd, 4319498.693, 120
Trd, 4319498.993, 119
Trd, 4319500.093, 111
Trd, 4319500.643, 97
Trd, 4319500.793, 129
Trd, 4319501.193, 97
Trd, 4319501.493, 89
Trd, 4319502.343, 69
Trd, 4319502.893, 130
Trd, 4319503.143, 67
Trd, 4319504.543, 125
Trd, 4319504.593, 90
Trd, 4319505.293, 94
Trd, 4319505.743, 82
Trd, 4319506.093, 70
Trd, 4319507.193, 115
Trd, 4319508.343, 95
Trd, 4319508.593, 94
Trd, 4319508.843, 106
Trd, 4319509.143, 88
Trd, 4319509.293, 81
Trd, 4319510.093, 70
Trd, 4319510.343, 113
Trd, 4319512.743, 104
Trd, 4319513.093, 123
Trd, 4319513.693, 90
Trd, 4319513.843, 61
Trd, 4319514.543, 74
Trd, 4319516.543, 102
Trd, 4319516.893, 90
Trd, 4319517.493, 83
Trd, 4319518.393, 99
Trd, 4319518.993, 107
Trd, 4319520.693, 136
Trd, 4319521.243, 130
Trd, 4319522.143, 125
Trd, 4319523.293, 132
Trd, 4319523.493, 129
Trd, 4319525.343, 135
Trd, 4319525.543, 108
Trd, 4319526.093, 117
Trd, 4319526.493, 100
Trd, 4319527.793, 111
Trd, 4319528.693, 132
Trd, 4319529.043, 109
Trd, 4319529.493, 120
Trd, 4319529.843, 96
Trd, 4319530.743, 124
Trd, 4319531.043, 121
Trd, 4319531.193, 93
Trd, 4319531.443, 82
Trd, 4319532.043, 66
Trd, 4319532.593, 74
Trd, 4319533.043, 116
Trd, 4319534.743, 134
Trd, 4319534.943, 106
Trd, 4319535.193, 99
Trd, 4319535.343, 83
Trd, 4319535.743, 128
Trd, 4319536.543, 62
Trd, 4319538.243, 60
Trd, 4319538.793, 93
Trd, 4319539.493, 77
Trd, 4319539.693, 96
Trd, 4319540.993, 138
Trd, 4319541.993, 128
Trd, 4319542.143, 133
Trd, 4319542.343, 128
Trd, 4319542.393, 123
Trd, 4319543.543, 132
Trd, 4319545.243, 132
Trd, 4319545.943, 96
Trd, 4319546.043, 112
Trd, 4319546.593, 74
Trd, 4319546.893, 66
Trd, 4319547.293, 70
Trd, 4319548.343, 71
Trd, 4319549.043, 97
Trd, 4319549.993, 114
Trd, 4319550.993, 108
Trd, 4319551.593, 107
Trd, 4319552.143, 112
Trd, 4319552.643, 130
Trd, 4319552.943, 128
Trd, 4319554.343, 104
Trd, 4319554.443, 90
Trd, 4319555.343, 85
Trd, 4319556.043, 74
Trd, 4319556.593, 106
Trd, 4319556.843, 133
Trd, 4319557.193, 136
Trd, 4319558.443, 112
Trd, 4319558.943, 132
Trd, 4319559.143, 125
Trd, 4319560.293, 131
Trd, 4319560.743, 102
Trd, 4319560.793, 95
Trd, 4319561.143, 109
Trd, 4319561.193, 69
Trd, 4319562.643, 136
Trd, 4319563.843, 129
Trd, 4319565.193, 88
Trd, 4319565.843, 79
Trd, 4319565.993, 89
Trd, 4319567.693, 134
Trd, 4319568.143, 122
Trd, 4319569.143, 116
Trd, 4319569.443, 136
Trd, 4319570.593, 137
Trd, 4319571.243, 127
Trd, 4319571.493, 99
Trd, 4319572.843, 106
Trd, 4319573.143, 124
Trd, 4319573.893, 102
Trd, 4319574.343, 137
Trd, 4319575.093, 89
Trd, 4319575.843, 102
Trd, 4319576.793, 103
Trd, 4319577.443, 118
Trd, 4319578.243, 134
Trd, 4319578.293, 116
Trd, 4319578.393, 93
Trd, 4319579.893, 139
Trd, 4319581.293, 111
Trd, 4319581.443, 106
Trd, 4319581.943, 105
Trd, 4319582.393, 111
Trd, 4319583.043, 110
Trd, 4319583.693, 68
Trd, 4319583.793, 123
Trd, 4319584.693, 114
Trd, 4319586.193, 71
Trd, 4319586.243, 72
Trd, 4319586.593, 96
Trd, 4319587.143, 75
Trd, 4319587.843, 71
Trd, 4319589.893, 135
Trd, 4319589.993, 125
Trd, 4319591.693, 117
Trd, 4319591.843, 120
Trd, 4319592.343, 112
Trd, 4319592.393, 109
Trd, 4319592.493, 105
Trd, 4319593.593, 137
Trd, 4319593.743, 136
Trd, 4319595.393, 128
Trd, 4319595.493, 120
Trd, 4319595.993, 110
Trd, 4319596.143, 109
Trd, 4319596.693, 128
Trd, 4319597.193, 103
Trd, 4319597.743, 98
Trd, 4319598.293, 86
Trd, 4319599.643, 137
Trd, 4319600.093, 121
Trd, 4319600.543, 128
Trd, 4319601.093, 126
Trd, 4319601.843, 113
Trd, 4319602.243, 129
Trd, 4319603.443, 131
Trd, 4319604.493, 102
Trd, 4319605.393, 125
Trd, 4319605.693, 129
Trd, 4319605.793, 110
Trd, 4319605.893, 110
Trd, 4319606.893, 62
Trd, 4319607.693, 62
Trd, 4319608.393, 90
Trd, 4319608.493, 108
Trd, 4319609.343, 95
Trd, 4319610.343, 69
Trd, 4319610.543, 74
Trd, 4319611.293, 76
Trd, 4319612.243, 81
Trd, 4319612.943, 121
Trd, 4319614.543, 112
Trd, 4319615.393, 138
Trd, 4319616.043, 111
Trd, 4319616.593, 100
Trd, 4319618.143, 100
Trd, 4319618.393, 129
Trd, 4319618.743, 90
Trd, 4319619.393, 104
Trd, 4319620.193, 118
Trd, 4319620.593, 123
Trd, 4319621.793, 125
Trd, 4319622.243, 111
Trd, 4319622.843, 129
Trd, 4319624.393, 111
Trd, 4319624.593, 109
Trd, 4319624.893, 89
Trd, 4319625.043, 82
Trd, 4319625.943, 88
Trd, 4319626.143, 93
Trd, 4319626.343, 80
Trd, 4319627.343, 139
Trd, 4319627.393, 93
Trd, 4319629.043, 123
Trd, 4319629.393, 116
Trd, 4319631.143, 102
Trd, 4319631.593, 103
Trd, 4319632.193, 81
Trd, 4319632.943, 128
Trd, 4319632.993, 112
Trd, 4319633.443, 131
Trd, 4319634.293, 95
Trd, 4319634.843, 81
Trd, 4319634.993, 113
Trd, 4319636.093, 78
Trd, 4319636.943, 127
Trd, 4319637.543, 120
Trd, 4319637.743, 104
Trd, 4319638.543, 137
Trd, 4319639.743, 132
Trd, 4319640.893, 119
Trd, 4319641.043, 123
Trd, 4319642.643, 138
Trd, 4319642.943, 139
Trd, 4319643.093, 130
Trd, 4319644.193, 127
Trd, 4319644.343, 126
Trd, 4319646.193, 90
Trd, 4319646.693, 132
Trd, 4319646.893, 95
Trd, 4319647.343, 129
Trd, 4319647.543, 72
Trd, 4319648.143, 91
Trd, 4319649.293, 137
Trd, 4319650.693, 125
Trd, 4319651.193, 133
Trd, 4319652.093, 126
Trd, 4319652.193, 139
Trd, 4319652.993, 129
Trd, 4319653.093, 113
Trd, 4319653.343, 93
Trd, 4319654.343, 132
Trd, 4319654.793, 81
Trd, 4319655.093, 114
Trd, 4319656.793, 79
Trd, 4319657.443, 113
Trd, 4319657.993, 129
Trd, 4319659.143, 136
Trd, 4319659.993, 132
Trd, 4319660.043, 116
Trd, 4319661.793, 127
Trd, 4319661.843, 120
Trd, 4319662.043, 106
Trd, 4319663.543, 72
Trd, 4319664.093, 134
Trd, 4319664.543, 80
Trd, 4319665.043, 97
Trd, 4319665.793, 101
Trd, 4319665.893, 96
Trd, 4319666.943, 117
Trd, 4319667.193, 94
Trd, 4319667.543, 139
Trd, 4319667.643, 107
Trd, 4319669.143, 132
Trd, 4319670.293, 124
Trd, 4319670.893, 69
Trd, 4319671.943, 112
Trd, 4319672.043, 111
Trd, 4319672.143, 88
Trd, 4319673.243, 124
Trd, 4319673.293, 101
Trd, 4319673.493, 137
Trd, 4319674.443, 132
Trd, 4319674.643, 117
Trd, 4319675.093, 72
Trd, 4319676.143, 123
Trd, 4319676.693, 119
Trd, 4319677.243, 128
Trd, 4319678.193, 108
Trd, 4319678.493, 97
Trd, 4319680.043, 102
Trd, 4319681.143, 136
Trd, 4319681.493, 138
Trd, 4319682.193, 135
Trd, 4319682.793, 128
Trd, 4319683.493, 125
Trd, 4319684.043, 113
Trd, 4319684.243, 101
Trd, 4319685.143, 125
Trd, 4319685.993, 134
Trd, 4319687.843, 106
Trd, 4319688.193, 105
Trd, 4319688.543, 111
Trd, 4319688.593, 93
Trd, 4319688.943, 90
Trd, 4319689.743, 107
Trd, 4319690.243, 134
Trd, 4319691.143, 70
Trd, 4319691.993, 66
Trd, 4319692.343, 89
Trd, 4319693.093, 123
Trd, 4319693.543, 116
Trd, 4319693.843, 105
Trd, 4319693.993, 80
Trd, 4319695.093, 114
Trd, 4319695.593, 139
Trd, 4319695.993, 93
Trd, 4319696.443, 109
Trd, 4319697.393, 139
Trd, 4319698.393, 130
Trd, 4319698.693, 131
Trd, 4319700.143, 121
Trd, 4319700.243, 111
Trd, 4319701.393, 110
Trd, 4319702.843, 138
Trd, 4319703.143, 133
Trd, 4319703.543, 124
Trd, 4319704.043, 121
Trd, 4319704.493, 106
Trd, 4319704.543, 93
Trd, 4319707.343, 128
Trd, 4319707.643, 103
Trd, 4319707.993, 84
Trd, 4319708.243, 77
Trd, 4319708.643, 116
Trd, 4319709.443, 111
Trd, 4319710.043, 79
Trd, 4319711.043, 79
Trd, 4319711.243, 73
Trd, 4319711.893, 83
Trd, 4319712.593, 116
Trd, 4319714.593, 121
Trd, 4319714.743, 127
Trd, 4319715.143, 137
Trd, 4319716.443, 113
Trd, 4319717.093, 115
Trd, 4319717.893, 137
Trd, 4319717.993, 114
Trd, 4319718.443, 114
Trd, 4319718.843, 140
Trd, 4319719.343, 104
Trd, 4319720.043, 111
Trd, 4319720.693, 135
Trd, 4319720.993, 134
Trd, 4319722.193, 66
Trd, 4319723.243, 95
Trd, 4319723.893, 138
Trd, 4319724.593, 125
Trd, 4319724.693, 116
Trd, 4319724.893, 114
Trd, 4319725.693, 123
Trd, 4319727.493, 120
Trd, 4319730.293, 138
Trd, 4319730.643, 121
Trd, 4319731.143, 129
Trd, 4319731.593, 117
Trd, 4319731.743, 139
Trd, 4319731.893, 112
Trd, 4319732.243, 88
Trd, 4319732.943, 63
Trd, 4319735.043, 126
Trd, 4319736.743, 138
Trd, 4319736.843, 126
Trd, 4319736.943, 121
Trd, 4319737.143, 140
Trd, 4319737.293, 119
Trd, 4319738.043, 129
Trd, 4319739.443, 123
Trd, 4319739.493, 115
Trd, 4319739.993, 98
Trd, 4319740.243, 114
Trd, 4319742.293, 134
Trd, 4319742.793, 139
Trd, 4319743.143, 136
Trd, 4319744.043, 123
Trd, 4319745.143, 97
Trd, 4319745.443, 87
Trd, 4319745.543, 69
Trd, 4319746.393, 60
Trd, 4319746.493, 65
Trd, 4319747.493, 138
Trd, 4319749.143, 110
Trd, 4319749.643, 134
Trd, 4319750.043, 98
Trd, 4319751.093, 124
Trd, 4319751.193, 115
Trd, 4319751.493, 123
Trd, 4319753.093, 134
Trd, 4319753.143, 129
Trd, 4319753.893, 134
Trd, 4319755.243, 133
Trd, 4319755.393, 127
Trd, 4319756.893, 104
Trd, 4319757.093, 112
Trd, 4319757.543, 91
Trd, 4319758.343, 137
Trd, 4319758.393, 129
Trd, 4319758.443, 113
Trd, 4319759.643, 140
Trd, 4319760.493, 93
Trd, 4319761.043, 111
Trd, 4319762.143, 134
Trd, 4319762.893, 97
Trd, 4319762.943, 95
Trd, 4319763.843, 126
Trd, 4319763.943, 87
Trd, 4319764.143, 140
Trd, 4319766.093, 85
Trd, 4319766.493, 92
Trd, 4319767.393, 71
Trd, 4319768.643, 79
Trd, 4319768.743, 75
Trd, 4319770.093, 78
Trd, 4319770.743, 96
Trd, 4319771.093, 92
Trd, 4319771.693, 74
Trd, 4319771.993, 75
Trd, 4319773.243, 119
Trd, 4319773.843, 97
Trd, 4319774.593, 77
Trd, 4319775.143, 77
Trd, 4319775.193, 103
Trd, 4319776.193, 114
Trd, 4319776.343, 115
Trd, 4319777.943, 140
Trd, 4319778.143, 129
Trd, 4319778.843, 124
Trd, 4319779.093, 67
Trd, 4319779.593, 97
Trd, 4319779.793, 76
Trd, 4319779.943, 70
Trd, 4319781.193, 83
Trd, 4319781.343, 97
Trd, 4319781.943, 125
Trd, 4319783.243, 65
Trd, 4319784.293, 118
Trd, 4319784.443, 111
Trd, 4319784.893, 122
Trd, 4319784.943, 95
Trd, 4319787.193, 64
Trd, 4319787.793, 79
Trd, 4319788.093, 83
Trd, 4319788.193, 93
Trd, 4319790.943, 94
Trd, 4319791.143, 92
Trd, 4319792.843, 138
Trd, 4319793.593, 139
Trd, 4319793.693, 125
Trd, 4319793.743, 109
Trd, 4319793.793, 102
Trd, 4319795.443, 78
Trd, 4319796.293, 121
Trd, 4319796.593, 139
Trd, 4319797.093, 127
Trd, 4319797.143, 119
Trd, 4319799.243, 123
Trd, 4319799.393, 121
Trd, 4319799.743, 120
Trd, 4319799.893, 128
Trd, 4319800.493, 119
Trd, 4319800.793, 116
Trd, 4319801.793, 140
Trd, 4319802.243, 116
Trd, 4319802.743, 117
Trd, 4319803.243, 78
Trd, 4319803.443, 138
Trd, 4319804.193, 92
Trd, 4319805.793, 115
Trd, 4319806.443, 133
Trd, 4319806.843, 99
Trd, 4319808.593, 126
Trd, 4319809.993, 139
Trd, 4319810.193, 125
Trd, 4319810.543, 123
Trd, 4319810.643, 119
Trd, 4319810.943, 137
Trd, 4319813.443, 139
Trd, 4319813.543, 129
Trd, 4319814.593, 109
Trd, 4319815.243, 115
Trd, 4319815.643, 121
Trd, 4319815.793, 100
Trd, 4319817.543, 136
Trd, 4319817.843, 138
Trd, 4319818.793, 118
Trd, 4319818.843, 85
Trd, 4319819.843, 73
Trd, 4319820.193, 89
Trd, 4319820.643, 84
Trd, 4319821.193, 129
Trd, 4319822.193, 73
Trd, 4319822.493, 103
Trd, 4319823.243, 105
Trd, 4319823.643, 120
Trd, 4319825.243, 129
Trd, 4319825.693, 123
Trd, 4319826.593, 129
Trd, 4319827.643, 131
Trd, 4319827.943, 93
Trd, 4319828.493, 129
Trd, 4319828.543, 120
Trd, 4319828.593, 130
Trd, 4319828.743, 98
Trd, 4319830.593, 119
Trd, 4319831.193, 116
Trd, 4319832.643, 134
Trd, 4319833.693, 103
Trd, 4319834.793, 135
Trd, 4319835.043, 118
Trd, 4319835.443, 120
Trd, 4319835.543, 104
Trd, 4319835.993, 93
Trd, 4319837.143, 87
Trd, 4319837.993, 65
Trd, 4319838.043, 100
Trd, 4319838.193, 138
Trd, 4319838.643, 64
Trd, 4319840.293, 124
Trd, 4319841.993, 137
Trd, 4319842.043, 132
Trd, 4319842.543, 136
Trd, 4319843.093, 135
Trd, 4319843.243, 128
Trd, 4319843.543, 120
Trd, 4319843.743, 133
Trd, 4319843.843, 101
Trd, 4319845.643, 88
Trd, 4319846.093, 107
Trd, 4319847.743, 119
Trd, 4319847.793, 76
Trd, 4319847.993, 80
Trd, 4319848.993, 111
Trd, 4319849.393, 108
Trd, 4319849.643, 107
Trd, 4319850.843, 134
Trd, 4319851.193, 125
Trd, 4319851.293, 85
Trd, 4319852.643, 60
Trd, 4319853.343, 69
Trd, 4319853.543, 86
Trd, 4319853.593, 89
Trd, 4319854.143, 89
Trd, 4319855.243, 107
Trd, 4319855.843, 128
Trd, 4319855.943, 81
Trd, 4319856.893, 92
Trd, 4319858.643, 129
Trd, 4319859.743, 118
Trd, 4319860.143, 135
Trd, 4319860.243, 129
Trd, 4319860.693, 125
Trd, 4319860.893, 102
Trd, 4319862.093, 116
Trd, 4319862.793, 116
Trd, 4319863.493, 131
Trd, 4319864.293, 126
Trd, 4319864.593, 138
Trd, 4319864.743, 103
Trd, 4319866.143, 65
Trd, 4319866.843, 71
Trd, 4319867.243, 93
Trd, 4319867.743, 99
Trd, 4319868.743, 95
Trd, 4319869.143, 123
Trd, 4319870.543, 61
Trd, 4319871.493, 64
Trd, 4319871.793, 65
Trd, 4319872.243, 85
Trd, 4319872.943, 119
Trd, 4319873.593, 128
Trd, 4319873.893, 119
Trd, 4319873.943, 105
Trd, 4319875.743, 124
Trd, 4319875.793, 106
Trd, 4319877.293, 123
Trd, 4319877.593, 126
Trd, 4319878.843, 136
Trd, 4319879.193, 132
Trd, 4319879.543, 117
Trd, 4319880.043, 101
Trd, 4319881.743, 127
Trd, 4319882.143, 101
Trd, 4319882.643, 87
Trd, 4319883.943, 137
Trd, 4319884.543, 105
Trd, 4319885.043, 78
Trd, 4319885.643, 115
Trd, 4319885.843, 100
Trd, 4319886.143, 102
Trd, 4319887.293, 120
Trd, 4319887.343, 84
Trd, 4319887.643, 103
Trd, 4319891.043, 132
Trd, 4319891.093, 125
Trd, 4319891.493, 113
Trd, 4319891.543, 96
Trd, 4319892.243, 130
Trd, 4319892.793, 118
Trd, 4319892.843, 115
Trd, 4319893.043, 100
Trd, 4319894.143, 88
Trd, 4319894.293, 89
Trd, 4319895.493, 117
Trd, 4319896.693, 82
Trd, 4319896.893, 106
Trd, 4319897.793, 91
Trd, 4319898.193, 116
Trd, 4319898.493, 82
Trd, 4319898.743, 73
Trd, 4319900.643, 106
Trd, 4319900.793, 98
Trd, 4319901.493, 131
Trd, 4319901.593, 121
Trd, 4319903.593, 129
Trd, 4319903.943, 120
Trd, 4319904.493, 102
Trd, 4319904.793, 114
Trd, 4319906.143, 68
Trd, 4319906.593, 66
Trd, 4319906.643, 101
Trd, 4319906.843, 127
Trd, 4319907.543, 64
Trd, 4319908.043, 73
Trd, 4319908.193, 60
Trd, 4319909.143, 130
Trd, 4319909.393, 60
Trd, 4319911.193, 130
Trd, 4319911.393, 121
Trd, 4319912.543, 87
Trd, 4319913.243, 139
Trd, 4319914.043, 140
Trd, 4319915.043, 129
Trd, 4319915.393, 116
Trd, 4319916.343, 131
Trd, 4319916.743, 119
Trd, 4319917.143, 136
Trd, 4319918.243, 81
Trd, 4319918.343, 112
Trd, 4319919.043, 118
Trd, 4319919.993, 102
Trd, 4319920.093, 108
Trd, 4319921.093, 103
Trd, 4319921.193, 99
Trd, 4319921.993, 128
Trd, 4319922.693, 84
Trd, 4319924.093, 137
Trd, 4319924.843, 123
Trd, 4319925.243, 137
Trd, 4319926.043, 92
Trd, 4319927.343, 98
Trd, 4319927.693, 140
Trd, 4319927.943, 131
Trd, 4319928.593, 119
Trd, 4319929.293, 107
Trd, 4319929.393, 118
Trd, 4319929.793, 88
Trd, 4319931.293, 95
Trd, 4319931.543, 74
Trd, 4319931.643, 98
Trd, 4319932.993, 60
Trd, 4319933.243, 87
Trd, 4319933.743, 68
Trd, 4319934.093, 88
Trd, 4319934.893, 105
Trd, 4319935.693, 138
Trd, 4319936.543, 95
Trd, 4319937.593, 137
Trd, 4319937.743, 116
Trd, 4319937.943, 132
Trd, 4319938.143, 99
Trd, 4319938.843, 109
Trd, 4319939.243, 86
Trd, 4319940.393, 140
Trd, 4319941.143, 140
Trd, 4319941.543, 130
Trd, 4319942.093, 115
Trd, 4319942.593, 123
Trd, 4319943.343, 112
Trd, 4319943.443, 109
Trd, 4319945.393, 127
Trd, 4319945.443, 116
Trd, 4319945.593, 115
Trd, 4319946.793, 110
Trd, 4319946.843, 96
Trd, 4319947.693, 91
Trd, 4319948.693, 111
Trd, 4319948.993, 115
Trd, 4319949.243, 92
Trd, 4319949.843, 113
Trd, 4319950.293, 84
Trd, 4319951.793, 115
Trd, 4319953.393, 127
Trd, 4319953.593, 115
Trd, 4319953.743, 106
Trd, 4319954.593, 76
Trd, 4319956.693, 135
Trd, 4319956.993, 132
Trd, 4319958.743, 118
Trd, 4319959.693, 106
Trd, 4319960.393, 109
Trd, 4319960.793, 121
Trd, 4319961.343, 104
Trd, 4319962.643, 123
Trd, 4319962.843, 103
Trd, 4319963.093, 102
Trd, 4319963.843, 65
Trd, 4319964.243, 65
Trd, 4319965.293, 130
Trd, 4319965.843, 115
Trd, 4319966.043, 130
Trd, 4319967.993, 132
Trd, 4319968.043, 124
Trd, 4319968.193, 107
Trd, 4319968.293, 63
Trd, 4319969.993, 140
Trd, 4319970.393, 132
Trd, 4319971.343, 119
Trd, 4319971.893, 138
Trd, 4319972.043, 100
Trd, 4319972.543, 82
Trd, 4319972.943, 101
Trd, 4319973.943, 128
Trd, 4319974.593, 110
Trd, 4319977.243, 136
Trd, 4319977.293, 120
Trd, 4319977.543, 99
Trd, 4319977.743, 96
Trd, 4319977.893, 139
Trd, 4319979.043, 134
Trd, 4319979.643, 125
Trd, 4319980.543, 116
Trd, 4319980.743, 112
Trd, 4319980.943, 98
Trd, 4319983.043, 86
Trd, 4319983.943, 127
Trd, 4319984.143, 88
Trd, 4319984.343, 84
Trd, 4319984.493, 136
Trd, 4319984.943, 110
Trd, 4319986.593, 137
Trd, 4319987.193, 127
Trd, 4319987.543, 114
Trd, 4319987.793, 137
Trd, 4319988.793, 115
Trd, 4319989.093, 140
Trd, 4319989.843, 123
Trd, 4319989.893, 107
Trd, 4319990.343, 102
Trd, 4319991.593, 119
Trd, 4319991.943, 124
Trd, 4319994.043, 68
Trd, 4319994.293, 81
Trd, 4319994.493, 86
Trd, 4319994.893, 90
Trd, 4319995.643, 71
Trd, 4319996.393, 96
Trd, 4319996.493, 91
Trd, 4319997.593, 117
Trd, 4319998.593, 108
Trd, 4319998.693, 104
Trd, 4319999.743, 100
Trd, 4319999.843, 82
