Trd, 4318153.643, 139
Trd, 4318153.693, 137
Trd, 4318155.193, 140
Trd, 4318156.093, 140
Trd, 4318156.193, 140
Trd, 4318156.893, 101
Trd, 4318156.993, 89
Trd, 4318158.243, 140
Trd, 4318159.243, 115
Trd, 4318159.343, 110
Trd, 4318159.943, 110
Trd, 4318160.243, 134
Trd, 4318161.693, 139
Trd, 4318161.843, 139
Trd, 4318162.543, 139
Trd, 4318164.193, 137
Trd, 4318164.643, 135
Trd, 4318164.793, 140
Trd, 4318165.143, 138
Trd, 4318165.243, 134
Trd, 4318165.893, 95
Trd, 4318167.193, 104
Trd, 4318168.193, 61
Trd, 4318168.393, 64
Trd, 4318168.593, 111
Trd, 4318170.793, 60
Trd, 4318171.243, 60
Trd, 4318171.343, 60
Trd, 4318171.393, 64
Trd, 4318171.943, 73
Trd, 4318173.443, 60
Trd, 4318173.893, 61
Trd, 4318175.143, 60
Trd, 4318175.343, 60
Trd, 4318175.593, 140
Trd, 4318176.093, 88
Trd, 4318176.243, 74
Trd, 4318176.993, 140
Trd, 4318177.343, 140
Trd, 4318178.143, 140
Trd, 4318178.943, 139
Trd, 4318179.093, 140
Trd, 4318180.593, 67
Trd, 4318181.443, 62
Trd, 4318181.793, 99
Trd, 4318182.693, 137
Trd, 4318183.093, 136
Trd, 4318183.293, 95
Trd, 4318184.643, 140
Trd, 4318186.143, 131
Trd, 4318186.893, 140
Trd, 4318187.543, 103
Trd, 4318188.243, 137
Trd, 4318188.793, 138
Trd, 4318189.043, 133
Trd, 4318190.193, 140
Trd, 4318190.293, 140
Trd, 4318190.743, 90
Trd, 4318190.943, 84
Trd, 4318191.943, 140
Trd, 4318193.493, 139
Trd, 4318194.543, 139
Trd, 4318194.643, 138
Trd, 4318195.393, 138
Trd, 4318196.893, 140
Trd, 4318197.393, 140
Trd, 4318198.093, 140
Trd, 4318198.293, 140
Trd, 4318198.443, 124
Trd, 4318199.143, 95
Trd, 4318199.493, 140
Trd, 4318199.993, 137
Trd, 4318200.693, 140
Trd, 4318202.093, 140
Trd, 4318202.293, 140
Trd, 4318202.343, 111
Trd, 4318203.943, 139
Trd, 4318204.043, 132
Trd, 4318204.443, 131
Trd, 4318205.743, 69
Trd, 4318206.593, 87
Trd, 4318206.793, 126
Trd, 4318206.893, 127
Trd, 4318207.443, 140
Trd, 4318208.343, 139
Trd, 4318208.543, 110
Trd, 4318208.943, 78
Trd, 4318209.593, 140
Trd, 4318210.343, 77
Trd, 4318211.143, 69
Trd, 4318211.793, 99
Trd, 4318213.193, 140
Trd, 4318213.243, 140
Trd, 4318214.143, 140
Trd, 4318214.193, 140
Trd, 4318214.643, 106
Trd, 4318215.443, 62
Trd, 4318215.993, 62
Trd, 4318216.143, 139
Trd, 4318217.543, 91
Trd, 4318219.343, 140
Trd, 4318219.393, 140
Trd, 4318220.043, 139
Trd, 4318220.143, 124
Trd, 4318221.293, 137
Trd, 4318221.993, 140
Trd, 4318222.943, 138
Trd, 4318224.843, 140
Trd, 4318225.643, 140
Trd, 4318226.593, 140
Trd, 4318227.143, 138
Trd, 4318227.293, 140
Trd, 4318228.443, 140
Trd, 4318229.743, 140
Trd, 4318229.893, 140
Trd, 4318229.943, 139
Trd, 4318230.993, 132
Trd, 4318232.043, 139
Trd, 4318232.343, 136
Trd, 4318233.243, 140
Trd, 4318233.343, 115
Trd, 4318233.543, 139
Trd, 4318234.493, 140
Trd, 4318234.893, 117
Trd, 4318234.943, 116
Trd, 4318235.893, 60
Trd, 4318236.393, 139
Trd, 4318237.943, 140
Trd, 4318238.143, 139
Trd, 4318238.893, 108
Trd, 4318240.043, 140
Trd, 4318241.593, 140
Trd, 4318242.443, 140
Trd, 4318243.043, 140
Trd, 4318243.593, 140
Trd, 4318244.643, 140
Trd, 4318244.793, 140
Trd, 4318245.043, 140
Trd, 4318245.993, 137
Trd, 4318247.043, 126
Trd, 4318247.243, 100
Trd, 4318247.893, 140
Trd, 4318248.543, 140
Trd, 4318249.593, 140
Trd, 4318251.893, 140
Trd, 4318252.343, 140
Trd, 4318253.043, 107
Trd, 4318253.543, 117
Trd, 4318255.493, 135
Trd, 4318255.593, 134
Trd, 4318255.943, 139
Trd, 4318256.393, 138
Trd, 4318257.993, 140
Trd, 4318258.443, 140
Trd, 4318259.543, 140
Trd, 4318259.943, 140
Trd, 4318260.143, 140
Trd, 4318260.593, 140
Trd, 4318260.943, 132
Trd, 4318261.193, 131
Trd, 4318262.343, 140
Trd, 4318263.543, 140
Trd, 4318264.343, 140
Trd, 4318265.293, 140
Trd, 4318265.543, 140
Trd, 4318267.093, 140
Trd, 4318267.993, 140
Trd, 4318268.193, 140
Trd, 4318268.293, 140
Trd, 4318270.193, 140
Trd, 4318270.693, 140
Trd, 4318271.093, 138
Trd, 4318271.693, 114
Trd, 4318273.193, 140
Trd, 4318273.493, 140
Trd, 4318273.993, 67
Trd, 4318274.943, 60
Trd, 4318275.343, 60
Trd, 4318275.393, 60
Trd, 4318275.993, 60
Trd, 4318276.493, 67
Trd, 4318276.843, 64
Trd, 4318277.293, 67
Trd, 4318278.093, 60
Trd, 4318278.893, 140
Trd, 4318279.043, 140
Trd, 4318279.543, 140
Trd, 4318279.743, 138
Trd, 4318280.343, 97
Trd, 4318282.193, 139
Trd, 4318282.443, 131
Trd, 4318282.543, 128
Trd, 4318283.143, 139
Trd, 4318285.193, 140
Trd, 4318285.593, 140
Trd, 4318286.193, 140
Trd, 4318287.693, 138
Trd, 4318288.143, 106
Trd, 4318288.643, 126
Trd, 4318288.793, 119
Trd, 4318289.643, 63
Trd, 4318289.843, 63
Trd, 4318290.693, 62
Trd, 4318291.543, 82
Trd, 4318292.843, 60
Trd, 4318292.943, 61
Trd, 4318293.243, 62
Trd, 4318293.443, 69
Trd, 4318294.293, 62
Trd, 4318295.093, 60
Trd, 4318295.393, 76
Trd, 4318296.443, 139
Trd, 4318297.543, 61
Trd, 4318297.843, 111
Trd, 4318298.443, 60
Trd, 4318298.893, 78
Trd, 4318299.593, 140
Trd, 4318300.993, 140
Trd, 4318301.843, 140
Trd, 4318302.293, 140
Trd, 4318302.443, 137
Trd, 4318302.643, 101
Trd, 4318303.393, 140
Trd, 4318304.693, 140
Trd, 4318304.743, 125
Trd, 4318307.393, 140
Trd, 4318307.693, 140
Trd, 4318308.243, 140
Trd, 4318308.443, 135
Trd, 4318309.243, 139
Trd, 4318309.343, 93
Trd, 4318310.343, 140
Trd, 4318310.593, 138
Trd, 4318310.693, 103
Trd, 4318313.243, 140
Trd, 4318314.443, 140
Trd, 4318315.293, 136
Trd, 4318315.543, 136
Trd, 4318315.693, 103
Trd, 4318316.043, 112
Trd, 4318316.543, 113
Trd, 4318316.593, 139
Trd, 4318316.993, 107
Trd, 4318317.843, 138
Trd, 4318320.193, 61
Trd, 4318320.593, 63
Trd, 4318320.693, 62
Trd, 4318320.743, 60
Trd, 4318321.893, 61
Trd, 4318322.343, 65
Trd, 4318322.693, 72
Trd, 4318323.343, 140
Trd, 4318325.493, 140
Trd, 4318326.093, 140
Trd, 4318327.343, 140
Trd, 4318327.393, 139
Trd, 4318327.593, 138
Trd, 4318328.843, 139
Trd, 4318329.693, 124
Trd, 4318329.743, 113
Trd, 4318330.943, 140
Trd, 4318331.543, 140
Trd, 4318331.593, 139
Trd, 4318332.193, 138
Trd, 4318333.093, 90
Trd, 4318333.593, 76
Trd, 4318333.693, 137
Trd, 4318334.793, 140
Trd, 4318335.493, 140
Trd, 4318335.543, 140
Trd, 4318335.843, 101
Trd, 4318335.993, 85
Trd, 4318337.043, 140
Trd, 4318338.543, 139
Trd, 4318339.743, 140
Trd, 4318341.993, 140
Trd, 4318342.043, 140
Trd, 4318342.743, 140
Trd, 4318342.843, 139
Trd, 4318343.043, 138
Trd, 4318343.143, 101
Trd, 4318343.993, 60
Trd, 4318345.043, 89
Trd, 4318345.743, 112
Trd, 4318346.943, 138
Trd, 4318347.393, 140
Trd, 4318347.843, 140
Trd, 4318348.943, 83
Trd, 4318348.993, 104
Trd, 4318349.743, 140
Trd, 4318350.343, 139
Trd, 4318350.543, 108
Trd, 4318350.943, 106
Trd, 4318351.143, 140
Trd, 4318351.643, 74
Trd, 4318353.243, 140
Trd, 4318353.293, 140
Trd, 4318354.293, 136
Trd, 4318356.893, 140
Trd, 4318358.043, 140
Trd, 4318358.193, 140
Trd, 4318358.943, 140
Trd, 4318359.843, 140
Trd, 4318360.593, 140
Trd, 4318361.093, 140
Trd, 4318361.793, 140
Trd, 4318362.543, 140
Trd, 4318362.693, 139
Trd, 4318363.143, 140
Trd, 4318363.743, 139
Trd, 4318364.543, 135
Trd, 4318365.743, 92
Trd, 4318365.893, 91
Trd, 4318367.943, 140
Trd, 4318368.393, 140
Trd, 4318368.543, 139
Trd, 4318368.593, 137
Trd, 4318368.793, 101
Trd, 4318369.293, 103
Trd, 4318370.893, 61
Trd, 4318370.943, 138
Trd, 4318371.293, 139
Trd, 4318371.343, 131
Trd, 4318371.443, 85
Trd, 4318372.643, 135
Trd, 4318372.793, 71
Trd, 4318373.943, 140
Trd, 4318375.043, 61
Trd, 4318376.393, 60
Trd, 4318377.093, 60
Trd, 4318377.443, 62
Trd, 4318378.043, 65
Trd, 4318378.293, 64
Trd, 4318378.443, 65
Trd, 4318378.943, 60
Trd, 4318379.243, 62
Trd, 4318380.643, 62
Trd, 4318380.993, 63
Trd, 4318381.293, 61
Trd, 4318382.643, 140
Trd, 4318382.943, 126
Trd, 4318383.693, 131
Trd, 4318384.093, 116
Trd, 4318384.243, 114
Trd, 4318385.493, 128
Trd, 4318385.693, 130
Trd, 4318387.443, 114
Trd, 4318387.893, 139
Trd, 4318387.943, 111
Trd, 4318388.543, 93
Trd, 4318388.593, 86
Trd, 4318389.093, 94
Trd, 4318390.743, 61
Trd, 4318391.143, 70
Trd, 4318391.243, 65
Trd, 4318391.743, 68
Trd, 4318393.193, 140
Trd, 4318394.093, 139
Trd, 4318394.343, 87
Trd, 4318395.243, 60
Trd, 4318395.693, 67
Trd, 4318395.843, 67
Trd, 4318396.593, 62
Trd, 4318398.293, 71
Trd, 4318398.443, 70
Trd, 4318399.943, 60
Trd, 4318400.243, 60
Trd, 4318400.843, 60
Trd, 4318401.593, 60
Trd, 4318402.543, 60
Trd, 4318402.593, 61
Trd, 4318403.243, 60
Trd, 4318403.593, 61
Trd, 4318404.143, 62
Trd, 4318404.343, 63
Trd, 4318404.643, 64
Trd, 4318405.593, 63
Trd, 4318406.743, 73
Trd, 4318407.143, 111
Trd, 4318407.993, 139
Trd, 4318408.243, 113
Trd, 4318409.043, 140
Trd, 4318409.743, 140
Trd, 4318410.493, 139
Trd, 4318412.293, 140
Trd, 4318412.343, 140
Trd, 4318412.643, 140
Trd, 4318413.143, 140
Trd, 4318413.943, 140
Trd, 4318415.043, 140
Trd, 4318415.243, 112
Trd, 4318415.343, 111
Trd, 4318416.993, 140
Trd, 4318417.893, 140
Trd, 4318417.943, 139
Trd, 4318418.993, 139
Trd, 4318419.043, 115
Trd, 4318419.543, 140
Trd, 4318420.043, 138
Trd, 4318420.343, 115
Trd, 4318421.093, 73
Trd, 4318421.893, 90
Trd, 4318422.093, 66
Trd, 4318423.993, 60
Trd, 4318424.193, 73
Trd, 4318425.293, 61
Trd, 4318425.593, 76
Trd, 4318426.343, 77
Trd, 4318426.443, 67
Trd, 4318427.793, 62
Trd, 4318428.743, 65
Trd, 4318429.193, 68
Trd, 4318429.943, 81
Trd, 4318430.443, 92
Trd, 4318430.643, 65
Trd, 4318432.043, 60
Trd, 4318432.093, 61
Trd, 4318432.843, 132
Trd, 4318432.893, 127
Trd, 4318433.943, 61
Trd, 4318434.793, 60
Trd, 4318435.243, 67
Trd, 4318435.793, 60
Trd, 4318436.393, 95
Trd, 4318438.093, 121
Trd, 4318438.193, 126
Trd, 4318439.743, 60
Trd, 4318439.993, 60
Trd, 4318440.143, 60
Trd, 4318440.543, 63
Trd, 4318440.993, 60
Trd, 4318442.593, 60
Trd, 4318442.793, 61
Trd, 4318442.893, 66
Trd, 4318443.643, 137
Trd, 4318444.493, 65
Trd, 4318444.943, 61
Trd, 4318445.393, 139
Trd, 4318445.543, 62
Trd, 4318448.093, 60
Trd, 4318448.993, 60
Trd, 4318449.843, 62
Trd, 4318450.093, 64
Trd, 4318450.243, 66
Trd, 4318450.393, 67
Trd, 4318450.793, 75
Trd, 4318451.443, 139
Trd, 4318451.743, 61
Trd, 4318452.293, 63
Trd, 4318452.643, 64
Trd, 4318452.843, 74
Trd, 4318453.343, 109
Trd, 4318454.193, 139
Trd, 4318456.893, 140
Trd, 4318457.493, 140
Trd, 4318457.843, 139
Trd, 4318458.643, 140
Trd, 4318459.993, 140
Trd, 4318460.593, 100
Trd, 4318460.793, 95
Trd, 4318462.493, 139
Trd, 4318462.543, 135
Trd, 4318462.993, 110
Trd, 4318463.493, 120
Trd, 4318465.143, 138
Trd, 4318465.243, 135
Trd, 4318465.443, 135
Trd, 4318466.243, 134
Trd, 4318466.743, 139
Trd, 4318466.793, 65
Trd, 4318467.893, 139
Trd, 4318469.243, 140
Trd, 4318469.793, 140
Trd, 4318470.643, 139
Trd, 4318470.993, 140
Trd, 4318472.743, 122
Trd, 4318473.393, 106
Trd, 4318474.093, 139
Trd, 4318475.343, 140
Trd, 4318475.843, 140
Trd, 4318475.893, 139
Trd, 4318476.143, 136
Trd, 4318476.593, 108
Trd, 4318476.993, 107
Trd, 4318478.643, 60
Trd, 4318478.993, 60
Trd, 4318479.193, 61
Trd, 4318480.643, 65
Trd, 4318481.043, 91
Trd, 4318481.243, 139
Trd, 4318482.293, 140
Trd, 4318483.443, 140
Trd, 4318484.393, 140
Trd, 4318484.493, 138
Trd, 4318485.043, 137
Trd, 4318485.293, 137
Trd, 4318486.593, 140
Trd, 4318486.643, 105
Trd, 4318488.443, 104
Trd, 4318489.893, 140
Trd, 4318489.943, 140
Trd, 4318490.143, 139
Trd, 4318490.493, 140
Trd, 4318491.393, 138
Trd, 4318491.893, 136
Trd, 4318492.543, 136
Trd, 4318493.043, 140
Trd, 4318493.793, 136
Trd, 4318495.043, 140
Trd, 4318495.293, 135
Trd, 4318495.393, 79
Trd, 4318496.543, 60
Trd, 4318497.743, 105
Trd, 4318498.643, 65
Trd, 4318499.643, 81
Trd, 4318499.743, 82
Trd, 4318500.443, 60
Trd, 4318500.993, 63
Trd, 4318502.643, 61
Trd, 4318502.743, 63
Trd, 4318502.793, 64
Trd, 4318504.543, 67
Trd, 4318504.843, 67
Trd, 4318505.343, 82
Trd, 4318505.893, 61
Trd, 4318506.593, 101
Trd, 4318506.643, 103
Trd, 4318508.443, 60
Trd, 4318508.643, 61
Trd, 4318510.193, 60
Trd, 4318510.643, 61
Trd, 4318511.243, 64
Trd, 4318511.793, 61
Trd, 4318512.393, 65
Trd, 4318513.043, 61
Trd, 4318513.243, 61
Trd, 4318514.843, 60
Trd, 4318515.293, 65
Trd, 4318515.843, 70
Trd, 4318516.793, 69
Trd, 4318517.343, 63
Trd, 4318517.643, 126
Trd, 4318518.343, 140
Trd, 4318518.643, 139
Trd, 4318518.893, 137
Trd, 4318519.793, 105
Trd, 4318519.943, 104
Trd, 4318520.743, 65
Trd, 4318521.043, 61
Trd, 4318522.093, 62
Trd, 4318522.743, 82
Trd, 4318523.343, 66
Trd, 4318523.543, 61
Trd, 4318524.943, 140
Trd, 4318525.893, 140
Trd, 4318526.093, 140
Trd, 4318526.443, 113
Trd, 4318526.743, 138
Trd, 4318527.343, 112
Trd, 4318528.293, 60
Trd, 4318529.093, 139
Trd, 4318529.843, 91
Trd, 4318531.443, 140
Trd, 4318532.243, 139
Trd, 4318532.293, 89
Trd, 4318533.343, 130
Trd, 4318533.543, 105
Trd, 4318533.793, 75
Trd, 4318534.543, 129
Trd, 4318534.943, 126
Trd, 4318535.443, 74
Trd, 4318535.793, 63
Trd, 4318536.043, 138
Trd, 4318537.143, 81
Trd, 4318537.693, 61
Trd, 4318538.793, 62
Trd, 4318539.493, 68
Trd, 4318540.143, 60
Trd, 4318541.293, 122
Trd, 4318541.343, 103
Trd, 4318542.143, 139
Trd, 4318542.443, 137
Trd, 4318543.743, 140
Trd, 4318543.993, 140
Trd, 4318544.043, 123
Trd, 4318544.343, 122
Trd, 4318545.893, 138
Trd, 4318546.093, 138
Trd, 4318546.443, 85
Trd, 4318546.493, 139
Trd, 4318547.043, 139
Trd, 4318548.693, 139
Trd, 4318548.843, 112
Trd, 4318550.993, 62
Trd, 4318551.293, 63
Trd, 4318551.693, 63
Trd, 4318552.193, 70
Trd, 4318553.543, 61
Trd, 4318554.343, 60
Trd, 4318555.043, 60
Trd, 4318555.243, 61
Trd, 4318555.443, 67
Trd, 4318556.543, 61
Trd, 4318556.943, 61
Trd, 4318558.493, 62
Trd, 4318559.143, 61
Trd, 4318559.293, 119
Trd, 4318559.943, 62
Trd, 4318560.593, 68
Trd, 4318561.343, 61
Trd, 4318561.843, 61
Trd, 4318562.343, 66
Trd, 4318564.043, 60
Trd, 4318564.143, 60
Trd, 4318565.043, 61
Trd, 4318565.193, 63
Trd, 4318565.493, 64
Trd, 4318566.143, 72
Trd, 4318566.693, 72
Trd, 4318566.743, 73
Trd, 4318567.143, 72
Trd, 4318567.693, 75
Trd, 4318568.843, 60
Trd, 4318568.893, 60
Trd, 4318569.843, 140
Trd, 4318570.193, 60
Trd, 4318570.543, 136
Trd, 4318570.643, 138
Trd, 4318572.043, 60
Trd, 4318573.593, 60
Trd, 4318574.443, 60
Trd, 4318574.543, 64
Trd, 4318574.743, 66
Trd, 4318575.793, 61
Trd, 4318576.143, 61
Trd, 4318577.143, 60
Trd, 4318577.593, 62
Trd, 4318578.893, 60
Trd, 4318579.293, 60
Trd, 4318581.243, 60
Trd, 4318581.593, 60
Trd, 4318581.693, 63
Trd, 4318583.043, 62
Trd, 4318583.193, 61
Trd, 4318583.643, 65
Trd, 4318584.093, 66
Trd, 4318584.793, 102
Trd, 4318584.993, 61
Trd, 4318585.093, 61
Trd, 4318586.943, 71
Trd, 4318587.193, 88
Trd, 4318587.843, 89
Trd, 4318588.093, 94
Trd, 4318588.943, 140
Trd, 4318589.193, 81
Trd, 4318589.293, 81
Trd, 4318590.343, 138
Trd, 4318591.643, 131
Trd, 4318591.943, 138
Trd, 4318592.593, 139
Trd, 4318592.793, 138
Trd, 4318594.043, 140
Trd, 4318594.143, 140
Trd, 4318595.743, 140
Trd, 4318596.443, 138
Trd, 4318596.843, 82
Trd, 4318597.493, 139
Trd, 4318597.543, 137
Trd, 4318598.843, 140
Trd, 4318599.143, 138
Trd, 4318599.893, 139
Trd, 4318600.343, 121
Trd, 4318602.193, 140
Trd, 4318602.243, 140
Trd, 4318603.193, 140
Trd, 4318603.593, 114
Trd, 4318604.393, 60
Trd, 4318604.643, 104
Trd, 4318605.543, 120
Trd, 4318605.893, 118
Trd, 4318606.243, 117
Trd, 4318606.393, 89
Trd, 4318607.243, 121
Trd, 4318607.393, 92
Trd, 4318607.593, 76
Trd, 4318608.293, 140
Trd, 4318608.993, 138
Trd, 4318610.443, 60
Trd, 4318611.393, 140
Trd, 4318613.143, 140
Trd, 4318613.293, 140
Trd, 4318613.343, 140
Trd, 4318613.893, 127
Trd, 4318614.543, 139
Trd, 4318614.893, 127
Trd, 4318615.543, 140
Trd, 4318616.193, 139
Trd, 4318616.493, 103
Trd, 4318616.793, 139
Trd, 4318617.443, 64
Trd, 4318618.393, 137
Trd, 4318618.543, 89
Trd, 4318619.293, 137
Trd, 4318619.443, 137
Trd, 4318619.943, 136
Trd, 4318620.193, 129
Trd, 4318621.193, 138
Trd, 4318621.893, 140
Trd, 4318622.043, 140
Trd, 4318623.393, 83
Trd, 4318623.843, 70
Trd, 4318624.693, 140
Trd, 4318624.793, 135
Trd, 4318624.843, 127
Trd, 4318624.993, 70
Trd, 4318626.793, 65
Trd, 4318627.593, 61
Trd, 4318628.343, 89
Trd, 4318629.293, 138
Trd, 4318629.743, 62
Trd, 4318630.093, 61
Trd, 4318631.143, 62
Trd, 4318632.493, 62
Trd, 4318633.543, 60
Trd, 4318633.893, 60
Trd, 4318635.093, 61
Trd, 4318635.793, 61
Trd, 4318635.893, 61
Trd, 4318636.143, 62
Trd, 4318636.893, 60
Trd, 4318638.393, 61
Trd, 4318638.643, 60
Trd, 4318638.793, 62
Trd, 4318638.993, 70
Trd, 4318639.643, 64
Trd, 4318640.143, 127
Trd, 4318640.943, 86
Trd, 4318641.193, 108
Trd, 4318641.843, 66
Trd, 4318642.743, 112
Trd, 4318642.993, 64
Trd, 4318643.343, 65
Trd, 4318643.743, 69
Trd, 4318645.143, 139
Trd, 4318645.243, 139
Trd, 4318645.443, 118
Trd, 4318646.143, 93
Trd, 4318647.893, 140
Trd, 4318648.493, 140
Trd, 4318649.393, 139
Trd, 4318649.993, 140
Trd, 4318650.293, 103
Trd, 4318650.743, 103
Trd, 4318650.793, 99
Trd, 4318651.693, 140
Trd, 4318651.743, 136
Trd, 4318651.943, 96
Trd, 4318652.643, 63
Trd, 4318654.793, 140
Trd, 4318656.443, 140
Trd, 4318657.243, 140
Trd, 4318657.693, 139
Trd, 4318657.893, 132
Trd, 4318658.993, 140
Trd, 4318659.693, 140
Trd, 4318659.993, 139
Trd, 4318660.293, 118
Trd, 4318661.993, 140
Trd, 4318662.043, 140
Trd, 4318662.493, 139
Trd, 4318662.843, 140
Trd, 4318663.293, 112
Trd, 4318664.193, 122
Trd, 4318664.543, 139
Trd, 4318665.393, 99
Trd, 4318665.443, 94
Trd, 4318667.143, 139
Trd, 4318667.443, 107
Trd, 4318667.593, 134
Trd, 4318667.943, 61
Trd, 4318668.443, 61
Trd, 4318669.093, 63
Trd, 4318670.243, 140
Trd, 4318670.493, 71
Trd, 4318671.743, 80
Trd, 4318672.443, 139
Trd, 4318673.343, 60
Trd, 4318673.593, 61
Trd, 4318673.893, 64
Trd, 4318674.593, 63
Trd, 4318674.993, 140
Trd, 4318675.493, 130
Trd, 4318675.643, 129
Trd, 4318676.993, 140
Trd, 4318677.543, 140
Trd, 4318678.943, 140
Trd, 4318679.143, 140
Trd, 4318679.793, 140
Trd, 4318680.743, 140
Trd, 4318681.343, 124
Trd, 4318681.693, 117
Trd, 4318681.743, 96
Trd, 4318681.943, 78
Trd, 4318682.343, 137
Trd, 4318682.593, 140
Trd, 4318683.943, 140
Trd, 4318685.393, 140
Trd, 4318687.043, 140
Trd, 4318687.543, 140
Trd, 4318688.443, 140
Trd, 4318688.593, 121
Trd, 4318689.293, 140
Trd, 4318689.743, 139
Trd, 4318692.593, 140
Trd, 4318693.093, 140
Trd, 4318693.393, 139
Trd, 4318693.493, 110
Trd, 4318693.693, 104
Trd, 4318694.893, 140
Trd, 4318696.293, 97
Trd, 4318696.643, 111
Trd, 4318696.793, 97
Trd, 4318697.643, 133
Trd, 4318698.943, 140
Trd, 4318699.843, 140
Trd, 4318700.143, 140
Trd, 4318700.243, 106
Trd, 4318700.443, 97
Trd, 4318700.893, 61
Trd, 4318702.143, 67
Trd, 4318702.893, 140
Trd, 4318703.093, 140
Trd, 4318703.743, 140
Trd, 4318705.293, 140
Trd, 4318705.393, 140
Trd, 4318706.543, 140
Trd, 4318706.993, 139
Trd, 4318707.243, 139
Trd, 4318707.543, 138
Trd, 4318708.193, 139
Trd, 4318708.893, 137
Trd, 4318709.893, 140
Trd, 4318710.193, 140
Trd, 4318710.243, 89
Trd, 4318711.093, 93
Trd, 4318711.693, 79
Trd, 4318713.443, 140
Trd, 4318713.643, 134
Trd, 4318714.343, 97
Trd, 4318714.493, 140
Trd, 4318714.943, 139
Trd, 4318717.343, 140
Trd, 4318718.293, 140
Trd, 4318718.693, 140
Trd, 4318718.893, 139
Trd, 4318720.393, 140
Trd, 4318721.193, 140
Trd, 4318721.243, 140
Trd, 4318721.843, 140
Trd, 4318722.043, 103
Trd, 4318723.093, 100
Trd, 4318723.693, 96
Trd, 4318724.193, 138
Trd, 4318725.193, 140
Trd, 4318726.393, 140
Trd, 4318727.493, 140
Trd, 4318728.093, 140
Trd, 4318728.943, 139
Trd, 4318729.093, 138
Trd, 4318729.193, 129
Trd, 4318729.493, 71
Trd, 4318730.643, 123
Trd, 4318731.793, 140
Trd, 4318732.043, 60
Trd, 4318732.393, 60
Trd, 4318733.893, 60
Trd, 4318733.993, 63
Trd, 4318734.743, 60
Trd, 4318735.893, 107
Trd, 4318736.393, 76
Trd, 4318737.493, 62
Trd, 4318737.743, 66
Trd, 4318737.843, 68
Trd, 4318739.143, 118
Trd, 4318739.243, 117
Trd, 4318739.343, 111
Trd, 4318740.343, 97
Trd, 4318741.543, 137
Trd, 4318742.843, 140
Trd, 4318743.343, 140
Trd, 4318743.543, 140
Trd, 4318743.993, 140
Trd, 4318744.743, 131
Trd, 4318745.193, 140
Trd, 4318745.593, 139
Trd, 4318746.243, 105
Trd, 4318747.093, 113
Trd, 4318747.343, 88
Trd, 4318749.493, 140
Trd, 4318749.943, 140
Trd, 4318750.193, 140
Trd, 4318751.143, 139
Trd, 4318751.593, 140
Trd, 4318751.743, 134
Trd, 4318752.893, 139
Trd, 4318753.593, 108
Trd, 4318754.193, 90
Trd, 4318754.543, 63
Trd, 4318754.793, 63
Trd, 4318755.193, 61
Trd, 4318755.593, 60
Trd, 4318756.243, 63
Trd, 4318757.093, 60
Trd, 4318757.493, 60
Trd, 4318757.893, 71
Trd, 4318759.143, 60
Trd, 4318759.293, 61
Trd, 4318760.343, 103
Trd, 4318760.993, 66
Trd, 4318762.543, 60
Trd, 4318762.743, 60
Trd, 4318762.943, 61
Trd, 4318763.143, 60
Trd, 4318763.543, 63
Trd, 4318765.143, 60
Trd, 4318765.693, 61
Trd, 4318767.243, 64
Trd, 4318767.593, 66
Trd, 4318767.743, 77
Trd, 4318768.743, 61
Trd, 4318768.893, 82
Trd, 4318769.643, 64
Trd, 4318771.593, 60
Trd, 4318771.793, 61
Trd, 4318772.893, 65
Trd, 4318773.093, 66
Trd, 4318774.343, 64
Trd, 4318774.843, 82
Trd, 4318775.193, 87
Trd, 4318775.993, 83
Trd, 4318776.243, 62
Trd, 4318776.393, 113
Trd, 4318776.943, 114
Trd, 4318777.293, 136
Trd, 4318779.043, 89
Trd, 4318779.343, 115
Trd, 4318779.643, 140
Trd, 4318779.943, 73
Trd, 4318780.343, 69
Trd, 4318781.293, 86
Trd, 4318783.393, 60
Trd, 4318784.093, 64
Trd, 4318784.243, 64
Trd, 4318785.743, 60
Trd, 4318786.093, 60
Trd, 4318786.743, 63
Trd, 4318786.943, 64
Trd, 4318787.593, 60
Trd, 4318787.693, 62
Trd, 4318787.743, 62
Trd, 4318787.893, 107
Trd, 4318788.093, 121
Trd, 4318789.593, 140
Trd, 4318789.643, 140
Trd, 4318790.493, 61
Trd, 4318791.093, 64
Trd, 4318792.893, 140
Trd, 4318793.293, 140
Trd, 4318793.443, 139
Trd, 4318793.593, 139
Trd, 4318793.643, 138
Trd, 4318794.493, 139
Trd, 4318796.693, 139
Trd, 4318796.793, 137
Trd, 4318797.343, 139
Trd, 4318797.743, 114
Trd, 4318798.193, 138
Trd, 4318799.193, 127
Trd, 4318800.093, 122
Trd, 4318800.643, 118
Trd, 4318800.893, 134
Trd, 4318801.493, 104
Trd, 4318802.843, 140
Trd, 4318803.293, 138
Trd, 4318803.843, 140
Trd, 4318803.993, 139
Trd, 4318804.193, 81
Trd, 4318806.443, 140
Trd, 4318807.393, 140
Trd, 4318807.443, 140
Trd, 4318808.343, 140
Trd, 4318808.793, 140
Trd, 4318810.193, 139
Trd, 4318810.993, 140
Trd, 4318811.893, 138
Trd, 4318812.643, 140
Trd, 4318813.243, 140
Trd, 4318813.993, 130
Trd, 4318814.143, 129
Trd, 4318814.943, 140
Trd, 4318815.343, 140
Trd, 4318816.043, 140
Trd, 4318816.743, 140
Trd, 4318817.843, 136
Trd, 4318818.093, 140
Trd, 4318819.293, 103
Trd, 4318820.943, 111
Trd, 4318821.043, 94
Trd, 4318822.043, 140
Trd, 4318822.593, 99
Trd, 4318823.393, 60
Trd, 4318823.693, 77
Trd, 4318824.993, 60
Trd, 4318825.243, 62
Trd, 4318825.693, 85
Trd, 4318826.593, 140
Trd, 4318826.793, 139
Trd, 4318826.943, 140
Trd, 4318827.393, 139
Trd, 4318828.293, 60
Trd, 4318829.193, 61
Trd, 4318830.293, 60
Trd, 4318831.743, 61
Trd, 4318831.943, 77
Trd, 4318832.393, 61
Trd, 4318834.193, 61
Trd, 4318834.393, 61
Trd, 4318834.693, 61
Trd, 4318835.243, 65
Trd, 4318835.693, 89
Trd, 4318836.743, 100
Trd, 4318836.993, 95
Trd, 4318837.543, 139
Trd, 4318837.793, 138
Trd, 4318838.493, 139
Trd, 4318838.843, 70
Trd, 4318839.543, 137
Trd, 4318839.793, 102
Trd, 4318840.493, 140
Trd, 4318841.043, 140
Trd, 4318841.543, 61
Trd, 4318841.593, 60
Trd, 4318842.743, 139
Trd, 4318842.893, 77
Trd, 4318844.843, 140
Trd, 4318845.393, 140
Trd, 4318845.543, 140
Trd, 4318846.093, 140
Trd, 4318846.943, 140
Trd, 4318847.643, 140
Trd, 4318847.843, 140
Trd, 4318848.243, 93
Trd, 4318849.543, 140
Trd, 4318850.193, 140
Trd, 4318850.443, 140
Trd, 4318851.593, 139
Trd, 4318852.593, 134
Trd, 4318852.793, 135
Trd, 4318853.393, 140
Trd, 4318854.193, 126
Trd, 4318854.843, 125
Trd, 4318855.343, 139
Trd, 4318855.493, 137
Trd, 4318855.843, 130
Trd, 4318856.843, 137
Trd, 4318857.793, 60
Trd, 4318858.043, 60
Trd, 4318859.643, 61
Trd, 4318860.443, 63
Trd, 4318860.743, 64
Trd, 4318860.893, 61
Trd, 4318861.243, 64
Trd, 4318861.843, 140
Trd, 4318861.993, 140
Trd, 4318863.293, 63
Trd, 4318864.243, 63
Trd, 4318865.743, 60
Trd, 4318866.093, 64
Trd, 4318866.593, 64
Trd, 4318867.093, 140
Trd, 4318867.593, 140
Trd, 4318867.743, 140
Trd, 4318868.043, 116
Trd, 4318868.993, 139
Trd, 4318870.143, 140
Trd, 4318871.443, 140
Trd, 4318871.793, 136
Trd, 4318872.643, 140
Trd, 4318873.493, 140
Trd, 4318873.543, 139
Trd, 4318875.043, 84
Trd, 4318875.493, 88
Trd, 4318876.943, 140
Trd, 4318877.793, 140
Trd, 4318877.843, 138
Trd, 4318878.143, 123
Trd, 4318878.793, 140
Trd, 4318878.893, 140
Trd, 4318879.393, 107
Trd, 4318879.943, 68
Trd, 4318881.793, 139
Trd, 4318882.293, 139
Trd, 4318882.743, 136
Trd, 4318883.443, 140
Trd, 4318884.393, 140
Trd, 4318884.793, 139
Trd, 4318885.243, 140
Trd, 4318887.193, 140
Trd, 4318888.343, 139
Trd, 4318888.393, 138
Trd, 4318888.993, 139
Trd, 4318889.143, 120
Trd, 4318889.893, 140
Trd, 4318890.343, 140
Trd, 4318891.143, 126
Trd, 4318891.693, 99
Trd, 4318892.493, 140
Trd, 4318893.043, 140
Trd, 4318894.293, 140
Trd, 4318894.893, 129
Trd, 4318895.343, 85
Trd, 4318895.743, 85
Trd, 4318896.943, 64
Trd, 4318897.243, 110
Trd, 4318897.693, 78
Trd, 4318897.893, 138
Trd, 4318898.543, 71
Trd, 4318899.693, 67
Trd, 4318901.293, 137
Trd, 4318902.143, 140
Trd, 4318902.193, 118
Trd, 4318903.393, 92
Trd, 4318903.493, 90
Trd, 4318904.543, 140
Trd, 4318904.943, 139
Trd, 4318905.543, 85
Trd, 4318905.893, 140
Trd, 4318906.443, 137
Trd, 4318908.693, 140
Trd, 4318909.193, 140
Trd, 4318909.343, 116
Trd, 4318909.543, 137
Trd, 4318909.693, 108
Trd, 4318910.843, 60
Trd, 4318911.343, 60
Trd, 4318912.243, 140
Trd, 4318912.343, 127
Trd, 4318912.843, 98
Trd, 4318912.993, 96
Trd, 4318914.193, 60
Trd, 4318914.493, 63
Trd, 4318914.793, 82
Trd, 4318915.943, 140
Trd, 4318917.343, 137
Trd, 4318917.943, 135
Trd, 4318918.593, 140
Trd, 4318919.993, 140
Trd, 4318920.343, 140
Trd, 4318920.993, 120
Trd, 4318921.243, 128
Trd, 4318921.393, 94
Trd, 4318922.093, 140
Trd, 4318923.543, 138
Trd, 4318923.643, 133
Trd, 4318924.243, 112
Trd, 4318924.393, 110
Trd, 4318925.393, 140
Trd, 4318925.543, 140
Trd, 4318926.793, 139
Trd, 4318927.093, 115
Trd, 4318928.143, 135
Trd, 4318928.293, 105
Trd, 4318929.043, 139
Trd, 4318929.093, 105
Trd, 4318930.243, 140
Trd, 4318931.143, 140
Trd, 4318931.643, 133
Trd, 4318933.043, 140
Trd, 4318933.193, 140
Trd, 4318933.393, 140
Trd, 4318933.443, 101
Trd, 4318935.093, 140
Trd, 4318935.643, 140
Trd, 4318936.143, 139
Trd, 4318936.493, 126
Trd, 4318939.043, 139
Trd, 4318939.593, 137
Trd, 4318939.943, 103
Trd, 4318940.643, 140
Trd, 4318941.543, 140
Trd, 4318942.293, 130
Trd, 4318944.643, 140
Trd, 4318944.793, 140
Trd, 4318945.293, 140
Trd, 4318945.943, 140
Trd, 4318946.043, 140
Trd, 4318946.093, 139
Trd, 4318946.343, 115
Trd, 4318948.843, 139
Trd, 4318948.943, 139
Trd, 4318948.993, 97
Trd, 4318950.693, 139
Trd, 4318950.743, 100
Trd, 4318952.343, 136
Trd, 4318952.593, 138
Trd, 4318952.643, 116
Trd, 4318952.743, 97
Trd, 4318953.843, 139
Trd, 4318954.793, 140
Trd, 4318955.543, 60
Trd, 4318956.843, 61
Trd, 4318957.543, 60
Trd, 4318957.943, 60
Trd, 4318958.493, 61
Trd, 4318958.593, 61
Trd, 4318959.143, 64
Trd, 4318959.443, 65
Trd, 4318961.493, 140
Trd, 4318961.593, 140
Trd, 4318961.693, 138
Trd, 4318962.043, 64
Trd, 4318962.343, 140
Trd, 4318962.693, 110
Trd, 4318963.893, 62
Trd, 4318963.993, 68
Trd, 4318965.343, 63
Trd, 4318965.843, 75
Trd, 4318966.893, 137
Trd, 4318968.793, 110
Trd, 4318969.843, 73
Trd, 4318970.293, 101
Trd, 4318971.293, 138
Trd, 4318971.393, 118
Trd, 4318972.093, 82
Trd, 4318972.293, 68
Trd, 4318972.493, 64
Trd, 4318973.143, 140
Trd, 4318974.693, 140
Trd, 4318976.943, 140
Trd, 4318977.093, 140
Trd, 4318977.343, 140
Trd, 4318977.743, 140
Trd, 4318977.943, 139
Trd, 4318978.043, 138
Trd, 4318978.793, 115
Trd, 4318979.343, 138
Trd, 4318980.393, 114
Trd, 4318981.143, 138
Trd, 4318982.543, 60
Trd, 4318982.693, 60
Trd, 4318982.743, 61
Trd, 4318983.043, 62
Trd, 4318983.193, 136
Trd, 4318983.793, 98
Trd, 4318985.693, 140
Trd, 4318985.743, 140
Trd, 4318987.593, 77
Trd, 4318987.993, 75
Trd, 4318988.493, 64
Trd, 4318989.293, 61
Trd, 4318990.593, 69
Trd, 4318991.143, 60
Trd, 4318991.743, 62
Trd, 4318992.143, 140
Trd, 4318992.493, 140
Trd, 4318993.193, 140
Trd, 4318993.493, 109
Trd, 4318993.793, 88
Trd, 4318994.243, 93
Trd, 4318994.793, 72
Trd, 4318995.243, 71
Trd, 4318995.843, 140
Trd, 4318996.993, 133
Trd, 4318997.593, 100
Trd, 4318997.893, 135
Trd, 4318998.493, 61
Trd, 4318998.893, 64
Trd, 4318999.943, 60
Trd, 4319000.493, 62
Trd, 4319000.943, 60
Trd, 4319002.543, 60
Trd, 4319003.043, 63
Trd, 4319003.493, 63
Trd, 4319004.843, 60
Trd, 4319006.143, 60
Trd, 4319006.843, 69
Trd, 4319007.093, 63
Trd, 4319008.243, 60
Trd, 4319008.343, 60
Trd, 4319008.693, 65
Trd, 4319008.843, 64
Trd, 4319008.943, 66
Trd, 4319010.793, 60
Trd, 4319011.193, 60
Trd, 4319012.093, 62
Trd, 4319012.793, 97
Trd, 4319013.093, 119
Trd, 4319013.293, 80
Trd, 4319015.193, 60
Trd, 4319015.793, 60
Trd, 4319016.093, 63
Trd, 4319016.793, 60
Trd, 4319018.293, 60
Trd, 4319018.993, 72
Trd, 4319019.143, 61
Trd, 4319019.443, 81
Trd, 4319021.343, 62
Trd, 4319021.443, 69
Trd, 4319021.593, 71
Trd, 4319022.193, 60
Trd, 4319022.243, 60
Trd, 4319022.393, 119
Trd, 4319024.443, 140
Trd, 4319025.043, 115
Trd, 4319025.893, 140
Trd, 4319025.993, 137
Trd, 4319026.193, 129
Trd, 4319026.543, 129
Trd, 4319026.843, 134
Trd, 4319027.393, 140
Trd, 4319027.793, 60
Trd, 4319029.043, 140
Trd, 4319029.643, 139
Trd, 4319031.843, 114
Trd, 4319031.943, 107
Trd, 4319033.493, 140
Trd, 4319033.743, 140
Trd, 4319035.393, 140
Trd, 4319035.493, 139
Trd, 4319035.543, 132
Trd, 4319035.943, 91
Trd, 4319036.843, 140
Trd, 4319037.643, 129
Trd, 4319037.993, 139
Trd, 4319039.443, 138
Trd, 4319040.043, 138
Trd, 4319040.593, 111
Trd, 4319040.943, 102
Trd, 4319041.293, 79
Trd, 4319041.993, 66
Trd, 4319043.093, 69
Trd, 4319044.343, 60
Trd, 4319044.593, 60
Trd, 4319045.143, 60
Trd, 4319045.193, 62
Trd, 4319046.943, 63
Trd, 4319047.143, 64
Trd, 4319047.493, 61
Trd, 4319048.243, 140
Trd, 4319048.493, 140
Trd, 4319050.193, 140
Trd, 4319050.243, 140
Trd, 4319050.593, 116
Trd, 4319051.143, 140
Trd, 4319051.543, 86
Trd, 4319052.143, 139
Trd, 4319053.743, 140
Trd, 4319053.843, 138
Trd, 4319054.143, 110
Trd, 4319054.393, 62
Trd, 4319055.993, 118
Trd, 4319056.143, 60
Trd, 4319056.893, 60
Trd, 4319056.943, 61
Trd, 4319058.093, 60
Trd, 4319059.143, 62
Trd, 4319061.343, 60
Trd, 4319061.643, 60
Trd, 4319061.843, 60
Trd, 4319062.893, 64
Trd, 4319063.293, 65
Trd, 4319063.743, 62
Trd, 4319063.943, 62
Trd, 4319064.493, 105
Trd, 4319065.743, 70
Trd, 4319066.843, 113
Trd, 4319066.943, 64
Trd, 4319067.543, 140
Trd, 4319067.793, 139
Trd, 4319068.593, 140
Trd, 4319069.443, 140
Trd, 4319069.543, 140
Trd, 4319069.843, 139
Trd, 4319070.843, 109
Trd, 4319071.143, 72
Trd, 4319072.343, 107
Trd, 4319073.243, 60
Trd, 4319073.543, 61
Trd, 4319074.943, 60
Trd, 4319075.593, 64
Trd, 4319075.743, 60
Trd, 4319076.093, 60
Trd, 4319077.493, 80
Trd, 4319078.193, 80
Trd, 4319078.443, 81
Trd, 4319079.943, 139
Trd, 4319080.243, 138
Trd, 4319080.443, 87
Trd, 4319081.443, 140
Trd, 4319082.393, 140
Trd, 4319082.543, 135
Trd, 4319083.793, 92
Trd, 4319084.743, 140
Trd, 4319085.893, 139
Trd, 4319086.293, 140
Trd, 4319087.193, 137
Trd, 4319087.293, 137
Trd, 4319087.643, 103
Trd, 4319088.543, 92
Trd, 4319089.593, 89
Trd, 4319091.543, 138
Trd, 4319092.593, 139
Trd, 4319092.693, 139
Trd, 4319093.193, 140
Trd, 4319094.343, 140
Trd, 4319094.743, 120
Trd, 4319094.843, 101
Trd, 4319095.443, 100
Trd, 4319095.793, 83
Trd, 4319095.893, 72
Trd, 4319099.143, 140
Trd, 4319100.793, 140
Trd, 4319101.393, 140
Trd, 4319101.543, 140
Trd, 4319101.793, 137
Trd, 4319102.193, 138
Trd, 4319102.243, 96
Trd, 4319102.493, 140
Trd, 4319103.043, 140
Trd, 4319103.543, 140
Trd, 4319103.743, 113
Trd, 4319105.493, 140
Trd, 4319106.393, 140
Trd, 4319107.343, 140
Trd, 4319107.893, 140
Trd, 4319108.093, 138
Trd, 4319108.293, 132
Trd, 4319109.493, 123
Trd, 4319109.593, 122
Trd, 4319110.293, 132
Trd, 4319111.793, 140
Trd, 4319112.393, 140
Trd, 4319113.443, 139
Trd, 4319114.393, 137
Trd, 4319114.943, 140
Trd, 4319116.543, 140
Trd, 4319116.693, 98
Trd, 4319117.193, 61
Trd, 4319117.443, 73
Trd, 4319118.093, 62
Trd, 4319118.593, 61
Trd, 4319119.593, 60
Trd, 4319120.643, 60
Trd, 4319121.393, 60
Trd, 4319122.243, 61
Trd, 4319122.393, 61
Trd, 4319122.943, 61
Trd, 4319123.443, 65
Trd, 4319123.843, 69
Trd, 4319124.743, 63
Trd, 4319125.243, 68
Trd, 4319126.043, 75
Trd, 4319126.843, 140
Trd, 4319127.593, 140
Trd, 4319129.693, 140
Trd, 4319130.343, 140
Trd, 4319130.843, 140
Trd, 4319131.093, 139
Trd, 4319131.143, 138
Trd, 4319132.193, 111
Trd, 4319132.493, 140
Trd, 4319132.893, 98
Trd, 4319134.893, 140
Trd, 4319134.993, 140
Trd, 4319135.693, 140
Trd, 4319135.843, 139
Trd, 4319135.943, 126
Trd, 4319136.843, 73
Trd, 4319138.193, 60
Trd, 4319138.293, 61
Trd, 4319138.343, 61
Trd, 4319139.343, 96
Trd, 4319140.143, 95
Trd, 4319140.243, 93
Trd, 4319140.993, 105
Trd, 4319141.543, 66
Trd, 4319142.443, 130
Trd, 4319143.493, 139
Trd, 4319143.693, 138
Trd, 4319144.343, 70
Trd, 4319144.843, 73
Trd, 4319145.043, 74
Trd, 4319145.393, 137
Trd, 4319145.843, 140
Trd, 4319145.893, 131
Trd, 4319147.693, 140
Trd, 4319147.893, 139
Trd, 4319148.393, 134
Trd, 4319149.293, 103
Trd, 4319151.693, 140
Trd, 4319151.793, 140
Trd, 4319151.893, 140
Trd, 4319151.993, 102
Trd, 4319152.243, 102
Trd, 4319152.593, 60
Trd, 4319153.393, 72
Trd, 4319154.343, 139
Trd, 4319154.393, 138
Trd, 4319155.843, 140
Trd, 4319155.893, 132
Trd, 4319157.143, 139
Trd, 4319157.593, 138
Trd, 4319159.043, 140
Trd, 4319160.293, 140
Trd, 4319160.443, 140
Trd, 4319160.793, 132
Trd, 4319161.743, 114
Trd, 4319161.843, 123
Trd, 4319162.193, 138
Trd, 4319162.593, 139
Trd, 4319163.193, 140
Trd, 4319163.443, 126
Trd, 4319163.543, 88
Trd, 4319165.243, 140
Trd, 4319165.393, 74
Trd, 4319165.493, 79
Trd, 4319166.843, 130
Trd, 4319169.143, 140
Trd, 4319169.393, 140
Trd, 4319169.493, 140
Trd, 4319170.243, 115
Trd, 4319170.393, 139
Trd, 4319171.593, 139
Trd, 4319173.093, 140
Trd, 4319174.093, 139
Trd, 4319174.293, 140
Trd, 4319174.693, 127
Trd, 4319174.993, 118
Trd, 4319175.393, 139
Trd, 4319175.493, 137
Trd, 4319177.043, 135
Trd, 4319177.843, 139
Trd, 4319178.443, 65
Trd, 4319178.593, 61
Trd, 4319179.893, 60
Trd, 4319180.143, 61
Trd, 4319180.443, 62
Trd, 4319180.943, 67
Trd, 4319181.543, 68
Trd, 4319181.593, 67
Trd, 4319183.793, 140
Trd, 4319183.843, 139
Trd, 4319183.993, 137
Trd, 4319184.243, 91
Trd, 4319185.793, 60
Trd, 4319186.193, 60
Trd, 4319186.643, 61
Trd, 4319187.493, 60
Trd, 4319187.543, 62
Trd, 4319188.343, 65
Trd, 4319189.093, 62
Trd, 4319190.043, 60
Trd, 4319190.793, 61
Trd, 4319191.293, 62
Trd, 4319191.443, 61
Trd, 4319191.943, 95
Trd, 4319192.193, 60
Trd, 4319193.543, 140
Trd, 4319194.743, 109
Trd, 4319194.993, 91
Trd, 4319195.093, 90
Trd, 4319196.593, 60
Trd, 4319197.393, 138
Trd, 4319198.043, 60
Trd, 4319198.693, 140
Trd, 4319198.893, 138
Trd, 4319199.193, 60
Trd, 4319199.993, 109
Trd, 4319200.143, 126
Trd, 4319201.043, 61
Trd, 4319201.943, 131
Trd, 4319202.643, 136
Trd, 4319202.893, 69
Trd, 4319203.893, 61
Trd, 4319204.143, 63
Trd, 4319207.593, 140
Trd, 4319207.693, 140
Trd, 4319208.493, 140
Trd, 4319208.543, 139
Trd, 4319208.693, 138
Trd, 4319209.493, 139
Trd, 4319210.643, 140
Trd, 4319210.793, 126
Trd, 4319211.043, 95
Trd, 4319211.143, 81
Trd, 4319211.843, 103
Trd, 4319212.493, 65
Trd, 4319213.543, 140
Trd, 4319213.943, 140
Trd, 4319214.593, 116
Trd, 4319214.793, 103
Trd, 4319217.093, 140
Trd, 4319217.693, 140
Trd, 4319218.093, 140
Trd, 4319219.243, 140
Trd, 4319219.543, 140
Trd, 4319219.843, 139
Trd, 4319219.943, 102
Trd, 4319220.443, 138
Trd, 4319221.943, 138
Trd, 4319223.243, 140
Trd, 4319223.543, 140
Trd, 4319224.243, 139
Trd, 4319225.543, 139
Trd, 4319225.993, 140
Trd, 4319226.243, 136
Trd, 4319226.893, 137
Trd, 4319228.393, 114
Trd, 4319228.593, 113
Trd, 4319228.943, 84
Trd, 4319230.243, 139
Trd, 4319230.693, 140
Trd, 4319231.243, 139
Trd, 4319232.993, 140
Trd, 4319233.743, 140
Trd, 4319234.343, 140
Trd, 4319234.393, 97
Trd, 4319234.643, 93
Trd, 4319237.043, 140
Trd, 4319237.393, 139
Trd, 4319238.093, 138
Trd, 4319238.443, 140
Trd, 4319239.043, 140
Trd, 4319240.543, 139
Trd, 4319240.643, 139
Trd, 4319240.943, 138
Trd, 4319241.143, 139
Trd, 4319242.043, 77
Trd, 4319243.193, 77
Trd, 4319245.293, 62
Trd, 4319245.393, 63
Trd, 4319245.643, 78
Trd, 4319246.093, 126
Trd, 4319246.493, 66
Trd, 4319246.743, 61
Trd, 4319247.743, 60
Trd, 4319247.793, 71
Trd, 4319247.993, 130
Trd, 4319248.393, 102
Trd, 4319249.843, 63
Trd, 4319249.893, 85
Trd, 4319252.493, 61
Trd, 4319253.043, 62
Trd, 4319253.743, 64
Trd, 4319253.793, 66
Trd, 4319254.343, 68
Trd, 4319254.443, 69
Trd, 4319255.493, 61
Trd, 4319255.643, 62
Trd, 4319255.843, 134
Trd, 4319257.593, 66
Trd, 4319257.893, 60
Trd, 4319258.443, 60
Trd, 4319259.243, 137
Trd, 4319259.543, 65
Trd, 4319259.793, 61
Trd, 4319260.043, 62
Trd, 4319261.293, 64
Trd, 4319262.843, 60
Trd, 4319263.543, 60
Trd, 4319263.643, 60
Trd, 4319263.893, 60
Trd, 4319263.943, 63
Trd, 4319264.843, 65
Trd, 4319266.493, 67
Trd, 4319266.543, 62
Trd, 4319268.193, 60
Trd, 4319268.643, 60
Trd, 4319268.743, 60
Trd, 4319269.493, 66
Trd, 4319269.743, 65
Trd, 4319271.393, 71
Trd, 4319272.143, 77
Trd, 4319273.543, 140
Trd, 4319274.793, 139
Trd, 4319274.843, 120
Trd, 4319275.093, 117
Trd, 4319275.943, 140
Trd, 4319276.293, 140
Trd, 4319276.893, 99
Trd, 4319276.993, 100
Trd, 4319277.493, 97
Trd, 4319279.243, 140
Trd, 4319279.393, 139
Trd, 4319279.843, 140
Trd, 4319279.893, 103
Trd, 4319281.593, 140
Trd, 4319281.943, 121
Trd, 4319282.743, 140
Trd, 4319282.943, 140
Trd, 4319284.043, 130
Trd, 4319286.093, 140
Trd, 4319286.593, 140
Trd, 4319286.793, 138
Trd, 4319289.293, 140
Trd, 4319289.443, 140
Trd, 4319289.943, 140
Trd, 4319290.443, 139
Trd, 4319291.193, 131
Trd, 4319291.543, 130
Trd, 4319292.143, 100
Trd, 4319292.293, 137
Trd, 4319293.743, 138
Trd, 4319294.043, 113
Trd, 4319295.643, 69
Trd, 4319296.093, 68
Trd, 4319296.243, 70
Trd, 4319296.343, 71
Trd, 4319296.593, 71
Trd, 4319298.043, 140
Trd, 4319298.543, 140
Trd, 4319299.243, 73
Trd, 4319301.393, 140
Trd, 4319301.493, 140
Trd, 4319302.543, 140
Trd, 4319302.793, 139
Trd, 4319303.043, 138
Trd, 4319303.593, 137
Trd, 4319305.293, 140
Trd, 4319307.143, 140
Trd, 4319307.793, 139
Trd, 4319307.993, 138
Trd, 4319308.043, 138
Trd, 4319308.393, 103
Trd, 4319310.043, 140
Trd, 4319310.343, 140
Trd, 4319312.943, 140
Trd, 4319314.293, 140
Trd, 4319314.493, 140
Trd, 4319314.793, 130
Trd, 4319315.343, 90
Trd, 4319316.393, 140
Trd, 4319317.743, 140
Trd, 4319317.993, 140
Trd, 4319318.193, 140
Trd, 4319318.843, 140
Trd, 4319319.893, 140
Trd, 4319320.643, 140
Trd, 4319320.793, 140
Trd, 4319321.393, 140
Trd, 4319322.593, 140
Trd, 4319322.993, 140
Trd, 4319324.143, 140
Trd, 4319324.843, 140
Trd, 4319324.943, 140
Trd, 4319325.393, 140
Trd, 4319327.093, 140
Trd, 4319327.993, 140
Trd, 4319328.693, 139
Trd, 4319329.743, 140
Trd, 4319330.443, 131
Trd, 4319330.543, 106
Trd, 4319330.593, 87
Trd, 4319331.193, 140
Trd, 4319332.443, 140
Trd, 4319332.493, 140
Trd, 4319333.543, 140
Trd, 4319334.893, 140
Trd, 4319335.643, 140
Trd, 4319336.243, 140
Trd, 4319336.743, 139
Trd, 4319337.243, 139
Trd, 4319337.343, 139
Trd, 4319337.693, 123
Trd, 4319340.493, 140
Trd, 4319340.893, 140
Trd, 4319340.993, 140
Trd, 4319341.043, 140
Trd, 4319341.793, 138
Trd, 4319342.943, 135
Trd, 4319343.543, 136
Trd, 4319343.793, 97
Trd, 4319344.943, 138
Trd, 4319345.093, 134
Trd, 4319345.893, 137
Trd, 4319345.993, 138
Trd, 4319346.943, 129
Trd, 4319347.393, 129
Trd, 4319347.743, 127
Trd, 4319348.343, 135
Trd, 4319348.693, 76
Trd, 4319349.043, 137
Trd, 4319350.793, 140
Trd, 4319351.943, 139
Trd, 4319352.943, 140
Trd, 4319353.293, 138
Trd, 4319353.843, 106
Trd, 4319354.493, 139
Trd, 4319355.593, 96
Trd, 4319355.843, 128
Trd, 4319356.593, 140
Trd, 4319356.693, 139
Trd, 4319358.543, 140
Trd, 4319358.593, 140
Trd, 4319359.543, 103
Trd, 4319360.343, 138
Trd, 4319360.493, 139
Trd, 4319360.843, 139
Trd, 4319362.093, 139
Trd, 4319362.193, 91
Trd, 4319362.543, 140
Trd, 4319362.793, 138
Trd, 4319365.093, 60
Trd, 4319365.193, 62
Trd, 4319366.493, 60
Trd, 4319366.943, 60
Trd, 4319367.543, 60
Trd, 4319367.743, 61
Trd, 4319368.043, 60
Trd, 4319368.893, 140
Trd, 4319369.593, 131
Trd, 4319369.843, 139
Trd, 4319371.093, 127
Trd, 4319372.043, 139
Trd, 4319372.093, 89
Trd, 4319372.493, 75
Trd, 4319372.693, 62
Trd, 4319373.893, 60
Trd, 4319375.243, 106
Trd, 4319375.393, 133
Trd, 4319375.793, 87
Trd, 4319377.043, 140
Trd, 4319377.343, 140
Trd, 4319377.493, 139
Trd, 4319377.993, 105
Trd, 4319378.593, 86
Trd, 4319378.993, 140
Trd, 4319380.293, 140
Trd, 4319380.593, 140
Trd, 4319380.893, 139
Trd, 4319382.843, 125
Trd, 4319383.493, 101
Trd, 4319383.893, 85
Trd, 4319383.993, 84
Trd, 4319384.393, 139
Trd, 4319385.843, 94
Trd, 4319385.943, 62
Trd, 4319386.093, 138
Trd, 4319387.443, 140
Trd, 4319388.343, 140
Trd, 4319388.643, 140
Trd, 4319388.743, 140
Trd, 4319389.793, 137
Trd, 4319390.243, 61
Trd, 4319391.593, 140
Trd, 4319392.943, 140
Trd, 4319394.193, 140
Trd, 4319394.943, 140
Trd, 4319395.043, 140
Trd, 4319395.143, 139
Trd, 4319395.443, 136
Trd, 4319396.193, 69
Trd, 4319396.793, 63
Trd, 4319397.843, 63
Trd, 4319399.093, 60
Trd, 4319399.243, 61
Trd, 4319399.793, 64
Trd, 4319400.043, 73
Trd, 4319400.093, 114
Trd, 4319401.393, 80
Trd, 4319401.543, 138
Trd, 4319401.793, 78
Trd, 4319402.693, 119
Trd, 4319403.643, 140
Trd, 4319403.843, 139
Trd, 4319404.093, 109
Trd, 4319405.093, 123
Trd, 4319406.893, 140
Trd, 4319407.143, 140
Trd, 4319407.193, 139
Trd, 4319407.443, 137
Trd, 4319407.593, 140
Trd, 4319408.943, 96
Trd, 4319410.143, 86
Trd, 4319410.343, 140
Trd, 4319410.943, 63
Trd, 4319411.193, 64
Trd, 4319411.743, 72
Trd, 4319412.543, 140
Trd, 4319412.843, 139
Trd, 4319414.593, 117
Trd, 4319416.493, 138
Trd, 4319416.943, 138
Trd, 4319417.193, 124
Trd, 4319417.293, 79
Trd, 4319417.793, 67
Trd, 4319418.193, 88
Trd, 4319419.243, 134
Trd, 4319420.793, 140
Trd, 4319421.343, 140
Trd, 4319421.393, 140
Trd, 4319421.643, 140
Trd, 4319423.293, 140
Trd, 4319424.243, 140
Trd, 4319424.393, 140
Trd, 4319425.243, 140
Trd, 4319426.043, 139
Trd, 4319426.993, 140
Trd, 4319427.293, 140
Trd, 4319427.843, 110
Trd, 4319429.243, 140
Trd, 4319429.293, 140
Trd, 4319429.643, 129
Trd, 4319430.193, 139
Trd, 4319431.943, 140
Trd, 4319432.043, 128
Trd, 4319433.693, 139
Trd, 4319434.993, 140
Trd, 4319435.243, 140
Trd, 4319436.243, 139
Trd, 4319436.393, 129
Trd, 4319436.643, 114
Trd, 4319437.343, 112
Trd, 4319437.443, 113
Trd, 4319439.693, 61
Trd, 4319439.843, 62
Trd, 4319439.893, 63
Trd, 4319442.143, 60
Trd, 4319442.843, 60
Trd, 4319443.193, 61
Trd, 4319444.043, 64
Trd, 4319444.193, 67
Trd, 4319444.593, 82
Trd, 4319444.843, 81
Trd, 4319445.043, 79
Trd, 4319445.293, 135
Trd, 4319445.643, 140
Trd, 4319446.743, 63
Trd, 4319447.943, 61
Trd, 4319448.343, 83
Trd, 4319449.493, 60
Trd, 4319449.543, 64
Trd, 4319450.143, 64
Trd, 4319450.243, 65
Trd, 4319451.043, 74
Trd, 4319451.893, 95
Trd, 4319452.643, 60
Trd, 4319454.643, 105
Trd, 4319454.743, 98
Trd, 4319456.593, 140
Trd, 4319457.043, 140
Trd, 4319457.343, 139
Trd, 4319458.293, 140
Trd, 4319459.643, 140
Trd, 4319459.993, 140
Trd, 4319460.593, 135
Trd, 4319461.443, 139
Trd, 4319462.193, 109
Trd, 4319462.793, 98
Trd, 4319463.643, 72
Trd, 4319463.893, 71
Trd, 4319464.293, 72
Trd, 4319464.493, 77
Trd, 4319465.093, 64
Trd, 4319465.443, 67
Trd, 4319465.493, 69
Trd, 4319465.593, 136
Trd, 4319467.093, 62
Trd, 4319467.493, 60
Trd, 4319467.593, 61
Trd, 4319468.843, 137
Trd, 4319469.693, 140
Trd, 4319469.793, 139
Trd, 4319470.293, 74
Trd, 4319471.043, 137
Trd, 4319471.193, 132
Trd, 4319471.693, 139
Trd, 4319471.943, 81
Trd, 4319472.843, 72
Trd, 4319473.643, 61
Trd, 4319474.193, 140
Trd, 4319474.893, 107
Trd, 4319476.143, 106
Trd, 4319477.643, 131
Trd, 4319477.993, 139
Trd, 4319478.543, 140
Trd, 4319478.743, 136
Trd, 4319480.293, 137
Trd, 4319480.393, 125
Trd, 4319482.343, 60
Trd, 4319482.443, 61
Trd, 4319482.943, 61
Trd, 4319483.393, 62
Trd, 4319483.493, 64
Trd, 4319484.343, 63
Trd, 4319484.893, 63
Trd, 4319486.943, 60
Trd, 4319487.443, 60
Trd, 4319487.593, 60
Trd, 4319488.493, 60
Trd, 4319488.943, 63
Trd, 4319488.993, 64
Trd, 4319490.443, 60
Trd, 4319490.543, 61
Trd, 4319491.693, 64
Trd, 4319492.543, 97
Trd, 4319493.343, 139
Trd, 4319494.293, 140
Trd, 4319495.443, 140
Trd, 4319495.693, 140
Trd, 4319496.293, 140
Trd, 4319496.393, 105
Trd, 4319497.193, 109
Trd, 4319497.343, 125
Trd, 4319497.443, 96
Trd, 4319498.193, 139
Trd, 4319498.943, 137
Trd, 4319500.243, 140
Trd, 4319500.493, 137
Trd, 4319501.893, 140
Trd, 4319502.193, 83
Trd, 4319502.793, 60
Trd, 4319503.143, 60
Trd, 4319503.293, 60
Trd, 4319503.793, 81
Trd, 4319504.793, 140
Trd, 4319505.193, 140
Trd, 4319506.043, 140
Trd, 4319506.143, 120
Trd, 4319506.293, 86
Trd, 4319507.393, 132
Trd, 4319508.143, 129
Trd, 4319508.443, 72
Trd, 4319508.993, 65
Trd, 4319510.593, 67
Trd, 4319510.993, 68
Trd, 4319511.943, 64
Trd, 4319512.793, 96
Trd, 4319513.643, 67
Trd, 4319514.093, 98
Trd, 4319515.043, 60
Trd, 4319515.543, 60
Trd, 4319516.293, 61
Trd, 4319516.593, 62
Trd, 4319517.543, 61
Trd, 4319517.993, 63
Trd, 4319518.443, 61
Trd, 4319518.793, 60
Trd, 4319519.943, 60
Trd, 4319520.093, 62
Trd, 4319520.843, 100
Trd, 4319521.793, 140
Trd, 4319522.243, 139
Trd, 4319522.843, 101
Trd, 4319523.143, 137
Trd, 4319523.943, 139
Trd, 4319525.243, 139
Trd, 4319525.293, 97
Trd, 4319526.243, 140
Trd, 4319526.843, 140
Trd, 4319527.393, 124
Trd, 4319528.543, 139
Trd, 4319529.143, 140
Trd, 4319529.993, 140
Trd, 4319530.043, 139
Trd, 4319530.393, 137
Trd, 4319531.543, 73
Trd, 4319531.693, 140
Trd, 4319532.393, 94
Trd, 4319534.743, 138
Trd, 4319536.193, 140
Trd, 4319536.243, 140
Trd, 4319537.093, 140
Trd, 4319537.643, 140
Trd, 4319538.443, 140
Trd, 4319538.993, 140
Trd, 4319539.193, 140
Trd, 4319540.193, 140
Trd, 4319541.393, 139
Trd, 4319542.143, 106
Trd, 4319542.243, 80
Trd, 4319542.293, 139
Trd, 4319543.593, 66
Trd, 4319543.993, 112
Trd, 4319545.793, 60
Trd, 4319546.093, 60
Trd, 4319546.243, 69
Trd, 4319546.793, 121
Trd, 4319547.693, 139
Trd, 4319547.793, 133
Trd, 4319548.593, 140
Trd, 4319549.193, 126
Trd, 4319549.543, 140
Trd, 4319550.793, 140
Trd, 4319552.043, 140
Trd, 4319552.093, 140
Trd, 4319552.393, 140
Trd, 4319553.593, 67
Trd, 4319554.443, 66
Trd, 4319554.893, 84
Trd, 4319555.543, 112
Trd, 4319555.893, 140
Trd, 4319556.643, 123
Trd, 4319557.443, 140
Trd, 4319557.543, 139
Trd, 4319559.343, 140
Trd, 4319560.993, 140
Trd, 4319561.293, 140
Trd, 4319562.093, 140
Trd, 4319562.143, 138
Trd, 4319563.093, 140
Trd, 4319563.893, 140
Trd, 4319564.943, 139
Trd, 4319565.543, 127
Trd, 4319565.893, 140
Trd, 4319566.393, 101
Trd, 4319567.243, 138
Trd, 4319567.893, 140
Trd, 4319568.443, 139
Trd, 4319569.193, 140
Trd, 4319570.443, 140
Trd, 4319570.593, 140
Trd, 4319571.343, 136
Trd, 4319572.693, 138
Trd, 4319573.243, 130
Trd, 4319574.443, 85
Trd, 4319574.943, 82
Trd, 4319575.093, 81
Trd, 4319576.043, 71
Trd, 4319576.443, 101
Trd, 4319577.593, 66
Trd, 4319577.693, 61
Trd, 4319577.843, 67
Trd, 4319578.343, 104
Trd, 4319579.393, 71
Trd, 4319579.593, 85
Trd, 4319580.543, 140
Trd, 4319581.043, 70
Trd, 4319582.243, 61
Trd, 4319584.393, 60
Trd, 4319584.493, 60
Trd, 4319584.943, 60
Trd, 4319585.743, 60
Trd, 4319586.243, 60
Trd, 4319586.343, 60
Trd, 4319588.543, 60
Trd, 4319589.243, 60
Trd, 4319589.593, 63
Trd, 4319590.093, 63
Trd, 4319590.643, 68
Trd, 4319591.243, 91
Trd, 4319592.643, 60
Trd, 4319593.493, 63
Trd, 4319593.643, 65
Trd, 4319594.293, 68
Trd, 4319594.993, 71
Trd, 4319596.143, 60
Trd, 4319596.693, 60
Trd, 4319597.243, 68
Trd, 4319599.193, 60
Trd, 4319599.793, 63
Trd, 4319600.543, 61
Trd, 4319600.693, 66
Trd, 4319601.443, 60
Trd, 4319602.193, 64
Trd, 4319602.443, 65
Trd, 4319602.543, 66
Trd, 4319603.693, 68
Trd, 4319604.343, 66
Trd, 4319605.193, 68
Trd, 4319605.343, 70
Trd, 4319605.643, 140
Trd, 4319606.193, 68
Trd, 4319606.643, 87
Trd, 4319607.893, 140
Trd, 4319608.193, 140
Trd, 4319609.943, 84
Trd, 4319609.993, 79
Trd, 4319611.343, 140
Trd, 4319611.893, 140
Trd, 4319612.343, 138
Trd, 4319613.043, 140
Trd, 4319613.443, 140
Trd, 4319614.693, 140
Trd, 4319615.243, 139
Trd, 4319617.043, 139
Trd, 4319617.543, 139
Trd, 4319619.043, 140
Trd, 4319620.043, 140
Trd, 4319620.793, 140
Trd, 4319620.943, 140
Trd, 4319621.543, 138
Trd, 4319621.943, 136
Trd, 4319623.393, 138
Trd, 4319623.543, 77
Trd, 4319624.743, 140
Trd, 4319625.543, 140
Trd, 4319626.893, 140
Trd, 4319627.293, 140
Trd, 4319627.343, 137
Trd, 4319627.643, 135
Trd, 4319628.293, 139
Trd, 4319628.343, 100
Trd, 4319629.393, 140
Trd, 4319630.493, 136
Trd, 4319631.643, 68
Trd, 4319633.393, 111
Trd, 4319633.543, 115
Trd, 4319633.893, 133
Trd, 4319634.143, 95
Trd, 4319634.343, 80
Trd, 4319634.943, 126
Trd, 4319635.493, 140
Trd, 4319635.943, 138
Trd, 4319637.143, 140
Trd, 4319638.743, 140
Trd, 4319639.143, 140
Trd, 4319639.643, 139
Trd, 4319640.493, 139
Trd, 4319641.543, 119
Trd, 4319641.743, 104
Trd, 4319642.093, 102
Trd, 4319644.143, 140
Trd, 4319644.793, 140
Trd, 4319645.393, 140
Trd, 4319645.843, 140
Trd, 4319645.993, 106
Trd, 4319646.393, 86
Trd, 4319646.743, 135
Trd, 4319648.093, 140
Trd, 4319648.243, 140
Trd, 4319648.443, 140
Trd, 4319650.843, 140
Trd, 4319650.893, 138
Trd, 4319651.693, 96
Trd, 4319652.193, 75
Trd, 4319652.593, 137
Trd, 4319653.093, 86
Trd, 4319654.243, 63
Trd, 4319654.443, 112
Trd, 4319654.643, 127
Trd, 4319655.093, 92
Trd, 4319656.843, 140
Trd, 4319657.243, 139
Trd, 4319658.493, 140
Trd, 4319658.943, 140
Trd, 4319659.043, 140
Trd, 4319659.393, 140
Trd, 4319661.143, 101
Trd, 4319662.543, 139
Trd, 4319663.693, 138
Trd, 4319663.743, 102
Trd, 4319664.143, 107
Trd, 4319664.593, 140
Trd, 4319664.693, 139
Trd, 4319665.193, 89
Trd, 4319665.443, 88
Trd, 4319666.693, 140
Trd, 4319667.093, 139
Trd, 4319668.343, 140
Trd, 4319669.893, 139
Trd, 4319670.793, 140
Trd, 4319670.893, 133
Trd, 4319671.243, 99
Trd, 4319672.843, 140
Trd, 4319673.193, 139
Trd, 4319673.393, 132
Trd, 4319673.943, 115
Trd, 4319674.843, 140
Trd, 4319675.293, 140
Trd, 4319675.693, 138
Trd, 4319676.393, 116
Trd, 4319676.693, 65
Trd, 4319677.943, 123
Trd, 4319677.993, 86
Trd, 4319678.643, 64
Trd, 4319680.493, 140
Trd, 4319681.643, 140
Trd, 4319682.443, 140
Trd, 4319682.493, 140
Trd, 4319683.043, 86
Trd, 4319684.193, 139
Trd, 4319685.043, 140
Trd, 4319685.193, 139
Trd, 4319686.443, 114
Trd, 4319686.993, 140
Trd, 4319687.793, 140
Trd, 4319688.243, 114
Trd, 4319688.943, 122
Trd, 4319689.543, 127
Trd, 4319690.093, 116
Trd, 4319691.343, 140
Trd, 4319692.093, 140
Trd, 4319692.943, 140
Trd, 4319693.343, 140
Trd, 4319693.593, 139
Trd, 4319693.943, 118
Trd, 4319694.843, 133
Trd, 4319695.493, 140
Trd, 4319696.493, 140
Trd, 4319697.043, 125
Trd, 4319697.893, 105
Trd, 4319697.943, 87
Trd, 4319698.443, 105
Trd, 4319698.843, 106
Trd, 4319699.543, 64
Trd, 4319700.093, 60
Trd, 4319700.593, 74
Trd, 4319701.143, 66
Trd, 4319701.993, 136
Trd, 4319702.993, 61
Trd, 4319704.343, 60
Trd, 4319704.593, 61
Trd, 4319704.793, 62
Trd, 4319704.943, 63
Trd, 4319704.993, 66
Trd, 4319705.493, 60
Trd, 4319706.293, 61
Trd, 4319706.943, 61
Trd, 4319707.693, 63
Trd, 4319708.593, 62
Trd, 4319710.443, 65
Trd, 4319710.543, 66
Trd, 4319710.643, 82
Trd, 4319710.693, 61
Trd, 4319711.093, 113
Trd, 4319711.693, 100
Trd, 4319712.293, 114
Trd, 4319713.443, 65
Trd, 4319713.893, 140
Trd, 4319714.643, 139
Trd, 4319716.443, 140
Trd, 4319716.643, 140
Trd, 4319716.793, 125
Trd, 4319717.193, 100
Trd, 4319717.693, 138
Trd, 4319718.093, 140
Trd, 4319719.793, 69
Trd, 4319720.443, 140
Trd, 4319721.293, 138
Trd, 4319723.093, 140
Trd, 4319723.343, 140
Trd, 4319723.593, 140
Trd, 4319723.693, 139
Trd, 4319724.343, 114
Trd, 4319724.493, 92
Trd, 4319724.593, 88
Trd, 4319726.243, 140
Trd, 4319726.993, 140
Trd, 4319727.243, 140
Trd, 4319727.393, 140
Trd, 4319727.593, 139
Trd, 4319728.993, 140
Trd, 4319729.493, 138
Trd, 4319729.643, 102
Trd, 4319729.993, 79
Trd, 4319730.493, 60
Trd, 4319732.243, 67
Trd, 4319733.093, 61
Trd, 4319733.693, 140
Trd, 4319734.443, 140
Trd, 4319735.093, 140
Trd, 4319736.693, 140
Trd, 4319736.993, 136
Trd, 4319737.443, 139
Trd, 4319738.943, 140
Trd, 4319738.993, 139
Trd, 4319739.493, 119
Trd, 4319740.043, 139
Trd, 4319740.793, 93
Trd, 4319740.843, 79
Trd, 4319742.293, 61
Trd, 4319742.743, 61
Trd, 4319742.793, 62
Trd, 4319743.493, 60
Trd, 4319745.543, 63
Trd, 4319745.693, 62
Trd, 4319745.793, 60
Trd, 4319745.893, 63
Trd, 4319746.343, 62
Trd, 4319747.343, 63
Trd, 4319747.943, 138
Trd, 4319749.143, 140
Trd, 4319749.793, 140
Trd, 4319749.993, 138
Trd, 4319751.093, 63
Trd, 4319751.543, 68
Trd, 4319752.243, 68
Trd, 4319752.993, 140
Trd, 4319753.643, 140
Trd, 4319753.693, 137
Trd, 4319755.593, 140
Trd, 4319755.693, 138
Trd, 4319756.893, 122
Trd, 4319757.143, 89
Trd, 4319757.843, 140
Trd, 4319758.193, 139
Trd, 4319758.693, 67
Trd, 4319759.593, 60
Trd, 4319759.893, 60
Trd, 4319760.443, 60
Trd, 4319760.843, 60
Trd, 4319760.893, 66
Trd, 4319761.593, 72
Trd, 4319763.043, 65
Trd, 4319763.293, 66
Trd, 4319764.643, 60
Trd, 4319766.043, 60
Trd, 4319766.793, 60
Trd, 4319766.943, 68
Trd, 4319767.543, 77
Trd, 4319768.893, 62
Trd, 4319769.393, 61
Trd, 4319771.043, 61
Trd, 4319771.793, 62
Trd, 4319771.843, 64
Trd, 4319772.043, 61
Trd, 4319773.393, 63
Trd, 4319773.543, 64
Trd, 4319773.643, 65
Trd, 4319773.843, 98
Trd, 4319774.543, 91
Trd, 4319775.493, 138
Trd, 4319776.043, 92
Trd, 4319776.893, 61
Trd, 4319778.193, 92
Trd, 4319778.643, 139
Trd, 4319779.093, 91
Trd, 4319779.593, 88
Trd, 4319780.093, 97
Trd, 4319780.393, 83
Trd, 4319781.543, 140
Trd, 4319782.043, 140
Trd, 4319783.643, 140
Trd, 4319783.693, 139
Trd, 4319784.443, 137
Trd, 4319785.393, 139
Trd, 4319785.543, 140
Trd, 4319786.143, 117
Trd, 4319787.443, 138
Trd, 4319788.343, 140
Trd, 4319789.193, 137
Trd, 4319789.543, 135
Trd, 4319790.993, 140
Trd, 4319791.443, 138
Trd, 4319791.843, 134
Trd, 4319791.893, 97
Trd, 4319792.493, 140
Trd, 4319792.543, 140
Trd, 4319794.193, 78
Trd, 4319794.993, 96
Trd, 4319795.693, 140
Trd, 4319796.393, 140
Trd, 4319796.643, 140
Trd, 4319797.793, 140
Trd, 4319797.993, 140
Trd, 4319798.143, 108
Trd, 4319799.293, 139
Trd, 4319799.343, 78
Trd, 4319799.793, 60
Trd, 4319800.543, 60
Trd, 4319801.993, 60
Trd, 4319802.143, 60
Trd, 4319802.593, 61
Trd, 4319803.493, 109
Trd, 4319803.843, 110
Trd, 4319804.193, 132
Trd, 4319804.443, 65
Trd, 4319805.193, 140
Trd, 4319805.793, 122
Trd, 4319806.243, 140
Trd, 4319807.243, 66
Trd, 4319807.493, 62
Trd, 4319807.693, 139
Trd, 4319808.693, 66
Trd, 4319809.243, 125
Trd, 4319810.043, 66
Trd, 4319811.043, 61
Trd, 4319811.893, 133
Trd, 4319812.343, 82
Trd, 4319812.993, 135
Trd, 4319813.243, 83
Trd, 4319813.993, 105
Trd, 4319815.743, 140
Trd, 4319816.093, 86
Trd, 4319817.843, 140
Trd, 4319817.943, 140
Trd, 4319818.493, 140
Trd, 4319818.693, 88
Trd, 4319819.243, 139
Trd, 4319819.393, 139
Trd, 4319821.243, 140
Trd, 4319821.543, 139
Trd, 4319821.793, 139
Trd, 4319822.643, 140
Trd, 4319823.093, 93
Trd, 4319823.493, 97
Trd, 4319823.993, 105
Trd, 4319825.943, 140
Trd, 4319826.243, 140
Trd, 4319826.843, 140
Trd, 4319826.993, 140
Trd, 4319828.643, 140
Trd, 4319828.693, 139
Trd, 4319829.493, 103
Trd, 4319830.243, 140
Trd, 4319830.943, 140
Trd, 4319831.643, 140
Trd, 4319832.493, 113
Trd, 4319833.143, 128
Trd, 4319834.643, 140
Trd, 4319835.643, 137
Trd, 4319837.143, 140
Trd, 4319837.543, 137
Trd, 4319838.043, 139
Trd, 4319838.193, 110
Trd, 4319839.343, 140
Trd, 4319839.493, 139
Trd, 4319839.893, 140
Trd, 4319841.893, 140
Trd, 4319842.093, 140
Trd, 4319842.143, 140
Trd, 4319842.193, 103
Trd, 4319844.443, 140
Trd, 4319844.593, 90
Trd, 4319844.693, 79
Trd, 4319846.743, 140
Trd, 4319846.943, 140
Trd, 4319847.393, 140
Trd, 4319848.143, 140
Trd, 4319848.343, 139
Trd, 4319848.643, 120
Trd, 4319849.193, 140
Trd, 4319850.643, 139
Trd, 4319850.793, 132
Trd, 4319851.193, 101
Trd, 4319851.243, 138
Trd, 4319851.693, 61
Trd, 4319852.243, 93
Trd, 4319853.093, 140
Trd, 4319853.943, 140
Trd, 4319854.343, 140
Trd, 4319854.393, 118
Trd, 4319854.843, 140
Trd, 4319856.043, 134
Trd, 4319856.593, 125
Trd, 4319856.993, 124
Trd, 4319858.543, 139
Trd, 4319858.943, 139
Trd, 4319859.243, 107
Trd, 4319859.543, 106
Trd, 4319860.943, 140
Trd, 4319861.293, 140
Trd, 4319863.043, 140
Trd, 4319863.743, 140
Trd, 4319864.493, 140
Trd, 4319864.893, 140
Trd, 4319866.343, 140
Trd, 4319866.643, 140
Trd, 4319868.293, 110
Trd, 4319868.543, 104
Trd, 4319868.943, 137
Trd, 4319869.043, 100
Trd, 4319869.393, 139
Trd, 4319870.193, 124
Trd, 4319870.343, 100
Trd, 4319871.043, 98
Trd, 4319872.643, 140
Trd, 4319873.793, 140
Trd, 4319874.293, 140
Trd, 4319875.043, 140
Trd, 4319876.093, 140
Trd, 4319876.893, 140
Trd, 4319877.293, 140
Trd, 4319877.593, 88
Trd, 4319878.093, 108
Trd, 4319878.443, 132
Trd, 4319879.393, 140
Trd, 4319880.543, 140
Trd, 4319881.643, 140
Trd, 4319881.943, 139
Trd, 4319882.093, 139
Trd, 4319882.793, 96
Trd, 4319883.043, 116
Trd, 4319883.993, 140
Trd, 4319884.043, 108
Trd, 4319884.193, 104
Trd, 4319884.443, 61
Trd, 4319884.943, 119
Trd, 4319886.043, 60
Trd, 4319886.893, 60
Trd, 4319889.043, 60
Trd, 4319889.543, 64
Trd, 4319890.243, 64
Trd, 4319890.593, 71
Trd, 4319890.643, 72
Trd, 4319892.243, 120
Trd, 4319893.343, 63
Trd, 4319894.493, 60
Trd, 4319894.793, 60
Trd, 4319895.443, 60
Trd, 4319896.393, 63
Trd, 4319896.543, 67
Trd, 4319896.743, 81
Trd, 4319897.343, 61
Trd, 4319898.893, 62
Trd, 4319899.243, 62
Trd, 4319899.393, 63
Trd, 4319900.293, 67
Trd, 4319901.693, 60
Trd, 4319902.193, 62
Trd, 4319902.293, 63
Trd, 4319902.543, 69
Trd, 4319903.693, 60
Trd, 4319903.743, 61
Trd, 4319905.343, 140
Trd, 4319905.593, 126
Trd, 4319905.793, 92
Trd, 4319907.593, 60
Trd, 4319907.993, 60
Trd, 4319908.093, 68
Trd, 4319909.243, 60
Trd, 4319909.293, 64
Trd, 4319909.693, 63
Trd, 4319909.843, 64
Trd, 4319911.543, 140
Trd, 4319911.643, 138
Trd, 4319913.143, 140
Trd, 4319914.793, 138
Trd, 4319915.193, 130
Trd, 4319915.893, 140
Trd, 4319916.493, 139
Trd, 4319916.543, 112
Trd, 4319917.643, 86
Trd, 4319918.843, 139
Trd, 4319919.393, 140
Trd, 4319919.793, 102
Trd, 4319920.243, 139
Trd, 4319920.643, 98
Trd, 4319921.443, 127
Trd, 4319921.943, 89
Trd, 4319922.343, 61
Trd, 4319923.293, 60
Trd, 4319923.943, 61
Trd, 4319925.043, 61
Trd, 4319925.143, 62
Trd, 4319925.993, 61
Trd, 4319926.543, 61
Trd, 4319926.593, 81
Trd, 4319926.943, 66
Trd, 4319927.793, 140
Trd, 4319928.143, 140
Trd, 4319929.743, 66
Trd, 4319930.243, 133
Trd, 4319931.043, 60
Trd, 4319931.093, 60
Trd, 4319931.493, 69
Trd, 4319932.993, 140
Trd, 4319933.143, 86
Trd, 4319933.943, 78
Trd, 4319934.443, 75
Trd, 4319934.943, 61
Trd, 4319935.293, 61
Trd, 4319935.493, 77
Trd, 4319936.093, 140
Trd, 4319936.443, 140
Trd, 4319938.343, 140
Trd, 4319938.843, 140
Trd, 4319939.043, 139
Trd, 4319939.243, 99
Trd, 4319941.543, 138
Trd, 4319941.793, 137
Trd, 4319942.143, 136
Trd, 4319943.193, 140
Trd, 4319944.043, 140
Trd, 4319944.593, 139
Trd, 4319944.743, 130
Trd, 4319945.243, 97
Trd, 4319945.643, 71
Trd, 4319946.593, 102
Trd, 4319946.693, 133
Trd, 4319946.743, 100
Trd, 4319947.443, 60
Trd, 4319948.693, 60
Trd, 4319948.843, 61
Trd, 4319949.643, 60
Trd, 4319949.743, 75
Trd, 4319950.693, 65
Trd, 4319950.943, 70
Trd, 4319952.043, 140
Trd, 4319953.493, 140
Trd, 4319953.693, 138
Trd, 4319953.893, 135
Trd, 4319954.693, 118
Trd, 4319954.893, 88
Trd, 4319955.393, 140
Trd, 4319956.293, 140
Trd, 4319956.843, 136
Trd, 4319957.893, 122
Trd, 4319958.093, 140
Trd, 4319958.143, 119
Trd, 4319961.343, 140
Trd, 4319961.393, 140
Trd, 4319961.643, 99
Trd, 4319961.743, 76
Trd, 4319961.893, 98
Trd, 4319962.943, 60
Trd, 4319963.293, 74
Trd, 4319964.643, 136
Trd, 4319964.693, 135
Trd, 4319965.643, 140
Trd, 4319967.643, 140
Trd, 4319967.793, 139
Trd, 4319968.043, 129
Trd, 4319968.293, 120
Trd, 4319970.493, 140
Trd, 4319970.593, 139
Trd, 4319972.193, 140
Trd, 4319973.443, 138
Trd, 4319974.093, 140
Trd, 4319974.193, 138
Trd, 4319974.343, 88
Trd, 4319974.593, 87
Trd, 4319974.943, 68
Trd, 4319976.393, 139
Trd, 4319976.693, 115
Trd, 4319976.893, 99
Trd, 4319977.693, 80
Trd, 4319978.243, 140
Trd, 4319978.843, 140
Trd, 4319979.193, 140
Trd, 4319980.193, 140
Trd, 4319980.543, 140
Trd, 4319981.193, 140
Trd, 4319981.443, 140
Trd, 4319983.093, 140
Trd, 4319984.493, 140
Trd, 4319985.343, 139
Trd, 4319985.793, 139
Trd, 4319985.993, 136
Trd, 4319986.093, 81
Trd, 4319988.093, 99
Trd, 4319989.143, 67
Trd, 4319989.643, 140
Trd, 4319990.393, 140
Trd, 4319990.443, 95
Trd, 4319990.743, 82
Trd, 4319991.493, 139
Trd, 4319993.043, 67
Trd, 4319993.793, 140
Trd, 4319994.393, 140
Trd, 4319994.643, 140
Trd, 4319996.193, 140
Trd, 4319996.693, 140
Trd, 4319998.343, 138
Trd, 4319998.393, 129
Trd, 4319999.243, 137
Trd, 4319999.643, 139
Trd, 4319999.943, 140
