Trd, 4318098.293, 63
Trd, 4318098.493, 63
Trd, 4318098.593, 63
Trd, 4318099.043, 62
Trd, 4318099.293, 62
Trd, 4318099.893, 64
Trd, 4318102.843, 60
Trd, 4318102.893, 60
Trd, 4318103.293, 62
Trd, 4318104.743, 60
Trd, 4318107.493, 60
Trd, 4318107.593, 60
Trd, 4318108.143, 61
Trd, 4318108.743, 63
Trd, 4318108.843, 61
Trd, 4318109.143, 64
Trd, 4318109.493, 67
Trd, 4318109.693, 65
Trd, 4318110.343, 60
Trd, 4318111.093, 60
Trd, 4318111.293, 61
Trd, 4318111.593, 60
Trd, 4318112.593, 70
Trd, 4318113.143, 72
Trd, 4318113.443, 71
Trd, 4318113.543, 70
Trd, 4318113.593, 69
Trd, 4318114.143, 74
Trd, 4318115.393, 60
Trd, 4318116.443, 60
Trd, 4318121.093, 60
Trd, 4318122.593, 60
Trd, 4318122.793, 60
Trd, 4318123.493, 60
Trd, 4318124.193, 61
Trd, 4318124.443, 62
Trd, 4318124.593, 61
Trd, 4318124.993, 60
Trd, 4318125.293, 60
Trd, 4318125.343, 60
Trd, 4318126.393, 62
Trd, 4318127.343, 140
Trd, 4318127.843, 140
Trd, 4318129.043, 140
Trd, 4318129.493, 140
Trd, 4318129.693, 140
Trd, 4318130.843, 140
Trd, 4318131.043, 140
Trd, 4318132.243, 140
Trd, 4318133.293, 140
Trd, 4318133.893, 140
Trd, 4318134.893, 140
Trd, 4318134.943, 140
Trd, 4318135.443, 140
Trd, 4318136.193, 140
Trd, 4318136.893, 140
Trd, 4318137.243, 140
Trd, 4318137.843, 140
Trd, 4318138.243, 140
Trd, 4318139.643, 140
Trd, 4318140.093, 140
Trd, 4318140.243, 140
Trd, 4318140.393, 140
Trd, 4318141.793, 139
Trd, 4318141.843, 138
Trd, 4318142.893, 140
Trd, 4318144.143, 140
Trd, 4318144.693, 140
Trd, 4318145.243, 140
Trd, 4318146.843, 140
Trd, 4318147.043, 140
Trd, 4318147.693, 140
Trd, 4318148.143, 140
Trd, 4318148.843, 140
Trd, 4318149.643, 140
Trd, 4318150.343, 140
Trd, 4318150.393, 140
Trd, 4318151.643, 61
Trd, 4318152.193, 60
Trd, 4318152.693, 60
Trd, 4318157.443, 60
Trd, 4318157.543, 60
Trd, 4318157.643, 61
Trd, 4318157.693, 61
Trd, 4318158.043, 60
Trd, 4318158.443, 60
Trd, 4318158.543, 61
Trd, 4318159.393, 63
Trd, 4318159.893, 61
Trd, 4318160.293, 63
Trd, 4318161.143, 67
Trd, 4318161.743, 140
Trd, 4318161.943, 66
Trd, 4318162.093, 64
Trd, 4318162.693, 139
Trd, 4318164.293, 125
Trd, 4318165.993, 140
Trd, 4318166.043, 140
Trd, 4318166.193, 140
Trd, 4318166.893, 140
Trd, 4318168.843, 140
Trd, 4318168.943, 140
Trd, 4318169.293, 140
Trd, 4318169.393, 140
Trd, 4318169.793, 140
Trd, 4318169.993, 140
Trd, 4318171.243, 140
Trd, 4318171.893, 140
Trd, 4318173.443, 140
Trd, 4318173.493, 140
Trd, 4318173.793, 140
Trd, 4318174.193, 140
Trd, 4318176.093, 140
Trd, 4318177.043, 140
Trd, 4318177.093, 140
Trd, 4318177.643, 140
Trd, 4318178.293, 140
Trd, 4318178.893, 140
Trd, 4318180.093, 140
Trd, 4318180.793, 140
Trd, 4318180.843, 140
Trd, 4318182.193, 140
Trd, 4318182.793, 137
Trd, 4318183.193, 65
Trd, 4318184.393, 60
Trd, 4318186.793, 60
Trd, 4318188.943, 60
Trd, 4318189.093, 60
Trd, 4318190.693, 60
Trd, 4318190.893, 60
Trd, 4318190.993, 61
Trd, 4318191.543, 62
Trd, 4318192.143, 63
Trd, 4318193.193, 67
Trd, 4318193.243, 66
Trd, 4318193.443, 63
Trd, 4318193.493, 65
Trd, 4318194.793, 60
Trd, 4318195.243, 60
Trd, 4318196.993, 60
Trd, 4318199.743, 60
Trd, 4318201.943, 60
Trd, 4318202.493, 60
Trd, 4318202.743, 60
Trd, 4318203.043, 60
Trd, 4318203.143, 60
Trd, 4318203.643, 61
Trd, 4318204.643, 60
Trd, 4318205.343, 64
Trd, 4318207.293, 61
Trd, 4318207.343, 62
Trd, 4318208.143, 62
Trd, 4318208.193, 63
Trd, 4318208.443, 63
Trd, 4318208.493, 66
Trd, 4318209.243, 62
Trd, 4318209.343, 67
Trd, 4318210.393, 63
Trd, 4318210.743, 63
Trd, 4318211.143, 62
Trd, 4318212.543, 60
Trd, 4318212.843, 64
Trd, 4318213.493, 60
Trd, 4318216.843, 60
Trd, 4318217.393, 60
Trd, 4318217.693, 60
Trd, 4318217.843, 62
Trd, 4318218.093, 64
Trd, 4318218.393, 65
Trd, 4318218.893, 63
Trd, 4318218.943, 67
Trd, 4318219.143, 66
Trd, 4318219.893, 68
Trd, 4318221.643, 69
Trd, 4318221.793, 68
Trd, 4318222.293, 70
Trd, 4318222.393, 69
Trd, 4318222.693, 67
Trd, 4318224.493, 75
Trd, 4318224.693, 78
Trd, 4318225.243, 77
Trd, 4318226.543, 140
Trd, 4318226.843, 140
Trd, 4318227.143, 140
Trd, 4318227.293, 140
Trd, 4318227.943, 140
Trd, 4318228.993, 140
Trd, 4318229.193, 140
Trd, 4318231.043, 64
Trd, 4318232.443, 60
Trd, 4318232.593, 60
Trd, 4318234.193, 61
Trd, 4318234.243, 61
Trd, 4318236.593, 61
Trd, 4318236.993, 62
Trd, 4318237.043, 63
Trd, 4318237.243, 76
Trd, 4318238.143, 63
Trd, 4318238.843, 140
Trd, 4318238.893, 67
Trd, 4318239.143, 139
Trd, 4318239.543, 70
Trd, 4318240.343, 74
Trd, 4318240.743, 74
Trd, 4318241.643, 79
Trd, 4318241.843, 78
Trd, 4318242.093, 73
Trd, 4318243.493, 62
Trd, 4318243.543, 66
Trd, 4318245.543, 60
Trd, 4318246.593, 60
Trd, 4318249.893, 60
Trd, 4318249.993, 62
Trd, 4318250.043, 60
Trd, 4318250.243, 60
Trd, 4318250.443, 62
Trd, 4318250.643, 61
Trd, 4318250.743, 61
Trd, 4318251.593, 62
Trd, 4318251.743, 62
Trd, 4318252.693, 64
Trd, 4318254.643, 61
Trd, 4318254.993, 62
Trd, 4318258.793, 60
Trd, 4318260.193, 60
Trd, 4318260.643, 60
Trd, 4318261.043, 60
Trd, 4318261.543, 61
Trd, 4318261.843, 61
Trd, 4318261.943, 61
Trd, 4318262.543, 60
Trd, 4318262.693, 61
Trd, 4318263.043, 60
Trd, 4318263.093, 61
Trd, 4318264.893, 62
Trd, 4318266.293, 60
Trd, 4318269.543, 62
Trd, 4318269.743, 63
Trd, 4318270.493, 64
Trd, 4318270.593, 65
Trd, 4318270.843, 63
Trd, 4318270.893, 67
Trd, 4318271.093, 129
Trd, 4318271.443, 61
Trd, 4318272.243, 61
Trd, 4318272.593, 62
Trd, 4318272.743, 63
Trd, 4318273.293, 65
Trd, 4318273.793, 139
Trd, 4318273.893, 65
Trd, 4318276.693, 62
Trd, 4318278.043, 60
Trd, 4318279.793, 60
Trd, 4318279.843, 60
Trd, 4318280.393, 61
Trd, 4318280.643, 62
Trd, 4318281.043, 68
Trd, 4318281.493, 65
Trd, 4318281.943, 69
Trd, 4318282.543, 140
Trd, 4318282.593, 140
Trd, 4318282.893, 68
Trd, 4318284.143, 70
Trd, 4318284.293, 69
Trd, 4318284.793, 140
Trd, 4318284.893, 140
Trd, 4318285.743, 140
Trd, 4318286.143, 140
Trd, 4318287.893, 61
Trd, 4318289.143, 60
Trd, 4318289.943, 60
Trd, 4318292.793, 60
Trd, 4318293.343, 60
Trd, 4318293.393, 60
Trd, 4318293.643, 60
Trd, 4318294.143, 61
Trd, 4318294.643, 60
Trd, 4318294.993, 60
Trd, 4318295.043, 62
Trd, 4318295.843, 63
Trd, 4318296.493, 60
Trd, 4318296.593, 60
Trd, 4318298.193, 65
Trd, 4318298.393, 65
Trd, 4318298.543, 60
Trd, 4318300.593, 61
Trd, 4318301.193, 60
Trd, 4318303.643, 60
Trd, 4318304.093, 61
Trd, 4318304.643, 60
Trd, 4318306.943, 60
Trd, 4318307.093, 60
Trd, 4318307.343, 60
Trd, 4318307.543, 60
Trd, 4318307.893, 60
Trd, 4318307.943, 61
Trd, 4318310.443, 60
Trd, 4318310.643, 60
Trd, 4318311.293, 61
Trd, 4318311.643, 61
Trd, 4318311.743, 62
Trd, 4318311.943, 60
Trd, 4318312.243, 60
Trd, 4318312.643, 60
Trd, 4318312.843, 67
Trd, 4318313.693, 65
Trd, 4318313.843, 64
Trd, 4318314.193, 62
Trd, 4318316.343, 60
Trd, 4318317.593, 60
Trd, 4318318.943, 60
Trd, 4318322.793, 60
Trd, 4318322.993, 60
Trd, 4318323.143, 60
Trd, 4318323.893, 62
Trd, 4318323.993, 61
Trd, 4318324.293, 62
Trd, 4318324.643, 71
Trd, 4318324.743, 62
Trd, 4318324.943, 64
Trd, 4318325.493, 68
Trd, 4318326.443, 75
Trd, 4318327.643, 85
Trd, 4318328.693, 93
Trd, 4318329.093, 140
Trd, 4318329.543, 140
Trd, 4318329.643, 140
Trd, 4318330.043, 139
Trd, 4318331.693, 60
Trd, 4318331.743, 62
Trd, 4318334.893, 61
Trd, 4318335.493, 62
Trd, 4318336.143, 60
Trd, 4318337.043, 60
Trd, 4318337.093, 60
Trd, 4318337.393, 60
Trd, 4318337.543, 60
Trd, 4318337.843, 63
Trd, 4318338.343, 65
Trd, 4318338.543, 63
Trd, 4318339.093, 63
Trd, 4318339.943, 64
Trd, 4318340.143, 64
Trd, 4318340.443, 62
Trd, 4318342.943, 60
Trd, 4318343.343, 60
Trd, 4318345.593, 60
Trd, 4318347.593, 60
Trd, 4318347.993, 60
Trd, 4318348.343, 60
Trd, 4318348.393, 60
Trd, 4318348.493, 60
Trd, 4318348.893, 61
Trd, 4318349.893, 62
Trd, 4318352.293, 60
Trd, 4318352.393, 60
Trd, 4318353.793, 60
Trd, 4318356.843, 60
Trd, 4318357.443, 60
Trd, 4318357.843, 60
Trd, 4318358.393, 60
Trd, 4318358.443, 61
Trd, 4318358.893, 60
Trd, 4318359.193, 60
Trd, 4318359.743, 66
Trd, 4318360.043, 64
Trd, 4318360.193, 64
Trd, 4318360.543, 64
Trd, 4318360.693, 63
Trd, 4318361.543, 80
Trd, 4318361.743, 65
Trd, 4318362.043, 69
Trd, 4318362.993, 64
Trd, 4318366.893, 60
Trd, 4318367.443, 60
Trd, 4318368.343, 60
Trd, 4318370.693, 60
Trd, 4318370.943, 61
Trd, 4318370.993, 60
Trd, 4318371.243, 62
Trd, 4318371.343, 63
Trd, 4318371.393, 64
Trd, 4318372.493, 63
Trd, 4318373.193, 64
Trd, 4318373.393, 62
Trd, 4318373.493, 66
Trd, 4318375.393, 60
Trd, 4318377.843, 60
Trd, 4318377.893, 60
Trd, 4318379.093, 60
Trd, 4318379.493, 60
Trd, 4318379.793, 60
Trd, 4318380.093, 60
Trd, 4318380.143, 60
Trd, 4318380.393, 60
Trd, 4318381.443, 63
Trd, 4318381.643, 64
Trd, 4318382.693, 72
Trd, 4318383.293, 64
Trd, 4318383.643, 64
Trd, 4318383.843, 61
Trd, 4318384.143, 66
Trd, 4318387.443, 60
Trd, 4318388.643, 60
Trd, 4318389.293, 60
Trd, 4318391.143, 60
Trd, 4318391.693, 60
Trd, 4318392.043, 60
Trd, 4318392.393, 61
Trd, 4318392.693, 61
Trd, 4318393.043, 61
Trd, 4318393.093, 65
Trd, 4318393.693, 63
Trd, 4318393.843, 64
Trd, 4318394.093, 61
Trd, 4318394.293, 66
Trd, 4318396.243, 60
Trd, 4318397.543, 60
Trd, 4318400.043, 60
Trd, 4318402.793, 60
Trd, 4318402.843, 60
Trd, 4318402.893, 60
Trd, 4318403.543, 60
Trd, 4318403.943, 60
Trd, 4318404.193, 60
Trd, 4318404.243, 61
Trd, 4318404.943, 61
Trd, 4318405.193, 61
Trd, 4318405.393, 60
Trd, 4318406.043, 62
Trd, 4318406.893, 61
Trd, 4318407.693, 140
Trd, 4318408.343, 114
Trd, 4318409.443, 63
Trd, 4318411.043, 60
Trd, 4318412.393, 60
Trd, 4318414.643, 60
Trd, 4318414.793, 60
Trd, 4318414.993, 61
Trd, 4318415.293, 62
Trd, 4318416.743, 60
Trd, 4318416.893, 60
Trd, 4318418.093, 61
Trd, 4318418.893, 61
Trd, 4318418.943, 60
Trd, 4318419.343, 60
Trd, 4318420.543, 61
Trd, 4318422.443, 61
Trd, 4318424.493, 60
Trd, 4318424.693, 60
Trd, 4318426.993, 60
Trd, 4318427.043, 60
Trd, 4318427.393, 60
Trd, 4318427.443, 61
Trd, 4318428.393, 63
Trd, 4318428.543, 63
Trd, 4318429.243, 64
Trd, 4318429.493, 62
Trd, 4318430.093, 63
Trd, 4318434.943, 60
Trd, 4318435.293, 60
Trd, 4318436.143, 62
Trd, 4318436.193, 61
Trd, 4318436.543, 61
Trd, 4318436.643, 62
Trd, 4318436.743, 61
Trd, 4318436.843, 62
Trd, 4318437.243, 61
Trd, 4318438.043, 60
Trd, 4318438.643, 65
Trd, 4318439.743, 60
Trd, 4318440.793, 61
Trd, 4318441.343, 60
Trd, 4318442.093, 61
Trd, 4318442.743, 62
Trd, 4318443.643, 61
Trd, 4318444.043, 62
Trd, 4318444.543, 63
Trd, 4318445.543, 61
Trd, 4318445.843, 60
Trd, 4318446.393, 60
Trd, 4318447.943, 60
Trd, 4318447.993, 60
Trd, 4318448.843, 60
Trd, 4318451.593, 61
Trd, 4318452.393, 61
Trd, 4318452.593, 65
Trd, 4318452.643, 62
Trd, 4318452.993, 64
Trd, 4318453.343, 65
Trd, 4318453.493, 66
Trd, 4318455.943, 60
Trd, 4318456.293, 60
Trd, 4318456.443, 60
Trd, 4318459.943, 60
Trd, 4318461.343, 60
Trd, 4318462.243, 60
Trd, 4318462.343, 60
Trd, 4318462.593, 63
Trd, 4318463.093, 62
Trd, 4318463.293, 63
Trd, 4318463.443, 63
Trd, 4318463.593, 62
Trd, 4318463.943, 63
Trd, 4318464.893, 140
Trd, 4318464.943, 140
Trd, 4318465.093, 140
Trd, 4318465.593, 139
Trd, 4318469.443, 60
Trd, 4318469.793, 61
Trd, 4318470.693, 60
Trd, 4318470.843, 60
Trd, 4318470.943, 61
Trd, 4318471.193, 61
Trd, 4318471.393, 61
Trd, 4318471.743, 62
Trd, 4318472.043, 64
Trd, 4318472.843, 64
Trd, 4318474.893, 61
Trd, 4318475.193, 60
Trd, 4318475.243, 60
Trd, 4318475.543, 61
Trd, 4318475.793, 60
Trd, 4318476.093, 60
Trd, 4318476.393, 62
Trd, 4318477.843, 61
Trd, 4318481.043, 60
Trd, 4318481.743, 60
Trd, 4318483.493, 60
Trd, 4318485.593, 60
Trd, 4318486.543, 60
Trd, 4318486.893, 60
Trd, 4318487.043, 60
Trd, 4318487.193, 60
Trd, 4318487.443, 62
Trd, 4318487.643, 61
Trd, 4318488.043, 60
Trd, 4318488.693, 63
Trd, 4318489.093, 63
Trd, 4318490.093, 73
Trd, 4318490.343, 72
Trd, 4318490.943, 85
Trd, 4318492.293, 60
Trd, 4318496.093, 60
Trd, 4318496.293, 61
Trd, 4318498.443, 60
Trd, 4318498.493, 60
Trd, 4318498.693, 60
Trd, 4318498.993, 60
Trd, 4318499.243, 60
Trd, 4318499.543, 60
Trd, 4318499.593, 61
Trd, 4318500.193, 61
Trd, 4318501.143, 61
Trd, 4318503.493, 60
Trd, 4318504.793, 60
Trd, 4318505.643, 61
Trd, 4318506.343, 60
Trd, 4318506.643, 60
Trd, 4318506.793, 61
Trd, 4318507.093, 62
Trd, 4318507.193, 62
Trd, 4318507.743, 61
Trd, 4318507.893, 61
Trd, 4318508.293, 62
Trd, 4318508.493, 61
Trd, 4318509.143, 61
Trd, 4318509.843, 61
Trd, 4318511.593, 61
Trd, 4318516.843, 60
Trd, 4318516.943, 60
Trd, 4318517.343, 60
Trd, 4318517.643, 60
Trd, 4318518.093, 61
Trd, 4318518.143, 63
Trd, 4318518.343, 64
Trd, 4318518.743, 64
Trd, 4318518.893, 66
Trd, 4318518.993, 63
Trd, 4318519.293, 65
Trd, 4318519.743, 65
Trd, 4318525.043, 62
Trd, 4318526.493, 60
Trd, 4318526.643, 60
Trd, 4318526.843, 60
Trd, 4318527.293, 61
Trd, 4318527.593, 61
Trd, 4318528.243, 61
Trd, 4318528.543, 60
Trd, 4318529.143, 61
Trd, 4318529.343, 64
Trd, 4318529.593, 63
Trd, 4318530.393, 60
Trd, 4318531.643, 62
Trd, 4318533.893, 60
Trd, 4318537.293, 60
Trd, 4318537.693, 60
Trd, 4318537.743, 60
Trd, 4318538.293, 60
Trd, 4318538.643, 62
Trd, 4318538.793, 63
Trd, 4318538.943, 64
Trd, 4318539.593, 64
Trd, 4318539.843, 66
Trd, 4318540.043, 64
Trd, 4318540.193, 63
Trd, 4318541.193, 63
Trd, 4318541.593, 75
Trd, 4318543.643, 62
Trd, 4318545.793, 60
Trd, 4318546.393, 60
Trd, 4318546.643, 60
Trd, 4318547.343, 62
Trd, 4318547.493, 62
Trd, 4318547.893, 62
Trd, 4318548.293, 61
Trd, 4318549.743, 60
Trd, 4318551.443, 61
Trd, 4318552.493, 63
Trd, 4318553.493, 60
Trd, 4318556.643, 60
Trd, 4318556.843, 60
Trd, 4318556.943, 60
Trd, 4318556.993, 61
Trd, 4318557.193, 61
Trd, 4318557.393, 62
Trd, 4318557.543, 61
Trd, 4318558.443, 60
Trd, 4318559.743, 67
Trd, 4318559.993, 69
Trd, 4318560.193, 66
Trd, 4318561.093, 70
Trd, 4318561.943, 67
Trd, 4318561.993, 68
Trd, 4318562.143, 69
Trd, 4318562.543, 134
Trd, 4318563.293, 74
Trd, 4318564.693, 128
Trd, 4318566.543, 140
Trd, 4318566.793, 140
Trd, 4318566.943, 140
Trd, 4318567.793, 140
Trd, 4318567.993, 140
Trd, 4318568.243, 140
Trd, 4318569.343, 140
Trd, 4318569.743, 140
Trd, 4318570.593, 140
Trd, 4318571.193, 140
Trd, 4318571.943, 140
Trd, 4318572.093, 140
Trd, 4318573.243, 140
Trd, 4318573.793, 140
Trd, 4318574.143, 140
Trd, 4318575.143, 140
Trd, 4318576.143, 140
Trd, 4318576.493, 140
Trd, 4318578.143, 140
Trd, 4318578.393, 140
Trd, 4318578.693, 140
Trd, 4318579.343, 140
Trd, 4318579.593, 140
Trd, 4318580.343, 140
Trd, 4318581.543, 140
Trd, 4318581.693, 140
Trd, 4318582.493, 140
Trd, 4318583.293, 140
Trd, 4318583.343, 140
Trd, 4318583.993, 140
Trd, 4318584.443, 140
Trd, 4318585.643, 140
Trd, 4318585.943, 140
Trd, 4318586.843, 140
Trd, 4318587.043, 140
Trd, 4318589.143, 140
Trd, 4318589.693, 140
Trd, 4318590.093, 140
Trd, 4318590.743, 140
Trd, 4318591.193, 140
Trd, 4318591.293, 140
Trd, 4318592.893, 140
Trd, 4318592.993, 140
Trd, 4318593.643, 140
Trd, 4318593.793, 140
Trd, 4318593.943, 128
Trd, 4318595.643, 64
Trd, 4318598.243, 60
Trd, 4318599.643, 60
Trd, 4318599.693, 60
Trd, 4318599.943, 60
Trd, 4318600.193, 61
Trd, 4318600.593, 62
Trd, 4318601.193, 61
Trd, 4318603.043, 60
Trd, 4318603.243, 61
Trd, 4318603.943, 62
Trd, 4318604.243, 61
Trd, 4318605.043, 61
Trd, 4318605.793, 60
Trd, 4318606.293, 60
Trd, 4318610.093, 61
Trd, 4318611.493, 60
Trd, 4318612.293, 60
Trd, 4318613.943, 60
Trd, 4318614.093, 60
Trd, 4318614.393, 61
Trd, 4318614.893, 61
Trd, 4318615.393, 62
Trd, 4318615.443, 60
Trd, 4318616.093, 60
Trd, 4318616.243, 60
Trd, 4318617.493, 60
Trd, 4318617.593, 60
Trd, 4318618.593, 60
Trd, 4318619.293, 60
Trd, 4318619.943, 60
Trd, 4318620.293, 139
Trd, 4318620.343, 138
Trd, 4318621.843, 62
Trd, 4318622.543, 63
Trd, 4318623.043, 63
Trd, 4318623.143, 65
Trd, 4318624.143, 60
Trd, 4318625.993, 60
Trd, 4318629.243, 60
Trd, 4318631.343, 60
Trd, 4318631.443, 60
Trd, 4318631.643, 61
Trd, 4318631.893, 61
Trd, 4318632.093, 61
Trd, 4318632.343, 60
Trd, 4318632.693, 62
Trd, 4318633.193, 62
Trd, 4318637.443, 60
Trd, 4318638.293, 60
Trd, 4318638.943, 60
Trd, 4318639.343, 60
Trd, 4318639.493, 60
Trd, 4318639.643, 62
Trd, 4318639.893, 62
Trd, 4318640.643, 60
Trd, 4318641.643, 60
Trd, 4318644.543, 60
Trd, 4318646.193, 60
Trd, 4318646.493, 60
Trd, 4318647.193, 60
Trd, 4318647.293, 61
Trd, 4318647.493, 135
Trd, 4318648.543, 61
Trd, 4318648.893, 64
Trd, 4318649.193, 60
Trd, 4318649.643, 60
Trd, 4318651.293, 62
Trd, 4318651.893, 60
Trd, 4318652.443, 61
Trd, 4318652.593, 62
Trd, 4318652.643, 60
Trd, 4318653.293, 62
Trd, 4318654.593, 68
Trd, 4318655.143, 62
Trd, 4318655.443, 60
Trd, 4318655.543, 89
Trd, 4318656.293, 60
Trd, 4318657.843, 60
Trd, 4318658.343, 61
Trd, 4318659.193, 60
Trd, 4318659.543, 60
Trd, 4318659.643, 60
Trd, 4318659.693, 64
Trd, 4318662.393, 60
Trd, 4318665.593, 61
Trd, 4318665.993, 61
Trd, 4318667.093, 60
Trd, 4318668.393, 60
Trd, 4318668.693, 60
Trd, 4318668.743, 61
Trd, 4318669.593, 61
Trd, 4318669.893, 61
Trd, 4318671.143, 61
Trd, 4318671.243, 62
Trd, 4318671.793, 63
Trd, 4318672.193, 64
Trd, 4318672.793, 62
Trd, 4318673.343, 75
Trd, 4318673.893, 65
Trd, 4318674.343, 63
Trd, 4318674.443, 77
Trd, 4318675.993, 61
Trd, 4318677.893, 60
Trd, 4318678.393, 60
Trd, 4318680.843, 60
Trd, 4318680.993, 60
Trd, 4318681.093, 60
Trd, 4318681.143, 60
Trd, 4318681.493, 60
Trd, 4318681.693, 61
Trd, 4318682.493, 61
Trd, 4318682.893, 63
Trd, 4318682.943, 62
Trd, 4318683.243, 64
Trd, 4318685.543, 60
Trd, 4318689.443, 60
Trd, 4318689.493, 60
Trd, 4318689.593, 60
Trd, 4318689.693, 61
Trd, 4318690.043, 61
Trd, 4318690.143, 61
Trd, 4318690.293, 61
Trd, 4318690.643, 62
Trd, 4318690.843, 61
Trd, 4318691.193, 77
Trd, 4318692.243, 64
Trd, 4318692.693, 64
Trd, 4318693.393, 63
Trd, 4318693.693, 64
Trd, 4318695.993, 60
Trd, 4318696.393, 61
Trd, 4318699.993, 60
Trd, 4318700.443, 60
Trd, 4318700.593, 61
Trd, 4318700.693, 61
Trd, 4318701.043, 61
Trd, 4318701.093, 64
Trd, 4318701.493, 62
Trd, 4318701.643, 63
Trd, 4318701.693, 61
Trd, 4318702.493, 137
Trd, 4318704.293, 64
Trd, 4318704.593, 62
Trd, 4318705.143, 60
Trd, 4318705.543, 60
Trd, 4318706.743, 61
Trd, 4318707.143, 63
Trd, 4318710.843, 60
Trd, 4318711.243, 60
Trd, 4318711.543, 60
Trd, 4318711.693, 60
Trd, 4318712.193, 62
Trd, 4318712.793, 64
Trd, 4318713.043, 63
Trd, 4318713.443, 66
Trd, 4318713.543, 72
Trd, 4318714.193, 68
Trd, 4318714.793, 65
Trd, 4318715.043, 62
Trd, 4318716.943, 61
Trd, 4318717.143, 61
Trd, 4318717.443, 60
Trd, 4318723.093, 60
Trd, 4318723.143, 60
Trd, 4318723.243, 60
Trd, 4318723.343, 60
Trd, 4318723.393, 60
Trd, 4318723.693, 71
Trd, 4318724.443, 61
Trd, 4318724.943, 60
Trd, 4318727.243, 60
Trd, 4318728.993, 60
Trd, 4318729.393, 60
Trd, 4318730.193, 60
Trd, 4318730.443, 60
Trd, 4318730.943, 60
Trd, 4318731.343, 61
Trd, 4318731.393, 61
Trd, 4318731.893, 61
Trd, 4318731.993, 63
Trd, 4318732.493, 60
Trd, 4318732.993, 62
Trd, 4318733.643, 64
Trd, 4318734.043, 63
Trd, 4318735.243, 61
Trd, 4318737.593, 61
Trd, 4318738.543, 60
Trd, 4318738.843, 60
Trd, 4318739.243, 60
Trd, 4318741.893, 60
Trd, 4318742.543, 60
Trd, 4318742.593, 60
Trd, 4318742.693, 60
Trd, 4318743.193, 62
Trd, 4318743.343, 61
Trd, 4318743.693, 63
Trd, 4318746.643, 60
Trd, 4318747.493, 60
Trd, 4318748.393, 61
Trd, 4318748.593, 61
Trd, 4318748.693, 60
Trd, 4318749.343, 60
Trd, 4318749.543, 60
Trd, 4318750.593, 60
Trd, 4318751.093, 60
Trd, 4318751.143, 61
Trd, 4318751.743, 60
Trd, 4318753.093, 60
Trd, 4318756.543, 60
Trd, 4318757.593, 60
Trd, 4318759.093, 60
Trd, 4318759.343, 60
Trd, 4318759.643, 60
Trd, 4318759.893, 60
Trd, 4318760.293, 60
Trd, 4318760.743, 60
Trd, 4318763.193, 60
Trd, 4318763.393, 63
Trd, 4318763.993, 64
Trd, 4318765.293, 60
Trd, 4318765.743, 60
Trd, 4318766.243, 63
Trd, 4318766.293, 62
Trd, 4318766.643, 60
Trd, 4318767.293, 60
Trd, 4318767.693, 62
Trd, 4318768.393, 62
Trd, 4318769.043, 62
Trd, 4318770.143, 62
Trd, 4318772.743, 61
Trd, 4318774.693, 61
Trd, 4318774.843, 61
Trd, 4318774.943, 62
Trd, 4318775.343, 63
Trd, 4318775.643, 65
Trd, 4318776.143, 65
Trd, 4318776.243, 63
Trd, 4318776.593, 63
Trd, 4318776.743, 75
Trd, 4318776.893, 62
Trd, 4318777.743, 60
Trd, 4318778.493, 140
Trd, 4318778.593, 139
Trd, 4318782.893, 60
Trd, 4318784.193, 60
Trd, 4318784.493, 60
Trd, 4318784.593, 60
Trd, 4318784.943, 61
Trd, 4318784.993, 61
Trd, 4318785.443, 61
Trd, 4318786.043, 61
Trd, 4318786.643, 64
Trd, 4318787.143, 66
Trd, 4318787.693, 65
Trd, 4318790.393, 60
Trd, 4318791.543, 65
Trd, 4318792.043, 63
Trd, 4318792.693, 60
Trd, 4318794.993, 60
Trd, 4318795.393, 60
Trd, 4318795.493, 60
Trd, 4318795.693, 61
Trd, 4318796.393, 61
Trd, 4318797.093, 61
Trd, 4318797.343, 62
Trd, 4318797.543, 62
Trd, 4318799.893, 60
Trd, 4318800.293, 60
Trd, 4318801.143, 60
Trd, 4318802.143, 61
Trd, 4318802.293, 62
Trd, 4318802.643, 62
Trd, 4318802.743, 60
Trd, 4318803.043, 61
Trd, 4318803.443, 61
Trd, 4318803.743, 63
Trd, 4318804.143, 74
Trd, 4318804.943, 65
Trd, 4318805.043, 64
Trd, 4318805.643, 65
Trd, 4318806.193, 64
Trd, 4318806.893, 140
Trd, 4318807.293, 138
Trd, 4318807.493, 137
Trd, 4318808.743, 68
Trd, 4318808.943, 69
Trd, 4318810.793, 60
Trd, 4318813.443, 60
Trd, 4318814.993, 60
Trd, 4318815.243, 61
Trd, 4318815.943, 60
Trd, 4318816.043, 60
Trd, 4318816.543, 61
Trd, 4318816.593, 61
Trd, 4318817.193, 61
Trd, 4318817.343, 60
Trd, 4318818.043, 62
Trd, 4318818.893, 62
Trd, 4318819.093, 62
Trd, 4318820.343, 60
Trd, 4318821.643, 60
Trd, 4318826.443, 60
Trd, 4318826.493, 60
Trd, 4318826.543, 60
Trd, 4318826.993, 60
Trd, 4318827.043, 61
Trd, 4318827.543, 62
Trd, 4318827.943, 62
Trd, 4318828.393, 64
Trd, 4318832.643, 60
Trd, 4318833.793, 60
Trd, 4318834.793, 60
Trd, 4318835.393, 60
Trd, 4318835.543, 61
Trd, 4318835.593, 62
Trd, 4318835.843, 60
Trd, 4318836.243, 63
Trd, 4318838.593, 60
Trd, 4318838.893, 60
Trd, 4318839.193, 62
Trd, 4318839.443, 63
Trd, 4318842.193, 61
Trd, 4318845.593, 60
Trd, 4318845.743, 60
Trd, 4318846.093, 62
Trd, 4318846.143, 62
Trd, 4318846.443, 63
Trd, 4318846.993, 62
Trd, 4318847.493, 64
Trd, 4318847.843, 65
Trd, 4318847.893, 65
Trd, 4318848.593, 66
Trd, 4318849.593, 62
Trd, 4318852.393, 60
Trd, 4318853.793, 60
Trd, 4318854.793, 60
Trd, 4318855.543, 60
Trd, 4318855.793, 61
Trd, 4318856.143, 61
Trd, 4318856.243, 61
Trd, 4318856.643, 139
Trd, 4318857.793, 140
Trd, 4318857.893, 140
Trd, 4318858.143, 140
Trd, 4318858.243, 138
Trd, 4318859.393, 66
Trd, 4318862.193, 60
Trd, 4318862.293, 61
Trd, 4318864.893, 62
Trd, 4318865.143, 60
Trd, 4318865.793, 61
Trd, 4318865.843, 63
Trd, 4318866.143, 62
Trd, 4318866.793, 60
Trd, 4318868.393, 61
Trd, 4318868.593, 61
Trd, 4318868.643, 63
Trd, 4318872.443, 60
Trd, 4318873.093, 63
Trd, 4318874.043, 60
Trd, 4318874.143, 60
Trd, 4318875.493, 60
Trd, 4318876.993, 60
Trd, 4318877.193, 61
Trd, 4318877.293, 61
Trd, 4318877.593, 62
Trd, 4318877.693, 61
Trd, 4318877.943, 61
Trd, 4318879.643, 61
Trd, 4318883.593, 60
Trd, 4318883.643, 60
Trd, 4318884.293, 61
Trd, 4318885.243, 61
Trd, 4318885.593, 61
Trd, 4318886.043, 62
Trd, 4318886.643, 61
Trd, 4318886.893, 63
Trd, 4318886.943, 60
Trd, 4318888.043, 61
Trd, 4318888.943, 63
Trd, 4318889.243, 61
Trd, 4318890.293, 63
Trd, 4318892.543, 60
Trd, 4318894.343, 61
Trd, 4318895.343, 62
Trd, 4318895.843, 72
Trd, 4318895.943, 69
Trd, 4318896.143, 63
Trd, 4318896.493, 68
Trd, 4318896.543, 64
Trd, 4318896.693, 62
Trd, 4318899.293, 60
Trd, 4318900.743, 64
Trd, 4318904.193, 60
Trd, 4318904.393, 60
Trd, 4318905.593, 60
Trd, 4318905.943, 61
Trd, 4318906.093, 63
Trd, 4318906.393, 64
Trd, 4318906.643, 65
Trd, 4318906.843, 63
Trd, 4318906.943, 64
Trd, 4318907.293, 65
Trd, 4318908.043, 64
Trd, 4318910.493, 60
Trd, 4318911.043, 60
Trd, 4318911.743, 60
Trd, 4318914.993, 60
Trd, 4318915.293, 60
Trd, 4318915.543, 61
Trd, 4318915.793, 61
Trd, 4318915.893, 60
Trd, 4318916.143, 60
Trd, 4318916.193, 61
Trd, 4318916.593, 61
Trd, 4318917.793, 63
Trd, 4318918.693, 61
Trd, 4318918.793, 61
Trd, 4318918.943, 60
Trd, 4318920.543, 62
Trd, 4318920.693, 63
Trd, 4318921.793, 64
Trd, 4318921.843, 60
Trd, 4318922.193, 65
Trd, 4318924.643, 60
Trd, 4318926.843, 60
Trd, 4318927.743, 60
Trd, 4318928.093, 60
Trd, 4318928.493, 60
Trd, 4318929.193, 60
Trd, 4318929.243, 60
Trd, 4318929.293, 61
Trd, 4318929.643, 61
Trd, 4318929.843, 62
Trd, 4318930.243, 63
Trd, 4318930.643, 62
Trd, 4318931.443, 64
Trd, 4318931.493, 62
Trd, 4318933.493, 60
Trd, 4318934.243, 60
Trd, 4318936.143, 60
Trd, 4318936.493, 60
Trd, 4318938.793, 60
Trd, 4318939.843, 60
Trd, 4318939.993, 60
Trd, 4318940.093, 60
Trd, 4318940.193, 60
Trd, 4318941.193, 60
Trd, 4318941.943, 61
Trd, 4318942.343, 62
Trd, 4318942.643, 61
Trd, 4318942.993, 62
Trd, 4318943.393, 61
Trd, 4318943.443, 62
Trd, 4318944.043, 63
Trd, 4318944.293, 62
Trd, 4318945.293, 138
Trd, 4318946.343, 125
Trd, 4318947.143, 61
Trd, 4318949.143, 60
Trd, 4318951.243, 60
Trd, 4318953.343, 60
Trd, 4318953.443, 60
Trd, 4318953.493, 60
Trd, 4318953.643, 61
Trd, 4318953.793, 61
Trd, 4318954.793, 60
Trd, 4318954.893, 60
Trd, 4318954.943, 62
Trd, 4318955.743, 62
Trd, 4318956.093, 65
Trd, 4318956.493, 63
Trd, 4318956.893, 65
Trd, 4318957.043, 66
Trd, 4318957.993, 70
Trd, 4318958.193, 73
Trd, 4318959.343, 75
Trd, 4318959.843, 140
Trd, 4318960.043, 74
Trd, 4318960.393, 75
Trd, 4318961.193, 74
Trd, 4318963.443, 60
Trd, 4318964.493, 60
Trd, 4318965.943, 60
Trd, 4318967.093, 60
Trd, 4318967.243, 61
Trd, 4318967.693, 60
Trd, 4318968.143, 61
Trd, 4318968.193, 60
Trd, 4318968.543, 63
Trd, 4318969.443, 62
Trd, 4318969.943, 61
Trd, 4318970.243, 62
Trd, 4318970.493, 61
Trd, 4318971.043, 62
Trd, 4318973.843, 61
Trd, 4318975.143, 60
Trd, 4318976.993, 60
Trd, 4318977.343, 60
Trd, 4318977.643, 60
Trd, 4318977.893, 62
Trd, 4318977.993, 63
Trd, 4318978.343, 62
Trd, 4318979.143, 60
Trd, 4318980.693, 60
Trd, 4318981.793, 60
Trd, 4318984.493, 60
Trd, 4318984.593, 60
Trd, 4318985.043, 60
Trd, 4318985.143, 60
Trd, 4318985.293, 60
Trd, 4318986.343, 60
Trd, 4318986.893, 61
Trd, 4318987.593, 61
Trd, 4318987.693, 60
Trd, 4318987.893, 60
Trd, 4318988.093, 62
Trd, 4318988.643, 64
Trd, 4318988.993, 64
Trd, 4318993.593, 60
Trd, 4318993.643, 61
Trd, 4318994.293, 62
Trd, 4318994.893, 62
Trd, 4318995.093, 61
Trd, 4318995.743, 62
Trd, 4318996.493, 65
Trd, 4318996.543, 66
Trd, 4318997.193, 61
Trd, 4318997.393, 68
Trd, 4318997.943, 62
Trd, 4318998.193, 72
Trd, 4319000.743, 60
Trd, 4319002.193, 60
Trd, 4319004.443, 60
Trd, 4319004.893, 60
Trd, 4319004.993, 60
Trd, 4319006.143, 60
Trd, 4319006.193, 60
Trd, 4319006.443, 61
Trd, 4319006.543, 60
Trd, 4319007.093, 60
Trd, 4319007.243, 61
Trd, 4319009.993, 60
Trd, 4319010.743, 61
Trd, 4319012.143, 60
Trd, 4319012.243, 60
Trd, 4319014.943, 60
Trd, 4319015.093, 60
Trd, 4319015.293, 60
Trd, 4319015.343, 60
Trd, 4319015.593, 65
Trd, 4319016.243, 60
Trd, 4319016.743, 64
Trd, 4319018.193, 61
Trd, 4319018.893, 61
Trd, 4319018.993, 61
Trd, 4319020.593, 60
Trd, 4319022.493, 61
Trd, 4319024.293, 60
Trd, 4319025.493, 60
Trd, 4319026.993, 60
Trd, 4319027.443, 60
Trd, 4319027.993, 60
Trd, 4319028.293, 60
Trd, 4319028.643, 60
Trd, 4319028.893, 60
Trd, 4319029.093, 60
Trd, 4319029.393, 62
Trd, 4319031.993, 60
Trd, 4319035.493, 60
Trd, 4319036.493, 60
Trd, 4319036.693, 60
Trd, 4319036.743, 60
Trd, 4319037.293, 63
Trd, 4319037.393, 62
Trd, 4319037.493, 62
Trd, 4319038.893, 63
Trd, 4319039.343, 60
Trd, 4319040.243, 60
Trd, 4319042.193, 60
Trd, 4319042.493, 60
Trd, 4319042.893, 61
Trd, 4319043.293, 64
Trd, 4319043.393, 64
Trd, 4319043.493, 63
Trd, 4319043.843, 62
Trd, 4319044.143, 61
Trd, 4319044.943, 61
Trd, 4319048.093, 60
Trd, 4319049.393, 60
Trd, 4319051.543, 60
Trd, 4319051.743, 60
Trd, 4319051.843, 62
Trd, 4319051.943, 61
Trd, 4319052.443, 62
Trd, 4319053.193, 60
Trd, 4319054.193, 63
Trd, 4319054.293, 62
Trd, 4319055.993, 60
Trd, 4319056.443, 60
Trd, 4319057.093, 62
Trd, 4319057.193, 65
Trd, 4319057.543, 62
Trd, 4319057.943, 60
Trd, 4319059.243, 60
Trd, 4319061.643, 60
Trd, 4319063.143, 60
Trd, 4319064.543, 60
Trd, 4319064.693, 63
Trd, 4319064.743, 63
Trd, 4319065.043, 62
Trd, 4319065.093, 63
Trd, 4319065.393, 62
Trd, 4319065.543, 71
Trd, 4319066.393, 66
Trd, 4319066.893, 66
Trd, 4319069.493, 60
Trd, 4319071.693, 60
Trd, 4319073.493, 60
Trd, 4319073.943, 60
Trd, 4319073.993, 60
Trd, 4319074.543, 61
Trd, 4319074.893, 62
Trd, 4319075.243, 62
Trd, 4319075.893, 63
Trd, 4319076.043, 62
Trd, 4319076.543, 65
Trd, 4319077.193, 66
Trd, 4319077.243, 65
Trd, 4319079.143, 61
Trd, 4319080.643, 60
Trd, 4319083.593, 60
Trd, 4319083.693, 60
Trd, 4319085.193, 60
Trd, 4319085.343, 60
Trd, 4319085.493, 61
Trd, 4319085.743, 64
Trd, 4319089.093, 60
Trd, 4319091.643, 60
Trd, 4319092.543, 60
Trd, 4319093.143, 60
Trd, 4319093.843, 60
Trd, 4319095.193, 60
Trd, 4319095.443, 62
Trd, 4319095.743, 63
Trd, 4319095.893, 63
Trd, 4319095.943, 61
Trd, 4319096.943, 60
Trd, 4319097.143, 61
Trd, 4319098.243, 61
Trd, 4319098.893, 61
Trd, 4319099.043, 62
Trd, 4319101.343, 60
Trd, 4319102.743, 60
Trd, 4319104.693, 60
Trd, 4319106.643, 60
Trd, 4319106.693, 61
Trd, 4319106.993, 61
Trd, 4319107.143, 61
Trd, 4319107.293, 62
Trd, 4319107.543, 63
Trd, 4319107.843, 60
Trd, 4319108.293, 60
Trd, 4319108.343, 65
Trd, 4319108.793, 140
Trd, 4319109.893, 66
Trd, 4319109.993, 65
Trd, 4319111.843, 140
Trd, 4319112.493, 140
Trd, 4319112.793, 140
Trd, 4319113.043, 140
Trd, 4319113.293, 140
Trd, 4319113.343, 140
Trd, 4319114.843, 60
Trd, 4319115.393, 140
Trd, 4319115.693, 140
Trd, 4319116.343, 140
Trd, 4319116.443, 128
Trd, 4319117.293, 140
Trd, 4319118.793, 140
Trd, 4319119.743, 140
Trd, 4319119.793, 140
Trd, 4319120.543, 140
Trd, 4319121.243, 140
Trd, 4319121.843, 140
Trd, 4319122.643, 140
Trd, 4319124.693, 140
Trd, 4319125.243, 140
Trd, 4319125.793, 140
Trd, 4319127.393, 140
Trd, 4319128.043, 140
Trd, 4319128.393, 140
Trd, 4319128.643, 140
Trd, 4319128.793, 140
Trd, 4319129.243, 140
Trd, 4319129.393, 140
Trd, 4319130.093, 140
Trd, 4319130.793, 140
Trd, 4319131.293, 139
Trd, 4319131.793, 99
Trd, 4319132.093, 129
Trd, 4319133.843, 140
Trd, 4319134.093, 140
Trd, 4319135.243, 140
Trd, 4319135.943, 140
Trd, 4319136.393, 140
Trd, 4319136.543, 140
Trd, 4319136.843, 140
Trd, 4319137.343, 140
Trd, 4319138.143, 140
Trd, 4319138.443, 140
Trd, 4319139.043, 140
Trd, 4319140.043, 140
Trd, 4319140.243, 140
Trd, 4319141.993, 140
Trd, 4319142.143, 140
Trd, 4319142.243, 140
Trd, 4319143.143, 140
Trd, 4319144.343, 140
Trd, 4319144.593, 140
Trd, 4319145.193, 140
Trd, 4319146.243, 140
Trd, 4319148.193, 140
Trd, 4319148.543, 140
Trd, 4319148.843, 140
Trd, 4319149.193, 139
Trd, 4319149.443, 139
Trd, 4319150.293, 140
Trd, 4319150.493, 140
Trd, 4319151.493, 140
Trd, 4319151.843, 140
Trd, 4319152.643, 140
Trd, 4319153.043, 140
Trd, 4319154.743, 140
Trd, 4319155.343, 140
Trd, 4319156.093, 140
Trd, 4319156.893, 140
Trd, 4319157.593, 140
Trd, 4319157.843, 140
Trd, 4319158.393, 140
Trd, 4319159.293, 140
Trd, 4319160.143, 140
Trd, 4319160.193, 140
Trd, 4319160.643, 140
Trd, 4319161.493, 140
Trd, 4319162.643, 140
Trd, 4319163.693, 140
Trd, 4319164.343, 140
Trd, 4319166.093, 140
Trd, 4319166.293, 140
Trd, 4319166.993, 140
Trd, 4319167.193, 140
Trd, 4319167.993, 140
Trd, 4319168.543, 140
Trd, 4319170.143, 140
Trd, 4319170.693, 140
Trd, 4319171.043, 140
Trd, 4319171.293, 140
Trd, 4319171.793, 140
Trd, 4319173.193, 140
Trd, 4319173.793, 140
Trd, 4319174.143, 140
Trd, 4319174.343, 140
Trd, 4319174.493, 140
Trd, 4319176.143, 140
Trd, 4319176.193, 140
Trd, 4319177.293, 139
Trd, 4319178.793, 140
Trd, 4319179.493, 140
Trd, 4319179.643, 140
Trd, 4319180.593, 140
Trd, 4319180.693, 140
Trd, 4319182.443, 140
Trd, 4319182.843, 140
Trd, 4319184.193, 140
Trd, 4319184.843, 140
Trd, 4319185.043, 140
Trd, 4319185.493, 140
Trd, 4319186.593, 140
Trd, 4319186.943, 140
Trd, 4319187.193, 140
Trd, 4319189.593, 140
Trd, 4319189.793, 140
Trd, 4319189.843, 140
Trd, 4319191.343, 140
Trd, 4319191.393, 140
Trd, 4319191.443, 140
Trd, 4319192.543, 140
Trd, 4319193.643, 140
Trd, 4319194.043, 140
Trd, 4319194.693, 140
Trd, 4319194.743, 140
Trd, 4319195.843, 139
Trd, 4319196.793, 140
Trd, 4319196.993, 140
Trd, 4319197.043, 140
Trd, 4319197.993, 132
Trd, 4319199.543, 140
Trd, 4319199.643, 140
Trd, 4319199.993, 140
Trd, 4319200.793, 140
Trd, 4319201.243, 140
Trd, 4319202.193, 140
Trd, 4319202.443, 140
Trd, 4319202.943, 140
Trd, 4319204.143, 140
Trd, 4319204.743, 140
Trd, 4319205.393, 140
Trd, 4319207.193, 140
Trd, 4319207.943, 140
Trd, 4319208.093, 120
Trd, 4319209.643, 60
Trd, 4319210.043, 60
Trd, 4319210.893, 60
Trd, 4319214.093, 60
Trd, 4319214.443, 60
Trd, 4319214.493, 61
Trd, 4319214.793, 63
Trd, 4319214.893, 66
Trd, 4319215.493, 63
Trd, 4319216.093, 64
Trd, 4319216.393, 64
Trd, 4319216.543, 65
Trd, 4319216.893, 64
Trd, 4319217.193, 68
Trd, 4319218.043, 65
Trd, 4319218.343, 72
Trd, 4319221.143, 61
Trd, 4319222.493, 60
Trd, 4319222.843, 61
Trd, 4319225.543, 60
Trd, 4319225.643, 60
Trd, 4319225.743, 60
Trd, 4319225.943, 60
Trd, 4319226.793, 61
Trd, 4319227.243, 60
Trd, 4319227.793, 61
Trd, 4319228.693, 62
Trd, 4319229.043, 61
Trd, 4319229.643, 61
Trd, 4319230.093, 60
Trd, 4319230.443, 73
Trd, 4319231.193, 60
Trd, 4319234.543, 60
Trd, 4319235.693, 60
Trd, 4319237.593, 60
Trd, 4319237.943, 64
Trd, 4319238.043, 63
Trd, 4319238.143, 64
Trd, 4319238.193, 62
Trd, 4319239.493, 61
Trd, 4319239.893, 61
Trd, 4319240.193, 61
Trd, 4319240.593, 63
Trd, 4319241.793, 63
Trd, 4319242.143, 63
Trd, 4319242.443, 64
Trd, 4319242.893, 63
Trd, 4319243.093, 64
Trd, 4319245.643, 60
Trd, 4319245.993, 60
Trd, 4319249.993, 60
Trd, 4319250.793, 60
Trd, 4319250.893, 60
Trd, 4319250.993, 60
Trd, 4319251.443, 61
Trd, 4319252.343, 62
Trd, 4319252.493, 61
Trd, 4319252.593, 62
Trd, 4319253.043, 61
Trd, 4319253.343, 60
Trd, 4319253.443, 64
Trd, 4319254.693, 60
Trd, 4319257.943, 60
Trd, 4319257.993, 60
Trd, 4319258.443, 60
Trd, 4319260.993, 60
Trd, 4319262.093, 60
Trd, 4319262.393, 60
Trd, 4319262.593, 60
Trd, 4319263.043, 60
Trd, 4319263.643, 60
Trd, 4319263.743, 61
Trd, 4319264.393, 60
Trd, 4319264.443, 60
Trd, 4319266.193, 62
Trd, 4319268.543, 60
Trd, 4319271.643, 60
Trd, 4319271.793, 61
Trd, 4319274.893, 60
Trd, 4319275.143, 60
Trd, 4319275.193, 60
Trd, 4319275.343, 61
Trd, 4319275.443, 62
Trd, 4319275.893, 61
Trd, 4319276.193, 61
Trd, 4319276.343, 62
Trd, 4319277.543, 62
Trd, 4319278.943, 61
Trd, 4319278.993, 63
Trd, 4319284.593, 60
Trd, 4319284.843, 60
Trd, 4319284.893, 60
Trd, 4319285.193, 60
Trd, 4319285.893, 65
Trd, 4319286.093, 61
Trd, 4319286.393, 61
Trd, 4319286.993, 65
Trd, 4319287.293, 66
Trd, 4319287.393, 63
Trd, 4319290.943, 60
Trd, 4319291.743, 60
Trd, 4319291.893, 60
Trd, 4319293.993, 60
Trd, 4319294.143, 60
Trd, 4319294.493, 61
Trd, 4319294.643, 64
Trd, 4319295.743, 62
Trd, 4319296.143, 62
Trd, 4319296.243, 63
Trd, 4319296.793, 63
Trd, 4319297.043, 62
Trd, 4319297.293, 61
Trd, 4319298.193, 62
Trd, 4319298.643, 64
Trd, 4319299.443, 64
Trd, 4319299.793, 63
Trd, 4319300.593, 63
Trd, 4319300.943, 62
Trd, 4319301.343, 63
Trd, 4319301.743, 65
Trd, 4319303.593, 60
Trd, 4319305.793, 60
Trd, 4319306.643, 61
Trd, 4319306.993, 63
Trd, 4319307.093, 62
Trd, 4319307.293, 63
Trd, 4319307.843, 60
Trd, 4319308.643, 63
Trd, 4319309.043, 62
Trd, 4319309.843, 63
Trd, 4319309.943, 61
Trd, 4319310.343, 65
Trd, 4319312.193, 60
Trd, 4319313.593, 63
Trd, 4319316.643, 60
Trd, 4319316.743, 60
Trd, 4319317.243, 60
Trd, 4319317.593, 60
Trd, 4319317.743, 62
Trd, 4319317.843, 63
Trd, 4319318.243, 60
Trd, 4319318.643, 60
Trd, 4319319.093, 60
Trd, 4319320.143, 60
Trd, 4319320.493, 60
Trd, 4319321.093, 65
Trd, 4319321.143, 64
Trd, 4319321.393, 62
Trd, 4319321.693, 65
Trd, 4319324.793, 60
Trd, 4319324.843, 63
Trd, 4319328.193, 60
Trd, 4319328.443, 60
Trd, 4319328.543, 61
Trd, 4319328.643, 60
Trd, 4319329.393, 60
Trd, 4319329.643, 60
Trd, 4319329.943, 60
Trd, 4319330.493, 60
Trd, 4319330.693, 60
Trd, 4319331.293, 61
Trd, 4319332.293, 60
Trd, 4319333.393, 60
Trd, 4319333.893, 60
Trd, 4319334.743, 61
Trd, 4319335.093, 61
Trd, 4319335.293, 65
Trd, 4319335.343, 60
Trd, 4319337.243, 60
Trd, 4319341.993, 60
Trd, 4319343.043, 60
Trd, 4319343.143, 60
Trd, 4319343.293, 60
Trd, 4319343.443, 60
Trd, 4319343.643, 61
Trd, 4319343.843, 61
Trd, 4319344.193, 61
Trd, 4319344.393, 65
Trd, 4319344.493, 62
Trd, 4319345.843, 60
Trd, 4319347.093, 62
Trd, 4319347.593, 61
Trd, 4319352.043, 60
Trd, 4319353.043, 60
Trd, 4319353.543, 60
Trd, 4319353.743, 60
Trd, 4319353.893, 61
Trd, 4319353.943, 63
Trd, 4319354.143, 65
Trd, 4319354.843, 63
Trd, 4319355.593, 65
Trd, 4319355.843, 65
Trd, 4319356.443, 68
Trd, 4319356.593, 70
Trd, 4319356.843, 70
Trd, 4319358.143, 74
Trd, 4319358.593, 74
Trd, 4319358.743, 73
Trd, 4319359.443, 126
Trd, 4319359.793, 125
Trd, 4319361.143, 60
Trd, 4319362.093, 60
Trd, 4319363.793, 60
Trd, 4319364.393, 60
Trd, 4319366.743, 60
Trd, 4319366.793, 60
Trd, 4319366.843, 60
Trd, 4319366.943, 60
Trd, 4319367.493, 60
Trd, 4319367.793, 60
Trd, 4319368.043, 60
Trd, 4319368.893, 60
Trd, 4319370.043, 60
Trd, 4319371.043, 61
Trd, 4319371.443, 62
Trd, 4319371.793, 60
Trd, 4319372.193, 61
Trd, 4319372.643, 61
Trd, 4319373.493, 61
Trd, 4319375.443, 60
Trd, 4319376.693, 63
Trd, 4319378.743, 60
Trd, 4319378.893, 60
Trd, 4319379.193, 61
Trd, 4319379.643, 61
Trd, 4319379.743, 60
Trd, 4319381.643, 61
Trd, 4319383.343, 61
Trd, 4319385.493, 60
Trd, 4319386.593, 60
Trd, 4319388.193, 60
Trd, 4319388.343, 60
Trd, 4319388.543, 60
Trd, 4319388.743, 61
Trd, 4319388.843, 61
Trd, 4319389.093, 62
Trd, 4319389.293, 60
Trd, 4319389.493, 72
Trd, 4319390.243, 61
Trd, 4319391.493, 66
Trd, 4319392.643, 60
Trd, 4319394.093, 60
Trd, 4319396.443, 60
Trd, 4319396.643, 60
Trd, 4319396.943, 60
Trd, 4319397.143, 62
Trd, 4319397.193, 60
Trd, 4319397.443, 61
Trd, 4319398.193, 65
Trd, 4319398.393, 64
Trd, 4319398.443, 65
Trd, 4319398.593, 60
Trd, 4319399.893, 61
Trd, 4319402.143, 60
Trd, 4319403.093, 60
Trd, 4319405.643, 60
Trd, 4319405.943, 60
Trd, 4319406.393, 61
Trd, 4319406.593, 63
Trd, 4319406.843, 63
Trd, 4319407.143, 61
Trd, 4319407.343, 63
Trd, 4319407.493, 64
Trd, 4319408.393, 64
Trd, 4319409.143, 64
Trd, 4319409.693, 62
Trd, 4319413.493, 60
Trd, 4319414.893, 60
Trd, 4319415.243, 60
Trd, 4319415.643, 60
Trd, 4319415.743, 60
Trd, 4319416.093, 60
Trd, 4319416.243, 61
Trd, 4319416.743, 61
Trd, 4319416.793, 61
Trd, 4319417.643, 62
Trd, 4319417.843, 62
Trd, 4319418.343, 64
Trd, 4319418.693, 64
Trd, 4319418.893, 63
Trd, 4319419.543, 139
Trd, 4319420.343, 70
Trd, 4319422.543, 63
Trd, 4319423.593, 60
Trd, 4319425.093, 60
Trd, 4319426.293, 60
Trd, 4319426.493, 60
Trd, 4319426.943, 61
Trd, 4319427.743, 61
Trd, 4319428.143, 62
Trd, 4319428.493, 63
Trd, 4319428.993, 62
Trd, 4319429.243, 63
Trd, 4319429.593, 63
Trd, 4319430.043, 62
Trd, 4319430.493, 69
Trd, 4319431.593, 62
Trd, 4319431.893, 63
Trd, 4319434.943, 60
Trd, 4319438.843, 60
Trd, 4319438.893, 60
Trd, 4319439.093, 60
Trd, 4319439.243, 60
Trd, 4319439.293, 63
Trd, 4319439.893, 60
Trd, 4319439.993, 69
Trd, 4319440.343, 60
Trd, 4319440.593, 61
Trd, 4319440.743, 63
Trd, 4319441.643, 63
Trd, 4319442.343, 66
Trd, 4319442.693, 64
Trd, 4319444.393, 140
Trd, 4319444.543, 140
Trd, 4319444.643, 140
Trd, 4319445.243, 140
Trd, 4319445.593, 140
Trd, 4319445.793, 140
Trd, 4319446.493, 140
Trd, 4319447.443, 140
Trd, 4319447.893, 140
Trd, 4319447.943, 140
Trd, 4319448.743, 139
Trd, 4319450.193, 140
Trd, 4319452.043, 140
Trd, 4319452.193, 140
Trd, 4319452.793, 140
Trd, 4319454.543, 140
Trd, 4319455.193, 140
Trd, 4319456.243, 140
Trd, 4319457.093, 140
Trd, 4319457.193, 140
Trd, 4319457.293, 140
Trd, 4319457.393, 140
Trd, 4319457.843, 140
Trd, 4319458.893, 140
Trd, 4319459.043, 140
Trd, 4319459.193, 140
Trd, 4319460.293, 106
Trd, 4319461.743, 60
Trd, 4319464.793, 60
Trd, 4319465.543, 60
Trd, 4319465.993, 60
Trd, 4319466.093, 60
Trd, 4319466.293, 61
Trd, 4319466.543, 62
Trd, 4319466.843, 64
Trd, 4319467.943, 65
Trd, 4319468.193, 64
Trd, 4319468.243, 68
Trd, 4319470.143, 60
Trd, 4319471.593, 61
Trd, 4319472.643, 60
Trd, 4319473.443, 60
Trd, 4319475.143, 60
Trd, 4319475.243, 60
Trd, 4319475.293, 60
Trd, 4319475.793, 61
Trd, 4319477.043, 61
Trd, 4319477.793, 60
Trd, 4319477.843, 60
Trd, 4319477.993, 62
Trd, 4319478.243, 70
Trd, 4319479.043, 65
Trd, 4319479.193, 66
Trd, 4319479.693, 72
Trd, 4319479.793, 61
Trd, 4319480.843, 64
Trd, 4319481.343, 62
Trd, 4319483.193, 60
Trd, 4319488.193, 60
Trd, 4319488.343, 60
Trd, 4319488.493, 60
Trd, 4319488.893, 60
Trd, 4319489.493, 60
Trd, 4319489.593, 60
Trd, 4319489.643, 61
Trd, 4319490.143, 60
Trd, 4319490.443, 60
Trd, 4319492.243, 61
Trd, 4319492.643, 60
Trd, 4319494.943, 60
Trd, 4319496.793, 60
Trd, 4319497.243, 60
Trd, 4319498.043, 60
Trd, 4319498.093, 60
Trd, 4319498.693, 60
Trd, 4319499.243, 61
Trd, 4319499.393, 61
Trd, 4319499.643, 61
Trd, 4319499.693, 62
Trd, 4319500.343, 61
Trd, 4319502.743, 61
Trd, 4319504.593, 60
Trd, 4319505.093, 60
Trd, 4319506.443, 60
Trd, 4319506.993, 60
Trd, 4319507.143, 60
Trd, 4319507.843, 61
Trd, 4319507.943, 60
Trd, 4319509.293, 60
Trd, 4319509.493, 61
Trd, 4319510.143, 62
Trd, 4319510.493, 62
Trd, 4319512.443, 60
Trd, 4319514.743, 60
Trd, 4319514.893, 60
Trd, 4319518.293, 60
Trd, 4319518.343, 60
Trd, 4319518.443, 62
Trd, 4319518.743, 60
Trd, 4319518.893, 63
Trd, 4319518.943, 61
Trd, 4319518.993, 66
Trd, 4319519.843, 63
Trd, 4319520.193, 60
Trd, 4319520.593, 112
Trd, 4319525.343, 60
Trd, 4319526.693, 60
Trd, 4319527.193, 60
Trd, 4319527.493, 61
Trd, 4319527.643, 61
Trd, 4319527.993, 61
Trd, 4319528.243, 61
Trd, 4319528.393, 62
Trd, 4319528.443, 66
Trd, 4319529.193, 60
Trd, 4319530.143, 61
Trd, 4319532.293, 61
Trd, 4319533.193, 60
Trd, 4319536.193, 60
Trd, 4319536.593, 60
Trd, 4319536.643, 60
Trd, 4319537.193, 61
Trd, 4319537.743, 64
Trd, 4319537.993, 63
Trd, 4319538.143, 62
Trd, 4319538.943, 60
Trd, 4319539.493, 60
Trd, 4319539.693, 60
Trd, 4319540.393, 62
Trd, 4319540.993, 61
Trd, 4319541.693, 62
Trd, 4319542.043, 62
Trd, 4319542.243, 64
Trd, 4319542.393, 63
Trd, 4319545.993, 60
Trd, 4319546.593, 61
Trd, 4319548.493, 60
Trd, 4319548.593, 60
Trd, 4319548.693, 62
Trd, 4319548.943, 66
Trd, 4319549.393, 69
Trd, 4319549.793, 70
Trd, 4319550.093, 70
Trd, 4319550.743, 69
Trd, 4319551.293, 61
Trd, 4319552.843, 60
Trd, 4319555.443, 60
Trd, 4319556.793, 60
Trd, 4319557.543, 60
Trd, 4319557.693, 60
Trd, 4319557.893, 60
Trd, 4319558.243, 60
Trd, 4319558.293, 61
Trd, 4319559.643, 61
Trd, 4319559.893, 62
Trd, 4319560.393, 60
Trd, 4319561.193, 60
Trd, 4319561.543, 60
Trd, 4319564.093, 60
Trd, 4319565.793, 60
Trd, 4319568.643, 60
Trd, 4319568.843, 60
Trd, 4319568.943, 60
Trd, 4319569.093, 61
Trd, 4319569.443, 63
Trd, 4319569.743, 61
Trd, 4319569.893, 61
Trd, 4319570.843, 66
Trd, 4319571.043, 62
Trd, 4319571.293, 61
Trd, 4319572.343, 60
Trd, 4319573.893, 67
Trd, 4319574.793, 60
Trd, 4319578.143, 60
Trd, 4319578.243, 60
Trd, 4319578.393, 60
Trd, 4319578.593, 61
Trd, 4319578.793, 61
Trd, 4319578.993, 63
Trd, 4319579.393, 62
Trd, 4319579.993, 60
Trd, 4319580.343, 60
Trd, 4319581.243, 61
Trd, 4319583.893, 60
Trd, 4319584.543, 60
Trd, 4319586.793, 60
Trd, 4319587.493, 60
Trd, 4319587.843, 60
Trd, 4319587.943, 60
Trd, 4319587.993, 60
Trd, 4319588.143, 60
Trd, 4319588.793, 60
Trd, 4319589.343, 62
Trd, 4319589.493, 63
Trd, 4319589.743, 64
Trd, 4319590.143, 61
Trd, 4319592.293, 60
Trd, 4319594.093, 60
Trd, 4319595.443, 60
Trd, 4319596.243, 60
Trd, 4319599.643, 60
Trd, 4319600.393, 60
Trd, 4319600.693, 60
Trd, 4319601.193, 60
Trd, 4319601.393, 60
Trd, 4319601.943, 61
Trd, 4319602.243, 62
Trd, 4319602.643, 60
Trd, 4319603.743, 68
Trd, 4319604.543, 65
Trd, 4319605.193, 69
Trd, 4319605.743, 70
Trd, 4319606.643, 73
Trd, 4319606.993, 140
Trd, 4319607.343, 140
Trd, 4319607.743, 140
Trd, 4319609.293, 62
Trd, 4319610.643, 60
Trd, 4319611.743, 60
Trd, 4319612.393, 60
Trd, 4319613.243, 61
Trd, 4319614.943, 60
Trd, 4319615.143, 60
Trd, 4319615.643, 60
Trd, 4319615.793, 61
Trd, 4319616.143, 60
Trd, 4319617.493, 60
Trd, 4319618.643, 60
Trd, 4319619.393, 60
Trd, 4319620.143, 61
Trd, 4319620.343, 61
Trd, 4319620.443, 62
Trd, 4319620.593, 63
Trd, 4319620.893, 61
Trd, 4319621.593, 65
Trd, 4319621.893, 66
Trd, 4319622.043, 65
Trd, 4319622.893, 61
Trd, 4319625.043, 60
Trd, 4319626.043, 60
Trd, 4319628.293, 60
Trd, 4319629.443, 60
Trd, 4319629.943, 60
Trd, 4319630.293, 60
Trd, 4319630.393, 61
Trd, 4319630.543, 60
Trd, 4319631.743, 61
Trd, 4319631.793, 61
Trd, 4319631.943, 60
Trd, 4319633.143, 61
Trd, 4319635.743, 60
Trd, 4319638.843, 60
Trd, 4319638.893, 60
Trd, 4319639.043, 60
Trd, 4319639.143, 60
Trd, 4319639.243, 61
Trd, 4319639.793, 61
Trd, 4319640.193, 61
Trd, 4319640.243, 60
Trd, 4319640.393, 61
Trd, 4319641.143, 62
Trd, 4319641.793, 66
Trd, 4319642.793, 139
Trd, 4319643.343, 138
Trd, 4319643.743, 65
Trd, 4319643.793, 66
Trd, 4319644.393, 65
Trd, 4319647.343, 60
Trd, 4319648.443, 60
Trd, 4319648.893, 60
Trd, 4319650.493, 60
Trd, 4319651.143, 60
Trd, 4319651.643, 60
Trd, 4319651.893, 61
Trd, 4319652.293, 61
Trd, 4319652.743, 61
Trd, 4319652.943, 60
Trd, 4319653.593, 61
Trd, 4319653.743, 64
Trd, 4319653.993, 64
Trd, 4319655.243, 60
Trd, 4319656.093, 61
Trd, 4319656.293, 61
Trd, 4319656.693, 62
Trd, 4319657.143, 61
Trd, 4319659.793, 60
Trd, 4319663.543, 60
Trd, 4319664.093, 60
Trd, 4319665.193, 60
Trd, 4319665.343, 60
Trd, 4319665.393, 60
Trd, 4319665.593, 60
Trd, 4319666.343, 62
Trd, 4319666.643, 63
Trd, 4319667.393, 62
Trd, 4319667.843, 62
Trd, 4319668.093, 63
Trd, 4319669.643, 60
Trd, 4319672.693, 61
Trd, 4319673.243, 61
Trd, 4319674.093, 60
Trd, 4319674.193, 64
Trd, 4319674.593, 65
Trd, 4319674.693, 62
Trd, 4319674.993, 60
Trd, 4319677.043, 60
Trd, 4319677.343, 60
Trd, 4319678.493, 60
Trd, 4319679.843, 60
Trd, 4319680.193, 60
Trd, 4319680.393, 62
Trd, 4319680.493, 64
Trd, 4319680.793, 62
Trd, 4319681.143, 62
Trd, 4319682.043, 63
Trd, 4319682.943, 65
Trd, 4319683.093, 65
Trd, 4319683.493, 63
Trd, 4319685.793, 60
Trd, 4319686.493, 60
Trd, 4319687.543, 61
Trd, 4319689.043, 60
Trd, 4319689.743, 60
Trd, 4319690.093, 60
Trd, 4319690.643, 62
Trd, 4319690.743, 62
Trd, 4319691.143, 61
Trd, 4319691.343, 62
Trd, 4319691.893, 62
Trd, 4319692.243, 62
Trd, 4319693.243, 63
Trd, 4319693.643, 65
Trd, 4319693.693, 63
Trd, 4319694.193, 66
Trd, 4319695.293, 136
Trd, 4319695.443, 135
Trd, 4319695.493, 65
Trd, 4319697.093, 139
Trd, 4319697.293, 140
Trd, 4319699.693, 60
Trd, 4319701.443, 62
Trd, 4319702.593, 60
Trd, 4319703.193, 61
Trd, 4319704.743, 60
Trd, 4319705.293, 62
Trd, 4319705.543, 62
Trd, 4319706.293, 60
Trd, 4319707.093, 60
Trd, 4319707.593, 60
Trd, 4319708.843, 60
Trd, 4319709.843, 61
Trd, 4319711.443, 61
Trd, 4319712.143, 60
Trd, 4319712.243, 60
Trd, 4319713.043, 65
Trd, 4319713.143, 64
Trd, 4319713.493, 65
Trd, 4319713.943, 67
Trd, 4319714.043, 68
Trd, 4319714.343, 67
Trd, 4319715.593, 62
Trd, 4319716.293, 65
Trd, 4319717.943, 60
Trd, 4319718.893, 60
Trd, 4319720.693, 60
Trd, 4319722.593, 60
Trd, 4319722.993, 60
Trd, 4319723.193, 60
Trd, 4319723.343, 61
Trd, 4319724.393, 60
Trd, 4319724.593, 63
Trd, 4319725.893, 62
Trd, 4319725.943, 63
Trd, 4319726.043, 66
Trd, 4319726.543, 65
Trd, 4319727.143, 66
Trd, 4319727.193, 63
Trd, 4319728.293, 64
Trd, 4319728.343, 63
Trd, 4319728.893, 62
Trd, 4319731.443, 60
Trd, 4319732.743, 60
Trd, 4319734.093, 60
Trd, 4319735.243, 60
Trd, 4319735.693, 60
Trd, 4319735.793, 60
Trd, 4319735.943, 60
Trd, 4319735.993, 60
Trd, 4319736.193, 62
Trd, 4319736.793, 61
Trd, 4319737.093, 62
Trd, 4319739.093, 61
Trd, 4319739.593, 61
Trd, 4319741.543, 60
Trd, 4319742.393, 61
Trd, 4319743.343, 62
Trd, 4319743.543, 61
Trd, 4319743.643, 61
Trd, 4319743.893, 61
Trd, 4319744.043, 63
Trd, 4319744.443, 63
Trd, 4319749.843, 60
Trd, 4319750.143, 60
Trd, 4319750.643, 60
Trd, 4319751.943, 60
Trd, 4319752.143, 61
Trd, 4319752.543, 62
Trd, 4319753.043, 63
Trd, 4319753.343, 65
Trd, 4319753.443, 64
Trd, 4319754.143, 67
Trd, 4319754.293, 65
Trd, 4319754.493, 104
Trd, 4319755.493, 60
Trd, 4319755.793, 63
Trd, 4319757.043, 60
Trd, 4319758.793, 60
Trd, 4319760.843, 60
Trd, 4319760.943, 60
Trd, 4319761.043, 60
Trd, 4319761.843, 60
Trd, 4319761.943, 61
Trd, 4319762.243, 60
Trd, 4319762.993, 60
Trd, 4319763.543, 60
Trd, 4319764.043, 62
Trd, 4319764.643, 62
Trd, 4319765.343, 61
Trd, 4319765.543, 63
Trd, 4319765.693, 62
Trd, 4319766.893, 60
Trd, 4319768.193, 60
Trd, 4319768.393, 60
Trd, 4319770.293, 60
Trd, 4319771.793, 60
Trd, 4319772.793, 60
Trd, 4319774.843, 60
Trd, 4319774.993, 60
Trd, 4319775.193, 60
Trd, 4319775.443, 61
Trd, 4319775.543, 60
Trd, 4319775.743, 60
Trd, 4319776.043, 61
Trd, 4319776.343, 62
Trd, 4319776.643, 64
Trd, 4319777.493, 63
Trd, 4319778.143, 61
Trd, 4319780.043, 60
Trd, 4319781.393, 60
Trd, 4319783.893, 60
Trd, 4319784.793, 60
Trd, 4319785.943, 60
Trd, 4319785.993, 60
Trd, 4319786.443, 65
Trd, 4319786.493, 60
Trd, 4319786.893, 61
Trd, 4319787.343, 60
Trd, 4319788.193, 65
Trd, 4319788.643, 63
Trd, 4319788.993, 67
Trd, 4319789.193, 62
Trd, 4319789.943, 75
Trd, 4319790.093, 60
Trd, 4319790.393, 71
Trd, 4319790.693, 61
Trd, 4319791.443, 63
Trd, 4319792.343, 62
Trd, 4319792.993, 62
Trd, 4319794.993, 61
Trd, 4319796.543, 60
Trd, 4319796.893, 60
Trd, 4319798.293, 60
Trd, 4319800.843, 60
Trd, 4319801.143, 61
Trd, 4319801.543, 64
Trd, 4319801.943, 67
Trd, 4319802.193, 63
Trd, 4319802.243, 62
Trd, 4319802.543, 62
Trd, 4319802.643, 61
Trd, 4319803.643, 61
Trd, 4319804.593, 60
Trd, 4319805.843, 63
Trd, 4319806.093, 61
Trd, 4319807.643, 60
Trd, 4319807.743, 61
Trd, 4319810.043, 60
Trd, 4319811.643, 60
Trd, 4319811.693, 60
Trd, 4319811.893, 60
Trd, 4319812.143, 60
Trd, 4319813.643, 60
Trd, 4319814.693, 60
Trd, 4319814.943, 60
Trd, 4319817.593, 60
Trd, 4319818.143, 62
Trd, 4319818.343, 64
Trd, 4319818.493, 64
Trd, 4319818.593, 64
Trd, 4319819.043, 65
Trd, 4319819.093, 63
Trd, 4319819.143, 62
Trd, 4319820.993, 62
Trd, 4319826.293, 60
Trd, 4319826.993, 61
Trd, 4319827.493, 60
Trd, 4319827.993, 60
Trd, 4319828.143, 60
Trd, 4319828.393, 61
Trd, 4319828.493, 61
Trd, 4319829.043, 66
Trd, 4319829.093, 67
Trd, 4319829.343, 63
Trd, 4319829.993, 62
Trd, 4319830.693, 63
Trd, 4319831.143, 67
Trd, 4319831.493, 68
Trd, 4319831.993, 140
Trd, 4319832.343, 140
Trd, 4319833.193, 64
Trd, 4319833.493, 63
Trd, 4319833.693, 67
Trd, 4319834.343, 64
Trd, 4319836.443, 60
Trd, 4319839.543, 60
Trd, 4319840.793, 60
Trd, 4319841.143, 61
Trd, 4319841.243, 63
Trd, 4319841.493, 61
Trd, 4319841.743, 60
Trd, 4319842.343, 61
Trd, 4319842.443, 61
Trd, 4319842.593, 62
Trd, 4319842.943, 63
Trd, 4319845.293, 60
Trd, 4319846.393, 68
Trd, 4319848.643, 60
Trd, 4319850.293, 60
Trd, 4319850.793, 60
Trd, 4319851.143, 60
Trd, 4319851.493, 61
Trd, 4319851.843, 63
Trd, 4319851.943, 64
Trd, 4319852.443, 65
Trd, 4319852.643, 64
Trd, 4319852.843, 73
Trd, 4319854.093, 72
Trd, 4319854.693, 74
Trd, 4319854.743, 73
Trd, 4319855.043, 71
Trd, 4319856.393, 60
Trd, 4319857.243, 60
Trd, 4319858.993, 60
Trd, 4319861.243, 60
Trd, 4319863.293, 60
Trd, 4319863.593, 61
Trd, 4319863.743, 61
Trd, 4319864.043, 62
Trd, 4319864.493, 61
Trd, 4319864.843, 61
Trd, 4319865.093, 61
Trd, 4319865.243, 62
Trd, 4319865.293, 61
Trd, 4319866.943, 60
Trd, 4319869.843, 60
Trd, 4319870.993, 60
Trd, 4319872.693, 60
Trd, 4319873.293, 60
Trd, 4319873.393, 60
Trd, 4319873.743, 61
Trd, 4319873.843, 62
Trd, 4319874.593, 60
Trd, 4319874.793, 61
Trd, 4319876.593, 62
Trd, 4319876.943, 61
Trd, 4319879.593, 60
Trd, 4319882.093, 60
Trd, 4319882.443, 60
Trd, 4319882.793, 60
Trd, 4319883.593, 60
Trd, 4319883.793, 60
Trd, 4319883.943, 60
Trd, 4319884.593, 65
Trd, 4319884.793, 65
Trd, 4319884.893, 64
Trd, 4319885.893, 67
Trd, 4319886.493, 140
Trd, 4319886.743, 140
Trd, 4319886.993, 132
Trd, 4319892.143, 60
Trd, 4319893.543, 60
Trd, 4319893.943, 60
Trd, 4319894.293, 60
Trd, 4319894.493, 60
Trd, 4319894.543, 61
Trd, 4319895.143, 61
Trd, 4319895.293, 60
Trd, 4319895.693, 65
Trd, 4319897.343, 61
Trd, 4319898.593, 60
Trd, 4319899.443, 61
Trd, 4319900.043, 61
Trd, 4319902.893, 60
Trd, 4319903.893, 60
Trd, 4319904.443, 60
Trd, 4319905.843, 61
Trd, 4319905.943, 60
Trd, 4319906.043, 62
Trd, 4319906.493, 60
Trd, 4319906.593, 60
Trd, 4319906.893, 60
Trd, 4319907.343, 61
Trd, 4319907.843, 61
Trd, 4319908.643, 64
Trd, 4319909.343, 66
Trd, 4319909.443, 65
Trd, 4319909.793, 66
Trd, 4319911.293, 60
Trd, 4319912.393, 60
Trd, 4319913.693, 60
Trd, 4319914.243, 61
Trd, 4319916.743, 60
Trd, 4319916.843, 63
Trd, 4319917.893, 64
Trd, 4319917.943, 63
Trd, 4319918.243, 60
Trd, 4319921.893, 60
Trd, 4319921.993, 60
Trd, 4319924.043, 60
Trd, 4319924.593, 60
Trd, 4319924.793, 60
Trd, 4319924.843, 60
Trd, 4319924.893, 61
Trd, 4319925.093, 63
Trd, 4319925.343, 63
Trd, 4319925.443, 63
Trd, 4319925.743, 64
Trd, 4319929.293, 60
Trd, 4319929.343, 60
Trd, 4319929.643, 61
Trd, 4319930.343, 63
Trd, 4319930.743, 64
Trd, 4319930.893, 62
Trd, 4319931.793, 60
Trd, 4319931.993, 62
Trd, 4319932.993, 63
Trd, 4319933.343, 62
Trd, 4319933.393, 66
Trd, 4319934.343, 140
Trd, 4319934.393, 140
Trd, 4319935.493, 60
Trd, 4319938.993, 60
Trd, 4319940.093, 60
Trd, 4319941.093, 60
Trd, 4319941.243, 60
Trd, 4319941.593, 62
Trd, 4319941.643, 62
Trd, 4319941.843, 63
Trd, 4319942.143, 64
Trd, 4319942.693, 64
Trd, 4319943.543, 139
Trd, 4319943.693, 139
Trd, 4319944.243, 140
Trd, 4319947.443, 62
Trd, 4319948.393, 60
Trd, 4319950.893, 60
Trd, 4319951.093, 60
Trd, 4319951.193, 61
Trd, 4319951.393, 62
Trd, 4319951.493, 62
Trd, 4319951.893, 63
Trd, 4319952.293, 67
Trd, 4319952.393, 64
Trd, 4319953.743, 61
Trd, 4319953.893, 60
Trd, 4319954.743, 62
Trd, 4319955.443, 62
Trd, 4319955.843, 61
Trd, 4319957.493, 60
Trd, 4319958.493, 63
Trd, 4319960.493, 66
Trd, 4319961.693, 62
Trd, 4319962.343, 60
Trd, 4319962.693, 60
Trd, 4319963.393, 60
Trd, 4319963.693, 61
Trd, 4319963.893, 61
Trd, 4319964.843, 61
Trd, 4319965.043, 61
Trd, 4319965.643, 64
Trd, 4319965.743, 62
Trd, 4319966.193, 63
Trd, 4319966.793, 67
Trd, 4319967.743, 60
Trd, 4319968.093, 60
Trd, 4319970.993, 60
Trd, 4319973.293, 60
Trd, 4319973.543, 60
Trd, 4319974.643, 62
Trd, 4319974.693, 61
Trd, 4319974.843, 60
Trd, 4319976.493, 63
Trd, 4319976.943, 62
Trd, 4319977.043, 70
Trd, 4319977.093, 61
Trd, 4319977.493, 63
Trd, 4319979.193, 60
Trd, 4319980.443, 62
Trd, 4319982.443, 60
Trd, 4319983.843, 60
Trd, 4319983.893, 61
Trd, 4319984.143, 61
Trd, 4319984.793, 60
Trd, 4319985.293, 61
Trd, 4319985.443, 60
Trd, 4319986.143, 61
Trd, 4319988.243, 60
Trd, 4319990.343, 60
Trd, 4319990.493, 60
Trd, 4319991.443, 60
Trd, 4319991.693, 60
Trd, 4319992.943, 60
Trd, 4319993.243, 61
Trd, 4319993.393, 62
Trd, 4319993.543, 62
Trd, 4319994.043, 63
Trd, 4319994.243, 62
Trd, 4319995.543, 60
Trd, 4319995.843, 60
Trd, 4319996.093, 60
Trd, 4319999.243, 61
Trd, 4319999.293, 61
