Trd, 4317995.193, 140
Trd, 4317995.993, 140
Trd, 4317996.043, 140
Trd, 4317998.693, 140
Trd, 4317998.793, 140
Trd, 4318000.443, 140
Trd, 4318000.993, 138
Trd, 4318001.043, 133
Trd, 4318001.543, 131
Trd, 4318001.593, 123
Trd, 4318002.393, 132
Trd, 4318002.943, 140
Trd, 4318004.593, 139
Trd, 4318005.343, 139
Trd, 4318005.693, 137
Trd, 4318007.293, 140
Trd, 4318009.243, 140
Trd, 4318009.643, 139
Trd, 4318010.343, 138
Trd, 4318010.893, 137
Trd, 4318011.043, 125
Trd, 4318011.343, 112
Trd, 4318012.743, 136
Trd, 4318014.843, 133
Trd, 4318015.393, 134
Trd, 4318015.643, 134
Trd, 4318016.043, 126
Trd, 4318017.143, 140
Trd, 4318018.393, 140
Trd, 4318018.843, 140
Trd, 4318019.693, 140
Trd, 4318019.793, 140
Trd, 4318022.043, 140
Trd, 4318022.393, 140
Trd, 4318023.593, 140
Trd, 4318025.443, 140
Trd, 4318026.193, 140
Trd, 4318026.693, 140
Trd, 4318027.393, 138
Trd, 4318027.543, 100
Trd, 4318029.043, 140
Trd, 4318031.343, 140
Trd, 4318032.193, 140
Trd, 4318032.443, 140
Trd, 4318032.993, 139
Trd, 4318033.493, 139
Trd, 4318037.943, 140
Trd, 4318038.193, 140
Trd, 4318038.243, 140
Trd, 4318040.443, 139
Trd, 4318040.743, 134
Trd, 4318043.093, 139
Trd, 4318043.143, 133
Trd, 4318043.243, 130
Trd, 4318043.743, 139
Trd, 4318044.793, 126
Trd, 4318046.693, 140
Trd, 4318046.993, 138
Trd, 4318048.643, 138
Trd, 4318050.943, 140
Trd, 4318052.043, 136
Trd, 4318052.593, 115
Trd, 4318055.043, 140
Trd, 4318056.443, 140
Trd, 4318057.093, 140
Trd, 4318057.143, 139
Trd, 4318057.243, 139
Trd, 4318057.393, 116
Trd, 4318058.043, 134
Trd, 4318059.493, 133
Trd, 4318060.193, 115
Trd, 4318061.943, 140
Trd, 4318062.043, 140
Trd, 4318062.393, 140
Trd, 4318063.243, 140
Trd, 4318064.443, 140
Trd, 4318064.943, 136
Trd, 4318066.943, 130
Trd, 4318068.893, 140
Trd, 4318070.093, 140
Trd, 4318070.243, 140
Trd, 4318071.393, 138
Trd, 4318071.443, 137
Trd, 4318072.743, 140
Trd, 4318074.593, 140
Trd, 4318075.093, 140
Trd, 4318075.543, 139
Trd, 4318076.193, 138
Trd, 4318076.543, 138
Trd, 4318077.893, 139
Trd, 4318079.093, 140
Trd, 4318079.693, 140
Trd, 4318080.143, 140
Trd, 4318082.643, 138
Trd, 4318083.443, 137
Trd, 4318085.843, 140
Trd, 4318086.143, 140
Trd, 4318086.193, 140
Trd, 4318086.443, 140
Trd, 4318088.393, 140
Trd, 4318089.193, 139
Trd, 4318089.793, 140
Trd, 4318089.843, 123
Trd, 4318090.243, 129
Trd, 4318091.443, 134
Trd, 4318091.693, 125
Trd, 4318092.493, 121
Trd, 4318093.493, 140
Trd, 4318093.743, 98
Trd, 4318094.943, 62
Trd, 4318095.893, 139
Trd, 4318097.893, 140
Trd, 4318097.993, 140
Trd, 4318098.343, 140
Trd, 4318098.793, 139
Trd, 4318100.143, 139
Trd, 4318101.143, 138
Trd, 4318101.643, 124
Trd, 4318101.693, 94
Trd, 4318102.293, 117
Trd, 4318102.993, 95
Trd, 4318103.893, 95
Trd, 4318104.843, 139
Trd, 4318105.143, 124
Trd, 4318108.593, 140
Trd, 4318108.793, 140
Trd, 4318111.893, 140
Trd, 4318113.643, 140
Trd, 4318113.693, 140
Trd, 4318113.843, 140
Trd, 4318113.993, 139
Trd, 4318114.393, 140
Trd, 4318115.443, 134
Trd, 4318117.093, 131
Trd, 4318117.443, 133
Trd, 4318117.543, 94
Trd, 4318118.743, 138
Trd, 4318120.793, 140
Trd, 4318122.943, 140
Trd, 4318124.343, 140
Trd, 4318124.743, 139
Trd, 4318126.443, 140
Trd, 4318127.843, 140
Trd, 4318127.893, 139
Trd, 4318128.043, 138
Trd, 4318129.243, 140
Trd, 4318132.043, 140
Trd, 4318132.093, 139
Trd, 4318133.993, 140
Trd, 4318134.793, 140
Trd, 4318136.393, 140
Trd, 4318136.543, 140
Trd, 4318138.143, 138
Trd, 4318138.343, 140
Trd, 4318138.493, 138
Trd, 4318139.393, 140
Trd, 4318141.843, 140
Trd, 4318144.093, 140
Trd, 4318144.393, 140
Trd, 4318146.643, 140
Trd, 4318146.693, 140
Trd, 4318146.843, 139
Trd, 4318147.893, 140
Trd, 4318148.193, 139
Trd, 4318148.893, 132
Trd, 4318149.493, 124
Trd, 4318150.443, 127
Trd, 4318150.543, 84
Trd, 4318153.243, 140
Trd, 4318153.593, 138
Trd, 4318154.193, 134
Trd, 4318155.393, 136
Trd, 4318156.593, 139
Trd, 4318158.143, 140
Trd, 4318158.593, 140
Trd, 4318160.393, 140
Trd, 4318160.543, 140
Trd, 4318164.193, 140
Trd, 4318164.843, 140
Trd, 4318165.793, 140
Trd, 4318166.293, 140
Trd, 4318166.793, 138
Trd, 4318167.743, 139
Trd, 4318168.143, 136
Trd, 4318169.893, 139
Trd, 4318170.043, 138
Trd, 4318171.143, 139
Trd, 4318171.443, 133
Trd, 4318173.043, 140
Trd, 4318173.843, 140
Trd, 4318174.443, 140
Trd, 4318174.643, 140
Trd, 4318175.743, 139
Trd, 4318176.293, 137
Trd, 4318178.543, 136
Trd, 4318179.593, 111
Trd, 4318181.043, 140
Trd, 4318183.793, 140
Trd, 4318183.993, 140
Trd, 4318184.343, 140
Trd, 4318187.143, 140
Trd, 4318187.293, 140
Trd, 4318188.093, 140
Trd, 4318188.243, 135
Trd, 4318189.143, 140
Trd, 4318189.393, 140
Trd, 4318189.443, 140
Trd, 4318190.093, 115
Trd, 4318191.793, 140
Trd, 4318191.993, 138
Trd, 4318193.443, 136
Trd, 4318195.393, 140
Trd, 4318196.143, 140
Trd, 4318196.843, 140
Trd, 4318197.343, 140
Trd, 4318197.543, 139
Trd, 4318199.243, 137
Trd, 4318199.693, 136
Trd, 4318201.243, 140
Trd, 4318202.743, 140
Trd, 4318203.343, 140
Trd, 4318203.743, 140
Trd, 4318204.243, 140
Trd, 4318205.193, 140
Trd, 4318208.993, 140
Trd, 4318209.143, 140
Trd, 4318209.693, 140
Trd, 4318210.343, 140
Trd, 4318211.393, 140
Trd, 4318212.043, 135
Trd, 4318212.093, 128
Trd, 4318213.543, 139
Trd, 4318214.443, 113
Trd, 4318214.593, 112
Trd, 4318217.643, 140
Trd, 4318218.343, 140
Trd, 4318218.443, 140
Trd, 4318218.843, 87
Trd, 4318219.493, 140
Trd, 4318220.843, 140
Trd, 4318221.093, 140
Trd, 4318221.643, 139
Trd, 4318222.343, 112
Trd, 4318224.093, 140
Trd, 4318224.593, 140
Trd, 4318227.143, 140
Trd, 4318227.243, 140
Trd, 4318227.443, 139
Trd, 4318229.093, 131
Trd, 4318231.993, 140
Trd, 4318232.143, 140
Trd, 4318233.143, 140
Trd, 4318233.293, 140
Trd, 4318233.943, 140
Trd, 4318234.943, 136
Trd, 4318236.093, 131
Trd, 4318236.243, 138
Trd, 4318236.443, 139
Trd, 4318236.793, 139
Trd, 4318237.393, 110
Trd, 4318238.343, 62
Trd, 4318239.493, 139
Trd, 4318240.343, 125
Trd, 4318242.143, 125
Trd, 4318243.193, 136
Trd, 4318243.243, 121
Trd, 4318243.993, 131
Trd, 4318245.643, 139
Trd, 4318246.643, 139
Trd, 4318247.943, 139
Trd, 4318248.293, 140
Trd, 4318248.743, 140
Trd, 4318249.793, 137
Trd, 4318252.443, 140
Trd, 4318252.793, 140
Trd, 4318254.743, 140
Trd, 4318257.893, 140
Trd, 4318258.043, 140
Trd, 4318258.143, 140
Trd, 4318259.793, 140
Trd, 4318261.943, 140
Trd, 4318262.893, 140
Trd, 4318264.043, 140
Trd, 4318264.643, 140
Trd, 4318264.843, 140
Trd, 4318265.343, 140
Trd, 4318266.943, 139
Trd, 4318267.243, 136
Trd, 4318268.143, 140
Trd, 4318269.193, 120
Trd, 4318271.043, 135
Trd, 4318271.093, 134
Trd, 4318271.293, 136
Trd, 4318271.793, 128
Trd, 4318272.193, 126
Trd, 4318272.643, 116
Trd, 4318273.543, 139
Trd, 4318274.893, 140
Trd, 4318275.343, 140
Trd, 4318275.643, 140
Trd, 4318276.193, 140
Trd, 4318277.943, 139
Trd, 4318278.293, 124
Trd, 4318279.893, 138
Trd, 4318283.393, 140
Trd, 4318284.043, 140
Trd, 4318285.043, 140
Trd, 4318285.493, 140
Trd, 4318286.093, 140
Trd, 4318286.543, 140
Trd, 4318288.093, 140
Trd, 4318288.443, 140
Trd, 4318291.493, 140
Trd, 4318292.393, 140
Trd, 4318292.743, 140
Trd, 4318293.943, 139
Trd, 4318294.443, 140
Trd, 4318294.893, 135
Trd, 4318296.793, 140
Trd, 4318297.443, 140
Trd, 4318298.743, 140
Trd, 4318298.843, 139
Trd, 4318300.143, 136
Trd, 4318302.543, 140
Trd, 4318302.643, 140
Trd, 4318302.993, 140
Trd, 4318303.993, 138
Trd, 4318305.043, 108
Trd, 4318305.593, 139
Trd, 4318305.743, 125
Trd, 4318306.993, 136
Trd, 4318309.293, 140
Trd, 4318310.593, 140
Trd, 4318310.693, 140
Trd, 4318311.993, 140
Trd, 4318312.793, 140
Trd, 4318312.943, 113
Trd, 4318314.393, 138
Trd, 4318315.093, 140
Trd, 4318316.143, 140
Trd, 4318317.343, 140
Trd, 4318317.643, 140
Trd, 4318320.193, 140
Trd, 4318321.443, 140
Trd, 4318322.543, 140
Trd, 4318322.743, 140
Trd, 4318323.043, 140
Trd, 4318326.143, 140
Trd, 4318326.393, 140
Trd, 4318326.643, 140
Trd, 4318328.693, 140
Trd, 4318329.293, 140
Trd, 4318329.693, 139
Trd, 4318330.793, 140
Trd, 4318331.293, 140
Trd, 4318332.543, 140
Trd, 4318332.993, 140
Trd, 4318333.343, 138
Trd, 4318333.493, 129
Trd, 4318337.143, 140
Trd, 4318337.643, 139
Trd, 4318337.893, 139
Trd, 4318338.293, 140
Trd, 4318339.293, 140
Trd, 4318339.793, 136
Trd, 4318340.693, 139
Trd, 4318341.943, 136
Trd, 4318342.593, 130
Trd, 4318342.743, 114
Trd, 4318343.293, 101
Trd, 4318344.693, 140
Trd, 4318344.993, 140
Trd, 4318346.193, 140
Trd, 4318347.093, 140
Trd, 4318350.193, 140
Trd, 4318351.393, 140
Trd, 4318352.643, 140
Trd, 4318353.343, 140
Trd, 4318354.943, 140
Trd, 4318356.443, 140
Trd, 4318356.543, 140
Trd, 4318357.143, 136
Trd, 4318358.343, 120
Trd, 4318358.843, 137
Trd, 4318360.543, 140
Trd, 4318363.193, 140
Trd, 4318363.643, 140
Trd, 4318364.243, 140
Trd, 4318364.493, 140
Trd, 4318365.043, 138
Trd, 4318365.643, 139
Trd, 4318365.993, 139
Trd, 4318366.243, 140
Trd, 4318367.143, 139
Trd, 4318369.293, 136
Trd, 4318369.593, 132
Trd, 4318369.643, 119
Trd, 4318369.793, 97
Trd, 4318370.393, 109
Trd, 4318371.193, 95
Trd, 4318372.193, 85
Trd, 4318372.493, 134
Trd, 4318373.943, 138
Trd, 4318374.893, 61
Trd, 4318375.393, 63
Trd, 4318376.993, 129
Trd, 4318378.043, 100
Trd, 4318379.443, 95
Trd, 4318379.893, 94
Trd, 4318379.943, 78
Trd, 4318380.993, 139
Trd, 4318381.143, 138
Trd, 4318384.043, 140
Trd, 4318384.743, 140
Trd, 4318386.593, 140
Trd, 4318387.643, 140
Trd, 4318389.193, 140
Trd, 4318390.843, 140
Trd, 4318392.243, 140
Trd, 4318393.093, 140
Trd, 4318393.443, 140
Trd, 4318395.193, 140
Trd, 4318396.593, 140
Trd, 4318398.693, 140
Trd, 4318399.143, 140
Trd, 4318399.493, 140
Trd, 4318399.893, 140
Trd, 4318401.593, 140
Trd, 4318403.593, 140
Trd, 4318403.893, 140
Trd, 4318404.243, 140
Trd, 4318404.443, 140
Trd, 4318404.593, 111
Trd, 4318404.843, 94
Trd, 4318406.293, 140
Trd, 4318409.293, 140
Trd, 4318409.843, 140
Trd, 4318410.243, 137
Trd, 4318412.093, 140
Trd, 4318413.143, 140
Trd, 4318413.843, 140
Trd, 4318414.543, 140
Trd, 4318416.243, 140
Trd, 4318417.893, 140
Trd, 4318419.543, 140
Trd, 4318420.143, 140
Trd, 4318421.043, 138
Trd, 4318421.793, 140
Trd, 4318422.643, 135
Trd, 4318423.243, 112
Trd, 4318423.493, 110
Trd, 4318424.643, 128
Trd, 4318424.743, 115
Trd, 4318425.493, 139
Trd, 4318428.043, 108
Trd, 4318429.543, 103
Trd, 4318429.893, 91
Trd, 4318430.143, 103
Trd, 4318431.793, 138
Trd, 4318432.343, 137
Trd, 4318433.393, 119
Trd, 4318434.343, 139
Trd, 4318434.643, 140
Trd, 4318435.043, 140
Trd, 4318435.993, 137
Trd, 4318436.293, 136
Trd, 4318438.843, 139
Trd, 4318439.093, 138
Trd, 4318439.843, 134
Trd, 4318440.643, 140
Trd, 4318442.343, 140
Trd, 4318444.593, 140
Trd, 4318444.643, 140
Trd, 4318444.843, 140
Trd, 4318446.093, 138
Trd, 4318446.643, 136
Trd, 4318447.393, 125
Trd, 4318447.543, 134
Trd, 4318448.243, 140
Trd, 4318450.843, 140
Trd, 4318451.543, 140
Trd, 4318453.293, 140
Trd, 4318453.693, 140
Trd, 4318454.643, 140
Trd, 4318455.093, 139
Trd, 4318456.193, 140
Trd, 4318457.993, 140
Trd, 4318458.043, 139
Trd, 4318458.093, 138
Trd, 4318459.093, 137
Trd, 4318460.043, 140
Trd, 4318460.443, 123
Trd, 4318461.993, 102
Trd, 4318462.043, 104
Trd, 4318462.393, 137
Trd, 4318462.793, 140
Trd, 4318463.443, 101
Trd, 4318465.043, 86
Trd, 4318465.943, 89
Trd, 4318466.693, 103
Trd, 4318467.693, 106
Trd, 4318467.893, 109
Trd, 4318469.743, 117
Trd, 4318470.043, 100
Trd, 4318473.393, 137
Trd, 4318473.793, 140
Trd, 4318475.993, 140
Trd, 4318476.343, 140
Trd, 4318476.593, 132
Trd, 4318478.593, 140
Trd, 4318478.843, 139
Trd, 4318480.343, 140
Trd, 4318481.543, 140
Trd, 4318481.593, 139
Trd, 4318483.243, 140
Trd, 4318483.443, 139
Trd, 4318483.993, 140
Trd, 4318484.443, 139
Trd, 4318484.593, 107
Trd, 4318487.693, 140
Trd, 4318488.893, 140
Trd, 4318489.343, 140
Trd, 4318489.543, 140
Trd, 4318489.993, 140
Trd, 4318490.893, 140
Trd, 4318491.993, 140
Trd, 4318492.593, 75
Trd, 4318492.643, 84
Trd, 4318492.943, 89
Trd, 4318493.643, 103
Trd, 4318494.643, 137
Trd, 4318495.243, 129
Trd, 4318496.743, 140
Trd, 4318496.843, 139
Trd, 4318497.843, 139
Trd, 4318498.893, 138
Trd, 4318500.093, 139
Trd, 4318502.893, 135
Trd, 4318504.643, 140
Trd, 4318504.993, 139
Trd, 4318505.193, 130
Trd, 4318505.393, 109
Trd, 4318505.993, 129
Trd, 4318506.443, 107
Trd, 4318508.493, 120
Trd, 4318509.193, 128
Trd, 4318509.593, 120
Trd, 4318509.993, 136
Trd, 4318513.793, 140
Trd, 4318515.593, 140
Trd, 4318516.093, 140
Trd, 4318516.243, 140
Trd, 4318516.543, 139
Trd, 4318518.293, 140
Trd, 4318519.093, 139
Trd, 4318521.843, 140
Trd, 4318521.993, 140
Trd, 4318522.543, 140
Trd, 4318523.343, 140
Trd, 4318523.793, 140
Trd, 4318525.243, 140
Trd, 4318525.493, 140
Trd, 4318526.743, 122
Trd, 4318527.693, 140
Trd, 4318528.043, 100
Trd, 4318528.293, 98
Trd, 4318529.293, 140
Trd, 4318531.643, 129
Trd, 4318533.393, 136
Trd, 4318534.793, 130
Trd, 4318535.193, 130
Trd, 4318535.293, 129
Trd, 4318535.543, 113
Trd, 4318538.243, 140
Trd, 4318539.293, 140
Trd, 4318539.543, 140
Trd, 4318540.193, 140
Trd, 4318540.393, 139
Trd, 4318540.593, 139
Trd, 4318541.943, 139
Trd, 4318543.243, 139
Trd, 4318544.593, 140
Trd, 4318544.743, 133
Trd, 4318544.943, 137
Trd, 4318547.143, 122
Trd, 4318547.693, 123
Trd, 4318548.393, 122
Trd, 4318549.693, 140
Trd, 4318551.393, 140
Trd, 4318551.543, 140
Trd, 4318551.593, 138
Trd, 4318553.193, 136
Trd, 4318553.443, 131
Trd, 4318554.643, 126
Trd, 4318556.993, 140
Trd, 4318558.143, 140
Trd, 4318558.343, 140
Trd, 4318558.493, 140
Trd, 4318559.843, 139
Trd, 4318560.593, 129
Trd, 4318561.343, 139
Trd, 4318561.643, 135
Trd, 4318562.293, 140
Trd, 4318562.543, 140
Trd, 4318562.843, 140
Trd, 4318562.993, 140
Trd, 4318564.743, 140
Trd, 4318565.743, 140
Trd, 4318566.393, 136
Trd, 4318566.893, 139
Trd, 4318567.993, 137
Trd, 4318568.043, 117
Trd, 4318568.343, 137
Trd, 4318570.293, 140
Trd, 4318570.993, 140
Trd, 4318572.393, 140
Trd, 4318572.643, 140
Trd, 4318574.193, 140
Trd, 4318574.593, 140
Trd, 4318574.993, 138
Trd, 4318576.393, 129
Trd, 4318578.293, 140
Trd, 4318578.543, 140
Trd, 4318579.393, 140
Trd, 4318579.543, 140
Trd, 4318579.843, 133
Trd, 4318580.343, 135
Trd, 4318581.893, 140
Trd, 4318582.593, 125
Trd, 4318583.343, 120
Trd, 4318584.093, 139
Trd, 4318587.643, 140
Trd, 4318587.743, 140
Trd, 4318588.543, 140
Trd, 4318588.693, 134
Trd, 4318588.743, 114
Trd, 4318589.193, 134
Trd, 4318590.743, 138
Trd, 4318592.843, 140
Trd, 4318596.493, 140
Trd, 4318597.243, 140
Trd, 4318597.593, 140
Trd, 4318597.693, 140
Trd, 4318599.993, 140
Trd, 4318600.843, 140
Trd, 4318600.943, 129
Trd, 4318602.393, 140
Trd, 4318602.693, 140
Trd, 4318603.943, 140
Trd, 4318604.393, 140
Trd, 4318604.593, 140
Trd, 4318605.943, 140
Trd, 4318606.443, 137
Trd, 4318608.793, 139
Trd, 4318608.993, 139
Trd, 4318610.693, 140
Trd, 4318612.193, 140
Trd, 4318614.193, 140
Trd, 4318615.543, 140
Trd, 4318615.693, 140
Trd, 4318615.743, 140
Trd, 4318618.293, 140
Trd, 4318620.093, 140
Trd, 4318621.643, 137
Trd, 4318621.843, 139
Trd, 4318621.993, 129
Trd, 4318622.743, 137
Trd, 4318622.893, 110
Trd, 4318623.093, 109
Trd, 4318624.193, 135
Trd, 4318626.143, 138
Trd, 4318626.493, 79
Trd, 4318627.593, 124
Trd, 4318628.643, 140
Trd, 4318628.943, 140
Trd, 4318630.243, 140
Trd, 4318632.543, 140
Trd, 4318632.743, 139
Trd, 4318633.543, 140
Trd, 4318634.393, 140
Trd, 4318634.443, 139
Trd, 4318634.843, 140
Trd, 4318636.093, 133
Trd, 4318636.943, 129
Trd, 4318637.643, 137
Trd, 4318638.743, 137
Trd, 4318639.693, 138
Trd, 4318640.643, 137
Trd, 4318640.893, 139
Trd, 4318641.993, 140
Trd, 4318643.543, 140
Trd, 4318644.043, 140
Trd, 4318645.343, 140
Trd, 4318646.293, 140
Trd, 4318646.593, 140
Trd, 4318646.993, 140
Trd, 4318649.293, 140
Trd, 4318650.793, 140
Trd, 4318651.143, 140
Trd, 4318651.443, 140
Trd, 4318651.543, 136
Trd, 4318652.143, 139
Trd, 4318653.793, 140
Trd, 4318654.443, 140
Trd, 4318655.093, 137
Trd, 4318655.243, 136
Trd, 4318657.143, 134
Trd, 4318657.893, 109
Trd, 4318658.043, 134
Trd, 4318659.043, 137
Trd, 4318659.293, 138
Trd, 4318659.343, 108
Trd, 4318659.743, 93
Trd, 4318660.743, 111
Trd, 4318660.843, 79
Trd, 4318662.093, 138
Trd, 4318663.093, 140
Trd, 4318663.493, 134
Trd, 4318665.993, 140
Trd, 4318666.543, 140
Trd, 4318666.793, 140
Trd, 4318667.693, 139
Trd, 4318669.043, 139
Trd, 4318669.193, 132
Trd, 4318669.393, 131
Trd, 4318670.643, 135
Trd, 4318671.643, 139
Trd, 4318672.093, 127
Trd, 4318672.343, 125
Trd, 4318674.693, 139
Trd, 4318674.793, 139
Trd, 4318674.893, 131
Trd, 4318675.393, 109
Trd, 4318677.093, 139
Trd, 4318678.293, 140
Trd, 4318679.693, 140
Trd, 4318680.393, 140
Trd, 4318682.043, 140
Trd, 4318682.543, 140
Trd, 4318682.643, 140
Trd, 4318683.993, 140
Trd, 4318685.943, 140
Trd, 4318686.343, 140
Trd, 4318687.193, 140
Trd, 4318688.043, 140
Trd, 4318688.543, 128
Trd, 4318690.693, 140
Trd, 4318690.943, 140
Trd, 4318691.193, 140
Trd, 4318691.593, 137
Trd, 4318692.293, 115
Trd, 4318694.443, 140
Trd, 4318695.443, 140
Trd, 4318697.193, 139
Trd, 4318697.293, 139
Trd, 4318697.543, 139
Trd, 4318697.893, 109
Trd, 4318702.043, 140
Trd, 4318702.393, 140
Trd, 4318702.793, 125
Trd, 4318703.743, 137
Trd, 4318704.693, 120
Trd, 4318705.393, 138
Trd, 4318705.593, 136
Trd, 4318706.143, 137
Trd, 4318707.543, 138
Trd, 4318708.093, 140
Trd, 4318708.743, 140
Trd, 4318709.043, 137
Trd, 4318710.343, 132
Trd, 4318710.543, 129
Trd, 4318711.043, 140
Trd, 4318711.893, 92
Trd, 4318712.943, 138
Trd, 4318713.793, 138
Trd, 4318715.393, 136
Trd, 4318715.543, 135
Trd, 4318716.643, 140
Trd, 4318716.793, 136
Trd, 4318716.843, 134
Trd, 4318717.093, 137
Trd, 4318717.643, 128
Trd, 4318717.893, 126
Trd, 4318719.793, 139
Trd, 4318720.743, 138
Trd, 4318720.843, 120
Trd, 4318721.693, 140
Trd, 4318721.743, 139
Trd, 4318722.893, 140
Trd, 4318725.243, 140
Trd, 4318726.343, 140
Trd, 4318728.093, 140
Trd, 4318729.643, 140
Trd, 4318732.043, 140
Trd, 4318733.093, 140
Trd, 4318734.443, 140
Trd, 4318734.743, 140
Trd, 4318735.493, 140
Trd, 4318735.893, 140
Trd, 4318737.793, 140
Trd, 4318738.793, 140
Trd, 4318739.743, 140
Trd, 4318739.843, 140
Trd, 4318740.843, 139
Trd, 4318741.143, 138
Trd, 4318743.593, 140
Trd, 4318743.793, 140
Trd, 4318745.843, 140
Trd, 4318746.393, 140
Trd, 4318747.643, 140
Trd, 4318749.193, 140
Trd, 4318749.343, 140
Trd, 4318750.543, 140
Trd, 4318751.043, 140
Trd, 4318751.743, 140
Trd, 4318752.243, 140
Trd, 4318752.943, 129
Trd, 4318754.593, 124
Trd, 4318756.043, 136
Trd, 4318757.643, 140
Trd, 4318758.993, 140
Trd, 4318759.043, 140
Trd, 4318760.943, 140
Trd, 4318761.643, 139
Trd, 4318762.443, 140
Trd, 4318762.943, 139
Trd, 4318763.093, 137
Trd, 4318764.443, 140
Trd, 4318764.793, 140
Trd, 4318764.843, 137
Trd, 4318765.993, 140
Trd, 4318766.293, 132
Trd, 4318767.593, 84
Trd, 4318768.193, 100
Trd, 4318770.493, 138
Trd, 4318770.593, 137
Trd, 4318770.643, 140
Trd, 4318771.343, 136
Trd, 4318772.643, 140
Trd, 4318774.293, 140
Trd, 4318775.793, 140
Trd, 4318776.143, 140
Trd, 4318777.893, 140
Trd, 4318778.143, 136
Trd, 4318778.793, 138
Trd, 4318780.143, 103
Trd, 4318780.693, 140
Trd, 4318781.543, 140
Trd, 4318782.293, 140
Trd, 4318784.743, 140
Trd, 4318787.293, 140
Trd, 4318787.443, 140
Trd, 4318787.543, 140
Trd, 4318788.443, 139
Trd, 4318790.843, 140
Trd, 4318790.893, 140
Trd, 4318791.593, 140
Trd, 4318791.693, 140
Trd, 4318792.193, 117
Trd, 4318792.443, 140
Trd, 4318792.643, 137
Trd, 4318793.793, 137
Trd, 4318794.593, 138
Trd, 4318796.893, 140
Trd, 4318797.843, 140
Trd, 4318798.643, 114
Trd, 4318799.893, 140
Trd, 4318800.093, 139
Trd, 4318801.243, 138
Trd, 4318802.743, 130
Trd, 4318803.043, 139
Trd, 4318803.343, 112
Trd, 4318803.443, 131
Trd, 4318805.143, 140
Trd, 4318805.843, 100
Trd, 4318807.093, 104
Trd, 4318809.543, 140
Trd, 4318811.143, 140
Trd, 4318811.293, 139
Trd, 4318813.243, 140
Trd, 4318813.593, 140
Trd, 4318813.743, 140
Trd, 4318813.793, 138
Trd, 4318817.043, 140
Trd, 4318817.443, 138
Trd, 4318817.743, 136
Trd, 4318818.943, 140
Trd, 4318819.593, 140
Trd, 4318819.693, 139
Trd, 4318821.243, 140
Trd, 4318821.543, 140
Trd, 4318823.343, 139
Trd, 4318824.493, 129
Trd, 4318826.493, 140
Trd, 4318828.093, 140
Trd, 4318828.343, 139
Trd, 4318829.193, 140
Trd, 4318829.343, 139
Trd, 4318830.093, 135
Trd, 4318831.043, 140
Trd, 4318832.393, 136
Trd, 4318833.193, 139
Trd, 4318834.493, 139
Trd, 4318835.093, 140
Trd, 4318835.593, 140
Trd, 4318835.943, 140
Trd, 4318836.993, 138
Trd, 4318838.043, 139
Trd, 4318839.643, 140
Trd, 4318841.443, 140
Trd, 4318842.493, 140
Trd, 4318842.593, 139
Trd, 4318842.993, 135
Trd, 4318843.693, 91
Trd, 4318844.143, 137
Trd, 4318844.743, 139
Trd, 4318847.293, 140
Trd, 4318848.043, 140
Trd, 4318848.493, 140
Trd, 4318851.093, 140
Trd, 4318851.543, 140
Trd, 4318851.893, 140
Trd, 4318852.043, 140
Trd, 4318853.943, 140
Trd, 4318854.143, 140
Trd, 4318855.543, 140
Trd, 4318855.743, 137
Trd, 4318856.643, 140
Trd, 4318857.293, 140
Trd, 4318860.593, 140
Trd, 4318861.543, 140
Trd, 4318862.193, 140
Trd, 4318863.543, 140
Trd, 4318863.843, 140
Trd, 4318864.693, 140
Trd, 4318864.793, 139
Trd, 4318864.943, 136
Trd, 4318866.093, 140
Trd, 4318867.993, 140
Trd, 4318869.143, 140
Trd, 4318869.593, 140
Trd, 4318869.693, 140
Trd, 4318869.893, 138
Trd, 4318871.293, 140
Trd, 4318871.493, 140
Trd, 4318873.443, 140
Trd, 4318875.043, 140
Trd, 4318875.343, 140
Trd, 4318875.993, 140
Trd, 4318876.043, 140
Trd, 4318877.493, 140
Trd, 4318877.993, 140
Trd, 4318878.793, 140
Trd, 4318879.893, 132
Trd, 4318880.593, 134
Trd, 4318880.943, 135
Trd, 4318881.293, 137
Trd, 4318881.743, 140
Trd, 4318882.093, 140
Trd, 4318885.643, 127
Trd, 4318886.743, 140
Trd, 4318887.593, 140
Trd, 4318888.643, 140
Trd, 4318888.943, 140
Trd, 4318889.043, 140
Trd, 4318889.343, 139
Trd, 4318889.943, 89
Trd, 4318891.143, 140
Trd, 4318892.293, 140
Trd, 4318892.843, 140
Trd, 4318893.793, 140
Trd, 4318893.843, 140
Trd, 4318894.743, 140
Trd, 4318895.293, 135
Trd, 4318896.393, 136
Trd, 4318897.843, 140
Trd, 4318898.093, 132
Trd, 4318898.243, 131
Trd, 4318899.293, 139
Trd, 4318900.643, 115
Trd, 4318900.893, 113
Trd, 4318901.343, 78
Trd, 4318902.043, 91
Trd, 4318902.093, 92
Trd, 4318903.093, 81
Trd, 4318903.693, 96
Trd, 4318905.793, 139
Trd, 4318905.943, 140
Trd, 4318906.393, 126
Trd, 4318907.593, 140
Trd, 4318908.193, 140
Trd, 4318908.243, 140
Trd, 4318909.993, 140
Trd, 4318910.193, 139
Trd, 4318910.993, 140
Trd, 4318911.193, 140
Trd, 4318911.743, 140
Trd, 4318913.193, 132
Trd, 4318913.643, 137
Trd, 4318914.643, 120
Trd, 4318916.343, 140
Trd, 4318916.443, 140
Trd, 4318919.193, 140
Trd, 4318919.743, 140
Trd, 4318920.043, 136
Trd, 4318920.643, 126
Trd, 4318922.593, 140
Trd, 4318923.093, 140
Trd, 4318924.443, 140
Trd, 4318924.493, 140
Trd, 4318926.143, 139
Trd, 4318926.893, 140
Trd, 4318928.343, 140
Trd, 4318928.893, 140
Trd, 4318929.143, 140
Trd, 4318930.193, 139
Trd, 4318931.693, 138
Trd, 4318932.293, 136
Trd, 4318932.343, 127
Trd, 4318934.393, 140
Trd, 4318934.943, 140
Trd, 4318938.143, 140
Trd, 4318939.043, 140
Trd, 4318939.493, 140
Trd, 4318939.893, 140
Trd, 4318940.343, 140
Trd, 4318941.793, 140
Trd, 4318942.243, 140
Trd, 4318942.693, 140
Trd, 4318942.943, 140
Trd, 4318944.443, 140
Trd, 4318948.043, 140
Trd, 4318949.043, 140
Trd, 4318949.893, 140
Trd, 4318949.993, 140
Trd, 4318950.793, 140
Trd, 4318951.293, 135
Trd, 4318951.993, 133
Trd, 4318952.643, 140
Trd, 4318954.643, 140
Trd, 4318954.893, 140
Trd, 4318955.493, 140
Trd, 4318957.243, 140
Trd, 4318959.443, 140
Trd, 4318960.093, 140
Trd, 4318960.493, 140
Trd, 4318960.693, 140
Trd, 4318961.143, 135
Trd, 4318962.293, 140
Trd, 4318962.693, 139
Trd, 4318964.043, 140
Trd, 4318965.643, 140
Trd, 4318968.393, 140
Trd, 4318969.493, 140
Trd, 4318969.693, 140
Trd, 4318969.743, 140
Trd, 4318970.043, 140
Trd, 4318972.543, 140
Trd, 4318973.243, 137
Trd, 4318974.143, 136
Trd, 4318974.393, 137
Trd, 4318975.443, 136
Trd, 4318976.093, 135
Trd, 4318977.743, 132
Trd, 4318977.893, 131
Trd, 4318981.293, 140
Trd, 4318981.393, 140
Trd, 4318981.943, 139
Trd, 4318983.143, 138
Trd, 4318983.793, 137
Trd, 4318984.393, 137
Trd, 4318986.593, 140
Trd, 4318986.993, 134
Trd, 4318987.143, 127
Trd, 4318988.393, 137
Trd, 4318988.743, 115
Trd, 4318989.493, 116
Trd, 4318989.843, 95
Trd, 4318993.393, 140
Trd, 4318994.243, 140
Trd, 4318994.843, 140
Trd, 4318994.993, 140
Trd, 4318995.993, 140
Trd, 4318998.243, 140
Trd, 4318998.343, 140
Trd, 4318999.693, 140
Trd, 4319000.593, 140
Trd, 4319001.193, 140
Trd, 4319001.493, 138
Trd, 4319002.043, 110
Trd, 4319002.493, 140
Trd, 4319003.443, 113
Trd, 4319004.043, 129
Trd, 4319005.193, 91
Trd, 4319006.393, 61
Trd, 4319008.293, 140
Trd, 4319008.393, 140
Trd, 4319009.043, 140
Trd, 4319010.843, 140
Trd, 4319012.443, 140
Trd, 4319012.943, 140
Trd, 4319013.493, 140
Trd, 4319014.143, 137
Trd, 4319015.393, 139
Trd, 4319015.693, 138
Trd, 4319016.443, 140
Trd, 4319018.143, 140
Trd, 4319018.393, 140
Trd, 4319018.593, 139
Trd, 4319019.593, 121
Trd, 4319019.893, 122
Trd, 4319020.943, 140
Trd, 4319021.593, 140
Trd, 4319022.993, 140
Trd, 4319023.343, 140
Trd, 4319024.493, 140
Trd, 4319025.143, 140
Trd, 4319025.593, 126
Trd, 4319027.343, 140
Trd, 4319030.093, 140
Trd, 4319030.193, 140
Trd, 4319030.493, 140
Trd, 4319030.543, 136
Trd, 4319030.793, 139
Trd, 4319032.043, 129
Trd, 4319032.193, 119
Trd, 4319032.243, 133
Trd, 4319032.943, 105
Trd, 4319037.143, 140
Trd, 4319038.443, 140
Trd, 4319038.493, 140
Trd, 4319039.193, 140
Trd, 4319040.793, 140
Trd, 4319041.193, 140
Trd, 4319043.493, 140
Trd, 4319044.093, 139
Trd, 4319045.243, 139
Trd, 4319045.443, 139
Trd, 4319045.893, 139
Trd, 4319046.193, 137
Trd, 4319047.943, 133
Trd, 4319048.343, 136
Trd, 4319048.843, 132
Trd, 4319049.243, 113
Trd, 4319051.743, 140
Trd, 4319054.843, 140
Trd, 4319054.943, 140
Trd, 4319055.143, 140
Trd, 4319055.893, 140
Trd, 4319056.293, 140
Trd, 4319057.143, 138
Trd, 4319058.293, 140
Trd, 4319058.943, 140
Trd, 4319059.543, 140
Trd, 4319059.993, 140
Trd, 4319062.393, 140
Trd, 4319062.743, 140
Trd, 4319064.893, 137
Trd, 4319065.893, 120
Trd, 4319066.793, 140
Trd, 4319068.143, 126
Trd, 4319068.543, 124
Trd, 4319070.993, 140
Trd, 4319072.293, 140
Trd, 4319072.343, 140
Trd, 4319072.993, 140
Trd, 4319073.143, 140
Trd, 4319073.293, 140
Trd, 4319076.493, 140
Trd, 4319077.293, 140
Trd, 4319078.793, 140
Trd, 4319079.193, 140
Trd, 4319079.243, 139
Trd, 4319080.793, 138
Trd, 4319082.993, 140
Trd, 4319083.643, 140
Trd, 4319083.793, 140
Trd, 4319085.143, 139
Trd, 4319086.393, 140
Trd, 4319086.443, 139
Trd, 4319087.643, 140
Trd, 4319089.043, 140
Trd, 4319090.993, 140
Trd, 4319092.143, 140
Trd, 4319092.443, 140
Trd, 4319095.393, 140
Trd, 4319095.443, 140
Trd, 4319095.643, 140
Trd, 4319095.943, 139
Trd, 4319099.443, 134
Trd, 4319100.393, 140
Trd, 4319101.743, 140
Trd, 4319103.043, 140
Trd, 4319103.443, 140
Trd, 4319103.843, 140
Trd, 4319104.143, 140
Trd, 4319105.593, 133
Trd, 4319105.943, 140
Trd, 4319107.693, 136
Trd, 4319107.743, 135
Trd, 4319107.943, 131
Trd, 4319109.293, 139
Trd, 4319110.293, 140
Trd, 4319113.393, 140
Trd, 4319114.343, 140
Trd, 4319115.493, 140
Trd, 4319115.693, 140
Trd, 4319116.343, 140
Trd, 4319117.243, 131
Trd, 4319117.943, 125
Trd, 4319118.193, 139
Trd, 4319120.243, 140
Trd, 4319120.943, 140
Trd, 4319121.493, 140
Trd, 4319121.643, 140
Trd, 4319122.393, 139
Trd, 4319123.543, 139
Trd, 4319124.693, 139
Trd, 4319126.243, 138
Trd, 4319126.293, 130
Trd, 4319126.543, 89
Trd, 4319127.943, 140
Trd, 4319128.193, 140
Trd, 4319128.243, 139
Trd, 4319128.593, 113
Trd, 4319130.493, 140
Trd, 4319131.293, 140
Trd, 4319132.893, 140
Trd, 4319133.143, 140
Trd, 4319133.493, 136
Trd, 4319134.243, 135
Trd, 4319134.443, 65
Trd, 4319136.143, 137
Trd, 4319136.593, 100
Trd, 4319137.543, 138
Trd, 4319138.043, 140
Trd, 4319138.543, 139
Trd, 4319138.993, 138
Trd, 4319139.593, 97
Trd, 4319140.293, 138
Trd, 4319141.943, 140
Trd, 4319144.593, 140
Trd, 4319145.543, 140
Trd, 4319146.393, 140
Trd, 4319146.993, 140
Trd, 4319147.293, 140
Trd, 4319148.743, 140
Trd, 4319149.543, 136
Trd, 4319151.243, 89
Trd, 4319152.643, 140
Trd, 4319153.893, 140
Trd, 4319154.643, 140
Trd, 4319156.493, 140
Trd, 4319157.043, 140
Trd, 4319158.993, 140
Trd, 4319159.393, 140
Trd, 4319161.943, 140
Trd, 4319163.043, 140
Trd, 4319163.143, 140
Trd, 4319163.393, 140
Trd, 4319164.843, 140
Trd, 4319165.193, 140
Trd, 4319165.243, 140
Trd, 4319165.993, 138
Trd, 4319166.593, 132
Trd, 4319168.843, 136
Trd, 4319170.443, 140
Trd, 4319170.543, 134
Trd, 4319173.343, 140
Trd, 4319174.593, 140
Trd, 4319175.993, 139
Trd, 4319176.343, 134
Trd, 4319177.243, 133
Trd, 4319177.643, 127
Trd, 4319179.693, 140
Trd, 4319179.893, 140
Trd, 4319180.943, 139
Trd, 4319181.043, 136
Trd, 4319183.043, 140
Trd, 4319183.593, 130
Trd, 4319184.243, 140
Trd, 4319185.543, 129
Trd, 4319186.493, 132
Trd, 4319186.843, 123
Trd, 4319187.143, 122
Trd, 4319188.093, 139
Trd, 4319190.043, 140
Trd, 4319190.693, 137
Trd, 4319191.493, 140
Trd, 4319191.593, 140
Trd, 4319193.393, 127
Trd, 4319195.843, 140
Trd, 4319196.093, 140
Trd, 4319196.693, 140
Trd, 4319197.643, 140
Trd, 4319197.993, 139
Trd, 4319198.443, 139
Trd, 4319199.943, 140
Trd, 4319199.993, 137
Trd, 4319201.693, 140
Trd, 4319202.943, 140
Trd, 4319203.193, 140
Trd, 4319203.243, 127
Trd, 4319203.793, 112
Trd, 4319205.993, 140
Trd, 4319206.443, 139
Trd, 4319207.043, 138
Trd, 4319210.393, 140
Trd, 4319210.493, 140
Trd, 4319210.943, 140
Trd, 4319212.043, 140
Trd, 4319212.743, 140
Trd, 4319212.993, 139
Trd, 4319215.993, 140
Trd, 4319216.793, 140
Trd, 4319217.843, 140
Trd, 4319219.393, 140
Trd, 4319220.243, 140
Trd, 4319220.293, 140
Trd, 4319222.343, 138
Trd, 4319224.043, 140
Trd, 4319225.693, 140
Trd, 4319225.743, 140
Trd, 4319227.693, 140
Trd, 4319227.943, 137
Trd, 4319230.643, 140
Trd, 4319231.943, 140
Trd, 4319234.593, 140
Trd, 4319234.743, 140
Trd, 4319235.543, 138
Trd, 4319235.743, 139
Trd, 4319235.943, 137
Trd, 4319236.593, 88
Trd, 4319237.393, 135
Trd, 4319237.543, 135
Trd, 4319237.643, 113
Trd, 4319238.193, 95
Trd, 4319240.093, 101
Trd, 4319240.293, 133
Trd, 4319241.593, 140
Trd, 4319243.393, 140
Trd, 4319244.693, 115
Trd, 4319244.893, 103
Trd, 4319246.293, 102
Trd, 4319246.693, 119
Trd, 4319247.543, 120
Trd, 4319249.643, 140
Trd, 4319250.593, 140
Trd, 4319250.793, 138
Trd, 4319251.043, 138
Trd, 4319252.893, 140
Trd, 4319253.093, 139
Trd, 4319253.443, 139
Trd, 4319254.643, 140
Trd, 4319255.843, 139
Trd, 4319255.943, 131
Trd, 4319256.943, 132
Trd, 4319256.993, 96
Trd, 4319257.443, 116
Trd, 4319258.343, 139
Trd, 4319258.493, 138
Trd, 4319259.493, 126
Trd, 4319263.343, 140
Trd, 4319263.943, 140
Trd, 4319264.693, 140
Trd, 4319265.843, 140
Trd, 4319266.143, 140
Trd, 4319266.843, 140
Trd, 4319268.643, 140
Trd, 4319270.543, 140
Trd, 4319271.793, 140
Trd, 4319273.043, 140
Trd, 4319273.993, 140
Trd, 4319275.043, 140
Trd, 4319275.693, 140
Trd, 4319275.943, 139
Trd, 4319278.143, 140
Trd, 4319279.443, 140
Trd, 4319280.493, 140
Trd, 4319280.793, 140
Trd, 4319281.143, 140
Trd, 4319281.343, 140
Trd, 4319283.593, 140
Trd, 4319284.093, 140
Trd, 4319286.043, 139
Trd, 4319286.093, 140
Trd, 4319286.343, 140
Trd, 4319288.843, 140
Trd, 4319288.943, 140
Trd, 4319290.143, 140
Trd, 4319290.343, 140
Trd, 4319292.843, 140
Trd, 4319292.893, 137
Trd, 4319293.993, 140
Trd, 4319297.293, 140
Trd, 4319298.943, 140
Trd, 4319299.543, 140
Trd, 4319300.543, 140
Trd, 4319300.593, 140
Trd, 4319301.093, 140
Trd, 4319303.143, 140
Trd, 4319304.293, 140
Trd, 4319304.543, 140
Trd, 4319305.543, 140
Trd, 4319308.143, 140
Trd, 4319308.543, 140
Trd, 4319309.943, 136
Trd, 4319310.443, 137
Trd, 4319310.543, 134
Trd, 4319312.193, 138
Trd, 4319312.793, 135
Trd, 4319313.043, 117
Trd, 4319313.593, 86
Trd, 4319314.843, 91
Trd, 4319317.143, 140
Trd, 4319317.243, 140
Trd, 4319317.743, 139
Trd, 4319318.043, 129
Trd, 4319320.043, 140
Trd, 4319322.243, 140
Trd, 4319322.493, 140
Trd, 4319323.843, 140
Trd, 4319326.143, 139
Trd, 4319326.443, 140
Trd, 4319327.193, 139
Trd, 4319327.593, 140
Trd, 4319327.693, 138
Trd, 4319328.043, 129
Trd, 4319329.143, 100
Trd, 4319332.393, 106
Trd, 4319332.543, 125
Trd, 4319333.093, 140
Trd, 4319333.293, 139
Trd, 4319334.243, 140
Trd, 4319335.793, 140
Trd, 4319335.893, 140
Trd, 4319337.493, 140
Trd, 4319339.193, 140
Trd, 4319339.243, 138
Trd, 4319339.593, 140
Trd, 4319339.993, 139
Trd, 4319340.643, 140
Trd, 4319344.593, 140
Trd, 4319344.893, 140
Trd, 4319345.993, 140
Trd, 4319347.043, 140
Trd, 4319347.643, 140
Trd, 4319348.543, 140
Trd, 4319349.343, 140
Trd, 4319350.693, 136
Trd, 4319351.543, 134
Trd, 4319351.643, 132
Trd, 4319352.643, 138
Trd, 4319353.393, 133
Trd, 4319353.443, 139
Trd, 4319355.843, 140
Trd, 4319356.343, 140
Trd, 4319356.843, 112
Trd, 4319356.993, 108
Trd, 4319359.443, 140
Trd, 4319361.393, 140
Trd, 4319363.643, 140
Trd, 4319365.443, 140
Trd, 4319365.493, 140
Trd, 4319366.743, 140
Trd, 4319366.943, 140
Trd, 4319366.993, 140
Trd, 4319368.493, 140
Trd, 4319368.693, 140
Trd, 4319368.793, 111
Trd, 4319368.893, 105
Trd, 4319369.843, 140
Trd, 4319370.743, 124
Trd, 4319371.393, 139
Trd, 4319371.993, 125
Trd, 4319376.993, 140
Trd, 4319377.593, 140
Trd, 4319378.193, 140
Trd, 4319379.643, 140
Trd, 4319379.743, 140
Trd, 4319381.543, 140
Trd, 4319382.493, 140
Trd, 4319383.643, 140
Trd, 4319383.843, 140
Trd, 4319385.993, 140
Trd, 4319386.093, 140
Trd, 4319386.493, 136
Trd, 4319388.843, 140
Trd, 4319389.193, 140
Trd, 4319389.243, 140
Trd, 4319390.643, 140
Trd, 4319392.393, 140
Trd, 4319392.593, 140
Trd, 4319393.543, 140
Trd, 4319394.143, 140
Trd, 4319395.143, 131
Trd, 4319396.843, 98
Trd, 4319397.493, 139
Trd, 4319398.143, 138
Trd, 4319399.643, 140
Trd, 4319400.493, 135
Trd, 4319400.693, 128
Trd, 4319401.393, 140
Trd, 4319401.843, 130
Trd, 4319404.143, 140
Trd, 4319404.293, 140
Trd, 4319406.443, 140
Trd, 4319407.293, 140
Trd, 4319407.943, 140
Trd, 4319409.243, 132
Trd, 4319409.843, 139
Trd, 4319411.893, 110
Trd, 4319412.343, 108
Trd, 4319412.543, 114
Trd, 4319413.793, 138
Trd, 4319414.093, 139
Trd, 4319414.543, 136
Trd, 4319414.993, 134
Trd, 4319415.993, 140
Trd, 4319416.293, 140
Trd, 4319417.493, 140
Trd, 4319419.393, 140
Trd, 4319422.893, 140
Trd, 4319422.993, 140
Trd, 4319423.393, 140
Trd, 4319423.643, 140
Trd, 4319423.743, 139
Trd, 4319424.443, 136
Trd, 4319425.243, 131
Trd, 4319426.043, 132
Trd, 4319426.393, 116
Trd, 4319427.343, 136
Trd, 4319427.493, 87
Trd, 4319429.393, 140
Trd, 4319430.293, 140
Trd, 4319431.493, 140
Trd, 4319431.793, 140
Trd, 4319433.543, 137
Trd, 4319433.993, 138
Trd, 4319437.393, 140
Trd, 4319437.593, 140
Trd, 4319439.593, 140
Trd, 4319440.293, 140
Trd, 4319440.643, 140
Trd, 4319441.043, 140
Trd, 4319447.043, 140
Trd, 4319448.193, 140
Trd, 4319448.293, 140
Trd, 4319448.343, 140
Trd, 4319448.543, 140
Trd, 4319448.793, 135
Trd, 4319450.093, 130
Trd, 4319450.643, 136
Trd, 4319451.643, 71
Trd, 4319452.893, 114
Trd, 4319454.143, 140
Trd, 4319454.393, 130
Trd, 4319456.843, 140
Trd, 4319457.443, 140
Trd, 4319457.593, 139
Trd, 4319458.043, 140
Trd, 4319458.343, 102
Trd, 4319460.093, 140
Trd, 4319461.193, 140
Trd, 4319461.493, 138
Trd, 4319461.743, 137
Trd, 4319463.093, 139
Trd, 4319463.693, 122
Trd, 4319464.143, 101
Trd, 4319464.943, 105
Trd, 4319465.943, 105
Trd, 4319466.843, 140
Trd, 4319467.993, 140
Trd, 4319468.893, 140
Trd, 4319470.093, 140
Trd, 4319470.943, 140
Trd, 4319471.593, 140
Trd, 4319471.743, 115
Trd, 4319474.143, 139
Trd, 4319474.343, 138
Trd, 4319474.593, 137
Trd, 4319474.643, 133
Trd, 4319475.643, 139
Trd, 4319476.243, 140
Trd, 4319477.493, 133
Trd, 4319478.343, 139
Trd, 4319479.943, 139
Trd, 4319481.243, 140
Trd, 4319481.993, 140
Trd, 4319482.543, 126
Trd, 4319482.643, 131
Trd, 4319483.193, 139
Trd, 4319484.993, 125
Trd, 4319485.643, 118
Trd, 4319486.443, 139
Trd, 4319487.093, 140
Trd, 4319487.643, 113
Trd, 4319487.693, 110
Trd, 4319489.143, 139
Trd, 4319490.693, 140
Trd, 4319491.043, 128
Trd, 4319492.043, 128
Trd, 4319492.343, 88
Trd, 4319493.443, 115
Trd, 4319493.593, 105
Trd, 4319494.143, 125
Trd, 4319495.393, 139
Trd, 4319496.193, 140
Trd, 4319496.293, 140
Trd, 4319496.593, 96
Trd, 4319498.443, 140
Trd, 4319498.843, 139
Trd, 4319501.893, 140
Trd, 4319503.643, 139
Trd, 4319504.943, 140
Trd, 4319506.143, 140
Trd, 4319506.693, 140
Trd, 4319506.843, 139
Trd, 4319508.843, 140
Trd, 4319509.743, 140
Trd, 4319510.593, 140
Trd, 4319511.643, 140
Trd, 4319512.293, 140
Trd, 4319513.093, 140
Trd, 4319513.493, 140
Trd, 4319514.493, 138
Trd, 4319514.543, 137
Trd, 4319516.743, 125
Trd, 4319519.343, 140
Trd, 4319520.543, 140
Trd, 4319520.593, 140
Trd, 4319520.843, 133
Trd, 4319521.443, 136
Trd, 4319522.043, 96
Trd, 4319522.443, 125
Trd, 4319523.143, 132
Trd, 4319524.193, 107
Trd, 4319526.943, 140
Trd, 4319527.493, 140
Trd, 4319527.743, 140
Trd, 4319528.593, 140
Trd, 4319529.443, 140
Trd, 4319529.493, 131
Trd, 4319530.093, 140
Trd, 4319530.793, 139
Trd, 4319532.693, 140
Trd, 4319533.443, 131
Trd, 4319534.693, 137
Trd, 4319535.793, 139
Trd, 4319536.493, 137
Trd, 4319537.293, 136
Trd, 4319538.343, 140
Trd, 4319538.893, 134
Trd, 4319539.393, 140
Trd, 4319540.543, 140
Trd, 4319541.593, 140
Trd, 4319541.693, 140
Trd, 4319545.243, 140
Trd, 4319545.843, 140
Trd, 4319546.793, 140
Trd, 4319548.343, 140
Trd, 4319549.493, 140
Trd, 4319549.643, 140
Trd, 4319549.743, 138
Trd, 4319550.393, 139
Trd, 4319551.143, 139
Trd, 4319552.343, 93
Trd, 4319552.943, 135
Trd, 4319553.793, 90
Trd, 4319554.793, 69
Trd, 4319555.043, 136
Trd, 4319557.443, 122
Trd, 4319559.143, 139
Trd, 4319560.093, 134
Trd, 4319560.243, 132
Trd, 4319560.493, 140
Trd, 4319561.393, 140
Trd, 4319562.293, 140
Trd, 4319562.643, 140
Trd, 4319563.843, 140
Trd, 4319564.243, 140
Trd, 4319564.693, 92
Trd, 4319565.993, 140
Trd, 4319566.243, 139
Trd, 4319566.393, 136
Trd, 4319566.943, 111
Trd, 4319568.393, 68
Trd, 4319568.843, 136
Trd, 4319569.193, 67
Trd, 4319570.393, 107
Trd, 4319571.343, 108
Trd, 4319573.093, 129
Trd, 4319575.243, 137
Trd, 4319575.993, 136
Trd, 4319576.443, 137
Trd, 4319579.693, 140
Trd, 4319579.743, 140
Trd, 4319580.643, 140
Trd, 4319581.693, 140
Trd, 4319584.993, 140
Trd, 4319585.843, 140
Trd, 4319585.943, 140
Trd, 4319585.993, 114
Trd, 4319586.093, 135
Trd, 4319587.743, 140
Trd, 4319588.193, 140
Trd, 4319588.893, 140
Trd, 4319591.093, 140
Trd, 4319593.293, 140
Trd, 4319594.343, 140
Trd, 4319594.843, 140
Trd, 4319596.893, 140
Trd, 4319597.143, 140
Trd, 4319597.593, 140
Trd, 4319598.043, 128
Trd, 4319599.093, 139
Trd, 4319600.193, 140
Trd, 4319600.493, 139
Trd, 4319601.193, 140
Trd, 4319601.393, 76
Trd, 4319603.043, 104
Trd, 4319604.443, 140
Trd, 4319606.593, 140
Trd, 4319606.943, 140
Trd, 4319607.793, 140
Trd, 4319608.693, 140
Trd, 4319610.893, 137
Trd, 4319612.843, 140
Trd, 4319613.293, 140
Trd, 4319615.343, 140
Trd, 4319615.543, 140
Trd, 4319615.843, 140
Trd, 4319616.093, 140
Trd, 4319617.443, 140
Trd, 4319621.393, 140
Trd, 4319621.943, 140
Trd, 4319622.393, 140
Trd, 4319622.543, 140
Trd, 4319622.643, 140
Trd, 4319622.693, 140
Trd, 4319623.743, 138
Trd, 4319624.843, 140
Trd, 4319626.493, 124
Trd, 4319626.743, 125
Trd, 4319627.393, 107
Trd, 4319627.693, 105
Trd, 4319628.493, 140
Trd, 4319628.993, 98
Trd, 4319630.293, 128
Trd, 4319630.593, 137
Trd, 4319631.193, 105
Trd, 4319633.143, 140
Trd, 4319633.443, 134
Trd, 4319633.643, 140
Trd, 4319636.943, 95
Trd, 4319637.843, 139
Trd, 4319639.193, 139
Trd, 4319640.243, 140
Trd, 4319641.393, 140
Trd, 4319641.543, 137
Trd, 4319642.243, 126
Trd, 4319642.693, 139
Trd, 4319645.243, 140
Trd, 4319645.993, 140
Trd, 4319646.093, 138
Trd, 4319646.343, 134
Trd, 4319649.993, 140
Trd, 4319650.593, 140
Trd, 4319651.643, 140
Trd, 4319652.193, 140
Trd, 4319653.943, 140
Trd, 4319654.493, 140
Trd, 4319654.843, 140
Trd, 4319655.843, 140
Trd, 4319655.943, 140
Trd, 4319656.143, 138
Trd, 4319656.893, 108
Trd, 4319657.143, 140
Trd, 4319659.093, 137
Trd, 4319660.493, 140
Trd, 4319661.343, 140
Trd, 4319662.543, 140
Trd, 4319664.743, 140
Trd, 4319666.893, 140
Trd, 4319668.643, 140
Trd, 4319668.943, 140
Trd, 4319669.993, 140
Trd, 4319670.393, 137
Trd, 4319670.893, 117
Trd, 4319671.093, 107
Trd, 4319671.943, 91
Trd, 4319673.893, 140
Trd, 4319674.243, 140
Trd, 4319675.693, 140
Trd, 4319676.643, 137
Trd, 4319677.143, 140
Trd, 4319677.193, 140
Trd, 4319677.593, 140
Trd, 4319678.093, 124
Trd, 4319678.943, 112
Trd, 4319682.043, 140
Trd, 4319682.743, 140
Trd, 4319683.793, 140
Trd, 4319684.193, 140
Trd, 4319685.043, 140
Trd, 4319685.493, 139
Trd, 4319686.093, 138
Trd, 4319688.093, 119
Trd, 4319689.143, 135
Trd, 4319690.693, 140
Trd, 4319692.493, 140
Trd, 4319693.643, 140
Trd, 4319693.793, 140
Trd, 4319693.893, 140
Trd, 4319694.443, 139
Trd, 4319696.793, 134
Trd, 4319696.843, 129
Trd, 4319696.943, 110
Trd, 4319697.743, 129
Trd, 4319698.993, 134
Trd, 4319699.843, 114
Trd, 4319700.343, 107
Trd, 4319701.043, 101
Trd, 4319702.343, 120
Trd, 4319702.743, 127
Trd, 4319702.943, 132
Trd, 4319703.593, 119
Trd, 4319706.243, 140
Trd, 4319707.543, 140
Trd, 4319708.293, 140
Trd, 4319708.593, 139
Trd, 4319710.293, 140
Trd, 4319710.993, 106
Trd, 4319713.143, 140
Trd, 4319713.243, 132
Trd, 4319713.593, 124
Trd, 4319714.693, 128
Trd, 4319714.743, 138
Trd, 4319716.093, 140
Trd, 4319716.243, 140
Trd, 4319716.543, 139
Trd, 4319716.693, 111
Trd, 4319717.943, 140
Trd, 4319719.043, 140
Trd, 4319719.143, 140
Trd, 4319723.793, 139
Trd, 4319724.443, 140
Trd, 4319725.443, 137
Trd, 4319726.293, 140
Trd, 4319726.843, 137
Trd, 4319727.043, 136
Trd, 4319727.493, 136
Trd, 4319727.593, 134
Trd, 4319729.143, 140
Trd, 4319732.043, 140
Trd, 4319734.243, 140
Trd, 4319734.343, 140
Trd, 4319734.743, 139
Trd, 4319735.143, 135
Trd, 4319736.843, 140
Trd, 4319736.993, 140
Trd, 4319737.493, 139
Trd, 4319740.393, 140
Trd, 4319741.093, 140
Trd, 4319741.693, 140
Trd, 4319741.993, 140
Trd, 4319742.243, 140
Trd, 4319744.043, 140
Trd, 4319745.693, 140
Trd, 4319746.293, 140
Trd, 4319746.593, 140
Trd, 4319749.093, 140
Trd, 4319749.343, 140
Trd, 4319750.843, 140
Trd, 4319752.693, 140
Trd, 4319752.743, 140
Trd, 4319752.843, 140
Trd, 4319754.643, 140
Trd, 4319756.143, 140
Trd, 4319756.593, 140
Trd, 4319756.843, 140
Trd, 4319758.343, 140
Trd, 4319761.793, 140
Trd, 4319761.893, 140
Trd, 4319762.193, 135
Trd, 4319764.793, 140
Trd, 4319765.243, 140
Trd, 4319766.443, 140
Trd, 4319767.943, 140
Trd, 4319768.193, 140
Trd, 4319769.043, 139
Trd, 4319770.343, 135
Trd, 4319770.843, 110
Trd, 4319771.643, 136
Trd, 4319772.393, 135
Trd, 4319772.693, 114
Trd, 4319773.693, 95
Trd, 4319773.793, 93
Trd, 4319776.293, 140
Trd, 4319777.393, 139
Trd, 4319778.243, 139
Trd, 4319778.743, 138
Trd, 4319779.793, 128
Trd, 4319780.443, 140
Trd, 4319781.893, 139
Trd, 4319782.393, 130
Trd, 4319783.043, 119
Trd, 4319784.043, 118
Trd, 4319784.793, 131
Trd, 4319785.043, 130
Trd, 4319785.343, 118
Trd, 4319786.993, 89
Trd, 4319787.793, 89
Trd, 4319787.843, 87
Trd, 4319788.943, 138
Trd, 4319790.993, 137
Trd, 4319791.393, 136
Trd, 4319791.543, 124
Trd, 4319792.693, 123
Trd, 4319793.343, 128
Trd, 4319793.943, 111
Trd, 4319794.243, 103
Trd, 4319796.343, 134
Trd, 4319796.843, 127
Trd, 4319799.193, 140
Trd, 4319799.393, 140
Trd, 4319799.643, 140
Trd, 4319800.893, 140
Trd, 4319801.543, 140
Trd, 4319804.843, 140
Trd, 4319805.193, 140
Trd, 4319805.293, 130
Trd, 4319805.493, 95
Trd, 4319805.693, 96
Trd, 4319805.743, 73
Trd, 4319807.293, 62
Trd, 4319807.343, 126
Trd, 4319807.843, 130
Trd, 4319809.593, 63
Trd, 4319810.743, 96
Trd, 4319810.793, 77
Trd, 4319811.343, 126
Trd, 4319812.093, 82
Trd, 4319813.693, 135
Trd, 4319814.793, 113
Trd, 4319814.893, 112
Trd, 4319818.443, 140
Trd, 4319820.693, 140
Trd, 4319820.993, 140
Trd, 4319822.543, 140
Trd, 4319823.643, 140
Trd, 4319824.193, 140
Trd, 4319824.293, 140
Trd, 4319825.043, 138
Trd, 4319825.143, 137
Trd, 4319825.843, 137
Trd, 4319825.993, 101
Trd, 4319826.893, 106
Trd, 4319827.443, 119
Trd, 4319828.043, 135
Trd, 4319831.193, 140
Trd, 4319831.443, 140
Trd, 4319832.043, 139
Trd, 4319833.993, 140
Trd, 4319835.143, 140
Trd, 4319835.293, 140
Trd, 4319838.093, 140
Trd, 4319838.393, 140
Trd, 4319838.443, 136
Trd, 4319840.643, 140
Trd, 4319841.443, 140
Trd, 4319844.043, 140
Trd, 4319844.393, 137
Trd, 4319845.993, 140
Trd, 4319847.493, 140
Trd, 4319850.393, 140
Trd, 4319851.043, 140
Trd, 4319852.043, 140
Trd, 4319852.743, 140
Trd, 4319857.243, 140
Trd, 4319857.493, 140
Trd, 4319857.543, 140
Trd, 4319858.093, 139
Trd, 4319859.093, 139
Trd, 4319860.393, 140
Trd, 4319860.593, 139
Trd, 4319861.393, 140
Trd, 4319862.243, 137
Trd, 4319862.643, 128
Trd, 4319865.193, 140
Trd, 4319865.443, 133
Trd, 4319865.493, 120
Trd, 4319865.743, 135
Trd, 4319867.543, 140
Trd, 4319868.793, 140
Trd, 4319871.743, 140
Trd, 4319872.043, 140
Trd, 4319872.343, 140
Trd, 4319873.593, 140
Trd, 4319873.743, 138
Trd, 4319874.043, 137
Trd, 4319874.443, 112
Trd, 4319876.643, 140
Trd, 4319877.793, 140
Trd, 4319882.493, 140
Trd, 4319882.693, 140
Trd, 4319882.843, 140
Trd, 4319883.193, 139
Trd, 4319883.493, 95
Trd, 4319883.593, 72
Trd, 4319886.243, 140
Trd, 4319886.693, 140
Trd, 4319887.393, 140
Trd, 4319888.043, 139
Trd, 4319889.643, 140
Trd, 4319890.143, 140
Trd, 4319890.393, 136
Trd, 4319891.293, 140
Trd, 4319892.643, 139
Trd, 4319893.443, 140
Trd, 4319894.243, 138
Trd, 4319894.643, 139
Trd, 4319897.393, 140
Trd, 4319898.943, 140
Trd, 4319900.243, 140
Trd, 4319900.443, 140
Trd, 4319902.393, 127
Trd, 4319903.043, 131
Trd, 4319903.593, 140
Trd, 4319907.443, 140
Trd, 4319908.043, 140
Trd, 4319908.743, 140
Trd, 4319909.143, 138
Trd, 4319909.393, 106
Trd, 4319910.993, 139
Trd, 4319912.393, 140
Trd, 4319914.143, 140
Trd, 4319914.243, 140
Trd, 4319914.793, 140
Trd, 4319914.893, 125
Trd, 4319915.043, 124
Trd, 4319916.843, 134
Trd, 4319917.293, 140
Trd, 4319919.243, 140
Trd, 4319920.943, 140
Trd, 4319921.943, 140
Trd, 4319922.093, 140
Trd, 4319922.543, 139
Trd, 4319923.843, 140
Trd, 4319923.943, 140
Trd, 4319925.243, 140
Trd, 4319925.543, 140
Trd, 4319926.593, 140
Trd, 4319927.243, 140
Trd, 4319929.543, 140
Trd, 4319929.793, 140
Trd, 4319930.593, 140
Trd, 4319930.893, 140
Trd, 4319932.143, 139
Trd, 4319932.493, 139
Trd, 4319933.543, 140
Trd, 4319937.493, 140
Trd, 4319937.643, 140
Trd, 4319938.243, 140
Trd, 4319938.643, 140
Trd, 4319938.993, 138
Trd, 4319939.043, 137
Trd, 4319941.843, 140
Trd, 4319943.093, 140
Trd, 4319943.493, 140
Trd, 4319944.043, 139
Trd, 4319944.443, 139
Trd, 4319945.043, 140
Trd, 4319946.543, 140
Trd, 4319947.043, 140
Trd, 4319947.343, 140
Trd, 4319947.493, 140
Trd, 4319947.593, 138
Trd, 4319948.593, 116
Trd, 4319950.093, 140
Trd, 4319952.393, 140
Trd, 4319952.443, 140
Trd, 4319952.993, 125
Trd, 4319953.893, 132
Trd, 4319954.093, 133
Trd, 4319954.293, 132
Trd, 4319956.443, 129
Trd, 4319956.543, 128
Trd, 4319957.093, 140
Trd, 4319957.243, 77
Trd, 4319958.643, 134
Trd, 4319960.293, 133
Trd, 4319961.993, 128
Trd, 4319962.343, 129
Trd, 4319963.193, 138
Trd, 4319964.193, 138
Trd, 4319965.193, 140
Trd, 4319966.593, 140
Trd, 4319967.393, 140
Trd, 4319969.643, 140
Trd, 4319971.243, 140
Trd, 4319971.693, 140
Trd, 4319972.093, 140
Trd, 4319973.193, 140
Trd, 4319975.343, 140
Trd, 4319976.193, 140
Trd, 4319976.843, 140
Trd, 4319979.443, 140
Trd, 4319979.593, 140
Trd, 4319979.943, 139
Trd, 4319980.043, 139
Trd, 4319980.293, 133
Trd, 4319982.993, 140
Trd, 4319984.093, 140
Trd, 4319986.543, 140
Trd, 4319986.593, 140
Trd, 4319987.793, 140
Trd, 4319990.593, 140
Trd, 4319991.993, 140
Trd, 4319992.593, 140
Trd, 4319992.643, 138
Trd, 4319994.193, 140
Trd, 4319994.593, 140
Trd, 4319994.743, 140
Trd, 4319995.993, 140
Trd, 4319998.443, 140
Trd, 4319999.443, 140
Trd, 4319999.793, 140
Trd, 4319999.943, 139
