Trd, 4318147.543, 140
Trd, 4318149.043, 103
Trd, 4318149.243, 100
Trd, 4318149.793, 104
Trd, 4318150.393, 114
Trd, 4318150.793, 115
Trd, 4318151.443, 63
Trd, 4318151.843, 75
Trd, 4318154.293, 132
Trd, 4318154.443, 105
Trd, 4318154.543, 101
Trd, 4318154.593, 99
Trd, 4318155.593, 118
Trd, 4318155.893, 97
Trd, 4318157.393, 60
Trd, 4318157.443, 62
Trd, 4318158.293, 79
Trd, 4318158.893, 61
Trd, 4318159.143, 62
Trd, 4318160.193, 106
Trd, 4318160.293, 117
Trd, 4318161.243, 99
Trd, 4318161.293, 96
Trd, 4318163.593, 136
Trd, 4318164.143, 132
Trd, 4318164.743, 87
Trd, 4318165.693, 82
Trd, 4318165.793, 71
Trd, 4318166.443, 131
Trd, 4318167.443, 114
Trd, 4318167.593, 111
Trd, 4318168.793, 90
Trd, 4318169.243, 100
Trd, 4318170.243, 88
Trd, 4318171.093, 110
Trd, 4318172.193, 117
Trd, 4318172.543, 60
Trd, 4318173.343, 72
Trd, 4318174.393, 115
Trd, 4318174.793, 126
Trd, 4318174.993, 108
Trd, 4318175.793, 132
Trd, 4318176.293, 111
Trd, 4318177.093, 84
Trd, 4318177.893, 121
Trd, 4318178.043, 106
Trd, 4318179.393, 72
Trd, 4318179.993, 70
Trd, 4318180.293, 63
Trd, 4318180.943, 96
Trd, 4318181.243, 67
Trd, 4318181.593, 65
Trd, 4318184.543, 61
Trd, 4318184.593, 62
Trd, 4318184.793, 69
Trd, 4318185.393, 66
Trd, 4318185.943, 69
Trd, 4318185.993, 66
Trd, 4318186.743, 67
Trd, 4318187.493, 110
Trd, 4318187.893, 108
Trd, 4318188.843, 92
Trd, 4318189.843, 135
Trd, 4318190.143, 119
Trd, 4318190.643, 71
Trd, 4318193.193, 132
Trd, 4318193.293, 92
Trd, 4318194.243, 122
Trd, 4318194.543, 61
Trd, 4318195.693, 95
Trd, 4318196.243, 119
Trd, 4318197.043, 109
Trd, 4318197.543, 96
Trd, 4318197.793, 74
Trd, 4318199.993, 128
Trd, 4318200.193, 123
Trd, 4318200.243, 112
Trd, 4318201.243, 130
Trd, 4318201.693, 94
Trd, 4318202.793, 96
Trd, 4318203.043, 94
Trd, 4318204.393, 117
Trd, 4318204.593, 98
Trd, 4318205.543, 118
Trd, 4318206.443, 133
Trd, 4318207.093, 85
Trd, 4318207.493, 78
Trd, 4318207.643, 109
Trd, 4318208.243, 68
Trd, 4318208.893, 114
Trd, 4318209.843, 116
Trd, 4318211.293, 88
Trd, 4318212.293, 62
Trd, 4318212.943, 61
Trd, 4318213.243, 60
Trd, 4318213.693, 74
Trd, 4318214.543, 75
Trd, 4318215.493, 60
Trd, 4318215.593, 64
Trd, 4318217.343, 133
Trd, 4318218.843, 93
Trd, 4318218.993, 91
Trd, 4318219.743, 65
Trd, 4318220.643, 63
Trd, 4318220.743, 68
Trd, 4318221.343, 75
Trd, 4318223.143, 105
Trd, 4318223.393, 109
Trd, 4318223.493, 97
Trd, 4318224.043, 83
Trd, 4318224.693, 84
Trd, 4318225.193, 62
Trd, 4318225.843, 61
Trd, 4318226.193, 72
Trd, 4318226.693, 60
Trd, 4318227.843, 62
Trd, 4318229.543, 124
Trd, 4318229.793, 109
Trd, 4318230.243, 111
Trd, 4318230.643, 91
Trd, 4318230.693, 91
Trd, 4318231.393, 92
Trd, 4318232.093, 99
Trd, 4318232.993, 86
Trd, 4318233.193, 76
Trd, 4318234.643, 83
Trd, 4318235.593, 86
Trd, 4318235.743, 87
Trd, 4318237.043, 66
Trd, 4318237.593, 60
Trd, 4318237.743, 86
Trd, 4318238.793, 104
Trd, 4318238.943, 108
Trd, 4318239.643, 68
Trd, 4318240.743, 70
Trd, 4318240.943, 77
Trd, 4318241.193, 113
Trd, 4318241.443, 67
Trd, 4318242.243, 99
Trd, 4318242.993, 112
Trd, 4318243.143, 110
Trd, 4318244.443, 94
Trd, 4318244.843, 104
Trd, 4318245.693, 140
Trd, 4318245.993, 103
Trd, 4318246.843, 76
Trd, 4318247.743, 134
Trd, 4318247.793, 109
Trd, 4318248.743, 66
Trd, 4318249.493, 61
Trd, 4318250.493, 99
Trd, 4318250.793, 133
Trd, 4318251.393, 76
Trd, 4318251.943, 99
Trd, 4318252.243, 115
Trd, 4318252.843, 129
Trd, 4318253.493, 62
Trd, 4318253.893, 95
Trd, 4318255.893, 118
Trd, 4318256.243, 101
Trd, 4318257.743, 69
Trd, 4318257.993, 66
Trd, 4318258.793, 64
Trd, 4318258.843, 107
Trd, 4318259.493, 106
Trd, 4318261.093, 104
Trd, 4318261.593, 130
Trd, 4318262.843, 124
Trd, 4318264.193, 67
Trd, 4318264.793, 71
Trd, 4318265.493, 126
Trd, 4318265.793, 123
Trd, 4318266.593, 120
Trd, 4318267.093, 112
Trd, 4318267.693, 111
Trd, 4318268.043, 98
Trd, 4318269.643, 119
Trd, 4318269.743, 111
Trd, 4318270.193, 92
Trd, 4318270.243, 84
Trd, 4318271.293, 103
Trd, 4318274.443, 118
Trd, 4318274.643, 111
Trd, 4318274.793, 108
Trd, 4318275.343, 86
Trd, 4318275.393, 125
Trd, 4318276.543, 113
Trd, 4318276.793, 84
Trd, 4318278.243, 90
Trd, 4318278.543, 82
Trd, 4318279.493, 64
Trd, 4318280.143, 117
Trd, 4318281.793, 98
Trd, 4318281.943, 96
Trd, 4318282.343, 95
Trd, 4318283.643, 135
Trd, 4318283.843, 130
Trd, 4318284.243, 105
Trd, 4318284.393, 99
Trd, 4318286.043, 97
Trd, 4318286.493, 101
Trd, 4318287.493, 71
Trd, 4318288.643, 60
Trd, 4318288.893, 69
Trd, 4318289.243, 130
Trd, 4318289.443, 66
Trd, 4318290.543, 109
Trd, 4318290.743, 105
Trd, 4318291.043, 94
Trd, 4318291.243, 74
Trd, 4318292.143, 115
Trd, 4318293.393, 70
Trd, 4318294.343, 80
Trd, 4318295.343, 97
Trd, 4318295.593, 74
Trd, 4318296.993, 138
Trd, 4318297.443, 135
Trd, 4318297.693, 130
Trd, 4318297.743, 96
Trd, 4318297.843, 96
Trd, 4318300.793, 134
Trd, 4318300.943, 111
Trd, 4318301.093, 100
Trd, 4318302.543, 92
Trd, 4318303.093, 87
Trd, 4318303.743, 120
Trd, 4318303.793, 116
Trd, 4318304.293, 95
Trd, 4318305.493, 76
Trd, 4318306.293, 63
Trd, 4318306.693, 64
Trd, 4318306.943, 67
Trd, 4318307.043, 67
Trd, 4318308.293, 64
Trd, 4318309.143, 94
Trd, 4318310.343, 98
Trd, 4318310.693, 65
Trd, 4318310.793, 71
Trd, 4318311.043, 101
Trd, 4318312.293, 79
Trd, 4318312.643, 65
Trd, 4318313.093, 79
Trd, 4318314.143, 66
Trd, 4318314.893, 70
Trd, 4318315.293, 71
Trd, 4318316.543, 60
Trd, 4318316.643, 72
Trd, 4318316.993, 79
Trd, 4318319.143, 129
Trd, 4318319.543, 89
Trd, 4318319.693, 115
Trd, 4318321.143, 126
Trd, 4318322.443, 112
Trd, 4318322.993, 106
Trd, 4318323.093, 101
Trd, 4318323.593, 87
Trd, 4318323.793, 83
Trd, 4318324.693, 65
Trd, 4318326.793, 140
Trd, 4318327.393, 133
Trd, 4318327.693, 112
Trd, 4318328.093, 110
Trd, 4318328.643, 125
Trd, 4318329.143, 83
Trd, 4318329.593, 76
Trd, 4318330.643, 91
Trd, 4318331.043, 105
Trd, 4318331.393, 82
Trd, 4318331.643, 63
Trd, 4318331.943, 98
Trd, 4318332.843, 101
Trd, 4318335.643, 117
Trd, 4318335.743, 94
Trd, 4318336.093, 94
Trd, 4318336.293, 91
Trd, 4318336.943, 124
Trd, 4318337.443, 94
Trd, 4318337.493, 66
Trd, 4318337.943, 66
Trd, 4318338.443, 79
Trd, 4318339.143, 109
Trd, 4318340.693, 129
Trd, 4318341.093, 124
Trd, 4318341.243, 105
Trd, 4318341.543, 80
Trd, 4318342.293, 121
Trd, 4318343.593, 103
Trd, 4318344.343, 98
Trd, 4318345.443, 85
Trd, 4318345.693, 121
Trd, 4318346.443, 109
Trd, 4318347.393, 108
Trd, 4318347.643, 110
Trd, 4318347.943, 76
Trd, 4318349.043, 99
Trd, 4318349.793, 110
Trd, 4318349.843, 90
Trd, 4318349.943, 79
Trd, 4318352.143, 103
Trd, 4318352.993, 107
Trd, 4318354.193, 120
Trd, 4318354.543, 105
Trd, 4318355.943, 112
Trd, 4318356.843, 118
Trd, 4318358.543, 131
Trd, 4318358.793, 125
Trd, 4318358.843, 98
Trd, 4318359.043, 91
Trd, 4318360.443, 110
Trd, 4318360.643, 85
Trd, 4318361.293, 138
Trd, 4318362.143, 119
Trd, 4318362.943, 103
Trd, 4318364.493, 119
Trd, 4318364.943, 108
Trd, 4318366.493, 105
Trd, 4318366.693, 104
Trd, 4318366.993, 111
Trd, 4318367.543, 114
Trd, 4318368.493, 132
Trd, 4318368.593, 114
Trd, 4318368.693, 126
Trd, 4318369.693, 98
Trd, 4318369.943, 83
Trd, 4318370.143, 76
Trd, 4318370.943, 72
Trd, 4318371.293, 131
Trd, 4318372.043, 115
Trd, 4318373.243, 131
Trd, 4318373.743, 126
Trd, 4318375.443, 129
Trd, 4318375.493, 122
Trd, 4318375.643, 95
Trd, 4318376.443, 81
Trd, 4318376.843, 100
Trd, 4318377.743, 97
Trd, 4318377.993, 96
Trd, 4318378.243, 124
Trd, 4318381.393, 60
Trd, 4318381.793, 103
Trd, 4318382.393, 63
Trd, 4318382.693, 74
Trd, 4318383.493, 105
Trd, 4318383.693, 86
Trd, 4318384.143, 133
Trd, 4318385.043, 70
Trd, 4318385.143, 63
Trd, 4318385.493, 124
Trd, 4318386.643, 86
Trd, 4318387.243, 73
Trd, 4318387.493, 103
Trd, 4318387.993, 80
Trd, 4318388.393, 74
Trd, 4318389.443, 63
Trd, 4318390.643, 78
Trd, 4318391.643, 83
Trd, 4318392.193, 68
Trd, 4318392.793, 115
Trd, 4318393.643, 73
Trd, 4318394.543, 90
Trd, 4318395.143, 114
Trd, 4318395.543, 62
Trd, 4318395.993, 65
Trd, 4318396.593, 71
Trd, 4318396.793, 95
Trd, 4318397.093, 116
Trd, 4318398.093, 64
Trd, 4318399.293, 122
Trd, 4318399.393, 106
Trd, 4318399.443, 97
Trd, 4318400.593, 107
Trd, 4318402.693, 115
Trd, 4318402.993, 130
Trd, 4318403.393, 112
Trd, 4318404.093, 113
Trd, 4318404.593, 112
Trd, 4318406.793, 71
Trd, 4318407.993, 124
Trd, 4318408.243, 117
Trd, 4318408.393, 114
Trd, 4318409.193, 134
Trd, 4318409.243, 129
Trd, 4318409.543, 92
Trd, 4318410.543, 88
Trd, 4318410.693, 95
Trd, 4318411.143, 68
Trd, 4318412.193, 122
Trd, 4318412.543, 75
Trd, 4318414.093, 61
Trd, 4318414.443, 74
Trd, 4318415.643, 118
Trd, 4318416.793, 94
Trd, 4318416.893, 69
Trd, 4318417.243, 87
Trd, 4318417.543, 103
Trd, 4318418.493, 126
Trd, 4318419.143, 93
Trd, 4318420.443, 75
Trd, 4318421.293, 122
Trd, 4318422.543, 101
Trd, 4318422.893, 98
Trd, 4318423.693, 79
Trd, 4318423.943, 84
Trd, 4318425.043, 138
Trd, 4318426.093, 121
Trd, 4318426.993, 100
Trd, 4318427.643, 116
Trd, 4318428.243, 77
Trd, 4318429.943, 129
Trd, 4318430.093, 107
Trd, 4318430.893, 93
Trd, 4318431.343, 124
Trd, 4318432.193, 94
Trd, 4318432.593, 77
Trd, 4318433.493, 132
Trd, 4318433.843, 121
Trd, 4318433.893, 109
Trd, 4318434.693, 91
Trd, 4318436.343, 85
Trd, 4318436.593, 80
Trd, 4318437.243, 60
Trd, 4318438.043, 137
Trd, 4318438.843, 111
Trd, 4318438.993, 109
Trd, 4318439.293, 96
Trd, 4318439.893, 62
Trd, 4318440.543, 111
Trd, 4318441.243, 82
Trd, 4318442.293, 67
Trd, 4318442.943, 68
Trd, 4318443.693, 60
Trd, 4318443.993, 71
Trd, 4318445.143, 112
Trd, 4318445.193, 76
Trd, 4318445.743, 78
Trd, 4318446.193, 85
Trd, 4318447.593, 62
Trd, 4318448.893, 60
Trd, 4318449.043, 64
Trd, 4318449.543, 91
Trd, 4318449.943, 66
Trd, 4318450.843, 64
Trd, 4318451.643, 67
Trd, 4318451.693, 68
Trd, 4318451.793, 91
Trd, 4318452.293, 89
Trd, 4318453.143, 93
Trd, 4318453.193, 67
Trd, 4318455.693, 77
Trd, 4318456.293, 66
Trd, 4318456.793, 90
Trd, 4318457.893, 123
Trd, 4318458.243, 78
Trd, 4318458.343, 62
Trd, 4318459.743, 61
Trd, 4318460.643, 72
Trd, 4318461.693, 114
Trd, 4318461.743, 97
Trd, 4318462.993, 60
Trd, 4318463.693, 61
Trd, 4318464.243, 64
Trd, 4318464.693, 71
Trd, 4318465.793, 62
Trd, 4318465.843, 87
Trd, 4318467.343, 116
Trd, 4318468.043, 77
Trd, 4318468.143, 67
Trd, 4318469.993, 82
Trd, 4318470.343, 74
Trd, 4318470.943, 63
Trd, 4318471.043, 86
Trd, 4318471.293, 61
Trd, 4318472.593, 76
Trd, 4318473.293, 71
Trd, 4318473.693, 68
Trd, 4318473.943, 130
Trd, 4318474.793, 88
Trd, 4318475.443, 122
Trd, 4318476.193, 72
Trd, 4318477.593, 68
Trd, 4318478.343, 63
Trd, 4318478.593, 71
Trd, 4318478.793, 73
Trd, 4318479.393, 103
Trd, 4318479.943, 67
Trd, 4318482.543, 69
Trd, 4318482.643, 92
Trd, 4318483.893, 75
Trd, 4318483.993, 73
Trd, 4318484.293, 133
Trd, 4318485.493, 93
Trd, 4318485.993, 77
Trd, 4318486.643, 113
Trd, 4318487.443, 133
Trd, 4318487.593, 86
Trd, 4318488.843, 108
Trd, 4318489.243, 107
Trd, 4318489.343, 75
Trd, 4318491.493, 63
Trd, 4318492.343, 62
Trd, 4318492.793, 65
Trd, 4318493.093, 61
Trd, 4318493.243, 71
Trd, 4318494.793, 84
Trd, 4318495.093, 69
Trd, 4318495.993, 73
Trd, 4318496.643, 131
Trd, 4318497.193, 86
Trd, 4318498.093, 129
Trd, 4318498.693, 126
Trd, 4318498.993, 135
Trd, 4318500.493, 116
Trd, 4318500.793, 116
Trd, 4318501.693, 95
Trd, 4318502.093, 88
Trd, 4318502.593, 111
Trd, 4318502.893, 85
Trd, 4318503.993, 85
Trd, 4318504.243, 64
Trd, 4318505.093, 124
Trd, 4318505.243, 74
Trd, 4318506.643, 134
Trd, 4318506.843, 130
Trd, 4318506.943, 115
Trd, 4318507.993, 124
Trd, 4318509.643, 112
Trd, 4318510.293, 133
Trd, 4318510.743, 124
Trd, 4318511.093, 92
Trd, 4318511.343, 103
Trd, 4318512.243, 119
Trd, 4318512.943, 94
Trd, 4318513.643, 82
Trd, 4318514.193, 81
Trd, 4318515.643, 90
Trd, 4318516.093, 77
Trd, 4318516.243, 76
Trd, 4318517.243, 94
Trd, 4318518.143, 103
Trd, 4318518.993, 109
Trd, 4318519.343, 122
Trd, 4318519.693, 95
Trd, 4318520.443, 97
Trd, 4318521.793, 82
Trd, 4318522.943, 131
Trd, 4318523.193, 78
Trd, 4318523.943, 65
Trd, 4318524.393, 93
Trd, 4318524.593, 70
Trd, 4318525.293, 67
Trd, 4318526.143, 123
Trd, 4318526.443, 108
Trd, 4318527.093, 100
Trd, 4318527.443, 98
Trd, 4318527.493, 97
Trd, 4318529.543, 124
Trd, 4318529.743, 111
Trd, 4318529.993, 104
Trd, 4318530.743, 134
Trd, 4318530.793, 129
Trd, 4318531.443, 129
Trd, 4318533.743, 90
Trd, 4318533.793, 84
Trd, 4318534.243, 110
Trd, 4318536.043, 133
Trd, 4318536.293, 128
Trd, 4318537.093, 96
Trd, 4318538.193, 82
Trd, 4318539.193, 61
Trd, 4318539.443, 62
Trd, 4318539.743, 63
Trd, 4318541.143, 78
Trd, 4318541.893, 114
Trd, 4318542.943, 98
Trd, 4318542.993, 88
Trd, 4318543.743, 90
Trd, 4318543.993, 124
Trd, 4318544.693, 136
Trd, 4318545.943, 139
Trd, 4318546.043, 127
Trd, 4318547.343, 96
Trd, 4318548.343, 92
Trd, 4318549.243, 114
Trd, 4318549.393, 91
Trd, 4318549.893, 61
Trd, 4318550.093, 61
Trd, 4318550.793, 66
Trd, 4318550.843, 86
Trd, 4318551.543, 83
Trd, 4318553.493, 89
Trd, 4318553.593, 74
Trd, 4318555.193, 63
Trd, 4318555.243, 69
Trd, 4318556.393, 61
Trd, 4318557.893, 136
Trd, 4318558.493, 115
Trd, 4318558.993, 121
Trd, 4318559.793, 77
Trd, 4318560.743, 130
Trd, 4318561.243, 78
Trd, 4318562.593, 139
Trd, 4318562.793, 99
Trd, 4318563.993, 113
Trd, 4318564.393, 96
Trd, 4318566.143, 133
Trd, 4318566.393, 105
Trd, 4318566.493, 70
Trd, 4318566.843, 83
Trd, 4318567.143, 87
Trd, 4318567.693, 82
Trd, 4318569.643, 138
Trd, 4318569.793, 132
Trd, 4318570.543, 114
Trd, 4318570.693, 103
Trd, 4318570.793, 117
Trd, 4318570.993, 96
Trd, 4318571.093, 87
Trd, 4318572.443, 80
Trd, 4318572.493, 65
Trd, 4318572.843, 95
Trd, 4318573.743, 70
Trd, 4318574.193, 71
Trd, 4318574.393, 104
Trd, 4318575.793, 77
Trd, 4318577.793, 107
Trd, 4318578.893, 61
Trd, 4318578.943, 71
Trd, 4318579.693, 77
Trd, 4318580.793, 129
Trd, 4318581.493, 130
Trd, 4318582.243, 89
Trd, 4318582.643, 86
Trd, 4318583.093, 106
Trd, 4318583.343, 91
Trd, 4318584.743, 65
Trd, 4318586.293, 128
Trd, 4318586.343, 123
Trd, 4318586.793, 60
Trd, 4318587.293, 88
Trd, 4318587.893, 84
Trd, 4318588.543, 124
Trd, 4318590.193, 116
Trd, 4318590.893, 94
Trd, 4318591.693, 69
Trd, 4318591.893, 66
Trd, 4318592.243, 124
Trd, 4318593.193, 119
Trd, 4318593.693, 130
Trd, 4318595.093, 113
Trd, 4318596.793, 113
Trd, 4318596.893, 110
Trd, 4318597.593, 89
Trd, 4318598.143, 132
Trd, 4318598.293, 104
Trd, 4318599.293, 116
Trd, 4318599.593, 86
Trd, 4318599.693, 84
Trd, 4318600.193, 67
Trd, 4318601.893, 63
Trd, 4318603.043, 103
Trd, 4318603.993, 86
Trd, 4318604.143, 85
Trd, 4318604.193, 79
Trd, 4318605.193, 71
Trd, 4318605.543, 79
Trd, 4318606.193, 74
Trd, 4318607.193, 70
Trd, 4318607.643, 71
Trd, 4318608.593, 60
Trd, 4318608.643, 77
Trd, 4318609.093, 86
Trd, 4318609.193, 100
Trd, 4318610.843, 88
Trd, 4318611.343, 115
Trd, 4318612.693, 140
Trd, 4318613.093, 129
Trd, 4318613.643, 108
Trd, 4318614.393, 101
Trd, 4318614.443, 100
Trd, 4318615.143, 88
Trd, 4318616.343, 121
Trd, 4318616.543, 116
Trd, 4318616.993, 98
Trd, 4318617.043, 95
Trd, 4318617.743, 131
Trd, 4318618.693, 102
Trd, 4318618.993, 94
Trd, 4318619.243, 96
Trd, 4318620.193, 133
Trd, 4318620.443, 127
Trd, 4318621.443, 69
Trd, 4318622.493, 102
Trd, 4318623.643, 105
Trd, 4318624.193, 78
Trd, 4318625.343, 130
Trd, 4318625.643, 76
Trd, 4318625.993, 73
Trd, 4318626.943, 80
Trd, 4318627.943, 116
Trd, 4318627.993, 76
Trd, 4318628.293, 60
Trd, 4318629.793, 95
Trd, 4318629.943, 91
Trd, 4318630.843, 120
Trd, 4318631.093, 100
Trd, 4318631.643, 124
Trd, 4318632.943, 70
Trd, 4318633.343, 90
Trd, 4318633.843, 80
Trd, 4318633.893, 67
Trd, 4318634.043, 112
Trd, 4318634.943, 67
Trd, 4318635.743, 133
Trd, 4318636.243, 116
Trd, 4318637.243, 92
Trd, 4318637.443, 101
Trd, 4318638.593, 113
Trd, 4318638.643, 104
Trd, 4318640.493, 102
Trd, 4318640.743, 98
Trd, 4318640.793, 97
Trd, 4318641.793, 98
Trd, 4318642.743, 121
Trd, 4318643.043, 101
Trd, 4318643.643, 103
Trd, 4318644.243, 127
Trd, 4318644.543, 77
Trd, 4318645.043, 66
Trd, 4318646.243, 64
Trd, 4318646.993, 102
Trd, 4318648.293, 106
Trd, 4318649.193, 100
Trd, 4318649.543, 98
Trd, 4318649.893, 82
Trd, 4318650.043, 74
Trd, 4318650.493, 87
Trd, 4318651.443, 124
Trd, 4318652.393, 132
Trd, 4318653.243, 103
Trd, 4318653.393, 110
Trd, 4318653.743, 100
Trd, 4318654.293, 118
Trd, 4318655.493, 93
Trd, 4318655.543, 136
Trd, 4318655.843, 90
Trd, 4318657.593, 125
Trd, 4318658.243, 98
Trd, 4318658.493, 91
Trd, 4318659.143, 123
Trd, 4318659.493, 138
Trd, 4318659.843, 112
Trd, 4318660.143, 87
Trd, 4318661.143, 82
Trd, 4318661.243, 87
Trd, 4318662.993, 86
Trd, 4318663.943, 99
Trd, 4318664.893, 102
Trd, 4318665.693, 120
Trd, 4318666.243, 95
Trd, 4318666.343, 82
Trd, 4318666.443, 79
Trd, 4318667.643, 105
Trd, 4318668.893, 92
Trd, 4318669.593, 87
Trd, 4318671.293, 81
Trd, 4318672.093, 110
Trd, 4318672.143, 108
Trd, 4318673.593, 111
Trd, 4318673.693, 120
Trd, 4318673.793, 110
Trd, 4318674.743, 64
Trd, 4318675.293, 65
Trd, 4318675.843, 93
Trd, 4318675.943, 90
Trd, 4318676.793, 78
Trd, 4318677.243, 100
Trd, 4318677.393, 93
Trd, 4318678.493, 127
Trd, 4318679.043, 122
Trd, 4318679.243, 65
Trd, 4318680.143, 108
Trd, 4318681.843, 128
Trd, 4318682.043, 96
Trd, 4318682.643, 111
Trd, 4318684.093, 97
Trd, 4318684.543, 85
Trd, 4318684.893, 91
Trd, 4318685.843, 82
Trd, 4318686.643, 71
Trd, 4318686.893, 74
Trd, 4318687.393, 68
Trd, 4318688.793, 104
Trd, 4318689.843, 75
Trd, 4318689.993, 129
Trd, 4318690.143, 73
Trd, 4318690.393, 86
Trd, 4318692.593, 79
Trd, 4318692.693, 101
Trd, 4318693.893, 68
Trd, 4318693.993, 62
Trd, 4318694.793, 102
Trd, 4318694.993, 111
Trd, 4318696.593, 132
Trd, 4318696.993, 108
Trd, 4318697.043, 105
Trd, 4318697.393, 96
Trd, 4318697.543, 125
Trd, 4318698.743, 122
Trd, 4318700.343, 62
Trd, 4318700.393, 64
Trd, 4318700.943, 65
Trd, 4318701.993, 61
Trd, 4318702.743, 63
Trd, 4318703.743, 133
Trd, 4318705.043, 104
Trd, 4318705.243, 106
Trd, 4318705.893, 113
Trd, 4318705.943, 89
Trd, 4318706.293, 108
Trd, 4318707.393, 113
Trd, 4318707.893, 100
Trd, 4318708.843, 62
Trd, 4318709.793, 101
Trd, 4318709.943, 76
Trd, 4318710.193, 136
Trd, 4318710.643, 84
Trd, 4318712.193, 66
Trd, 4318712.793, 75
Trd, 4318712.843, 114
Trd, 4318712.943, 67
Trd, 4318714.193, 85
Trd, 4318714.293, 81
Trd, 4318714.643, 114
Trd, 4318715.893, 139
Trd, 4318716.243, 106
Trd, 4318716.343, 80
Trd, 4318717.843, 61
Trd, 4318718.293, 60
Trd, 4318718.843, 93
Trd, 4318719.743, 64
Trd, 4318719.843, 81
Trd, 4318721.043, 129
Trd, 4318721.293, 128
Trd, 4318722.043, 95
Trd, 4318724.093, 62
Trd, 4318724.543, 136
Trd, 4318724.643, 76
Trd, 4318725.293, 69
Trd, 4318725.743, 74
Trd, 4318725.993, 113
Trd, 4318727.043, 105
Trd, 4318727.493, 85
Trd, 4318728.193, 103
Trd, 4318729.243, 88
Trd, 4318730.643, 64
Trd, 4318731.043, 86
Trd, 4318732.543, 83
Trd, 4318733.443, 110
Trd, 4318734.643, 110
Trd, 4318734.843, 117
Trd, 4318735.043, 115
Trd, 4318735.843, 119
Trd, 4318736.393, 93
Trd, 4318736.743, 90
Trd, 4318737.343, 130
Trd, 4318738.043, 86
Trd, 4318738.793, 80
Trd, 4318738.893, 71
Trd, 4318739.943, 68
Trd, 4318740.093, 92
Trd, 4318740.993, 136
Trd, 4318741.393, 82
Trd, 4318742.193, 87
Trd, 4318743.293, 106
Trd, 4318744.043, 76
Trd, 4318744.593, 139
Trd, 4318744.743, 66
Trd, 4318746.093, 139
Trd, 4318746.243, 85
Trd, 4318747.843, 108
Trd, 4318748.193, 129
Trd, 4318749.593, 134
Trd, 4318749.693, 125
Trd, 4318749.843, 107
Trd, 4318750.493, 137
Trd, 4318750.793, 88
Trd, 4318751.193, 76
Trd, 4318752.043, 109
Trd, 4318753.443, 84
Trd, 4318753.493, 83
Trd, 4318754.543, 96
Trd, 4318754.593, 89
Trd, 4318755.693, 86
Trd, 4318755.793, 114
Trd, 4318756.043, 65
Trd, 4318757.243, 95
Trd, 4318758.343, 97
Trd, 4318758.393, 94
Trd, 4318758.543, 107
Trd, 4318759.393, 126
Trd, 4318760.693, 105
Trd, 4318761.343, 97
Trd, 4318761.893, 88
Trd, 4318762.043, 76
Trd, 4318762.093, 76
Trd, 4318762.843, 101
Trd, 4318763.693, 128
Trd, 4318763.743, 120
Trd, 4318765.343, 103
Trd, 4318765.543, 90
Trd, 4318767.343, 107
Trd, 4318767.443, 97
Trd, 4318768.643, 116
Trd, 4318769.043, 107
Trd, 4318769.193, 64
Trd, 4318769.793, 120
Trd, 4318770.343, 115
Trd, 4318770.393, 100
Trd, 4318771.793, 75
Trd, 4318773.243, 106
Trd, 4318773.593, 116
Trd, 4318774.093, 119
Trd, 4318774.843, 80
Trd, 4318775.643, 79
Trd, 4318776.093, 72
Trd, 4318777.493, 119
Trd, 4318778.443, 80
Trd, 4318778.493, 103
Trd, 4318779.143, 74
Trd, 4318780.743, 88
Trd, 4318781.443, 103
Trd, 4318781.593, 102
Trd, 4318782.843, 124
Trd, 4318783.043, 118
Trd, 4318784.593, 117
Trd, 4318785.193, 83
Trd, 4318785.693, 76
Trd, 4318786.593, 93
Trd, 4318787.243, 82
Trd, 4318787.693, 115
Trd, 4318787.893, 108
Trd, 4318788.393, 119
Trd, 4318788.593, 115
Trd, 4318788.743, 92
Trd, 4318791.043, 109
Trd, 4318792.143, 71
Trd, 4318793.543, 126
Trd, 4318794.393, 112
Trd, 4318794.893, 110
Trd, 4318795.543, 106
Trd, 4318795.693, 119
Trd, 4318796.093, 93
Trd, 4318796.793, 108
Trd, 4318797.093, 79
Trd, 4318797.443, 136
Trd, 4318799.293, 100
Trd, 4318800.193, 114
Trd, 4318800.243, 95
Trd, 4318800.543, 89
Trd, 4318801.393, 124
Trd, 4318801.643, 125
Trd, 4318802.093, 107
Trd, 4318802.393, 74
Trd, 4318803.843, 137
Trd, 4318804.943, 120
Trd, 4318805.043, 101
Trd, 4318805.293, 88
Trd, 4318806.143, 108
Trd, 4318807.543, 97
Trd, 4318807.993, 93
Trd, 4318809.093, 94
Trd, 4318809.243, 93
Trd, 4318810.143, 112
Trd, 4318810.643, 120
Trd, 4318811.743, 123
Trd, 4318812.793, 108
Trd, 4318813.243, 104
Trd, 4318813.693, 123
Trd, 4318814.093, 98
Trd, 4318814.343, 85
Trd, 4318815.943, 114
Trd, 4318816.543, 91
Trd, 4318816.843, 72
Trd, 4318817.293, 126
Trd, 4318818.343, 112
Trd, 4318818.643, 97
Trd, 4318818.693, 80
Trd, 4318820.693, 133
Trd, 4318820.893, 119
Trd, 4318821.243, 86
Trd, 4318821.593, 66
Trd, 4318821.843, 76
Trd, 4318822.943, 122
Trd, 4318823.393, 71
Trd, 4318824.443, 125
Trd, 4318825.093, 130
Trd, 4318825.993, 108
Trd, 4318826.243, 135
Trd, 4318826.643, 65
Trd, 4318827.643, 61
Trd, 4318828.543, 83
Trd, 4318829.443, 122
Trd, 4318829.543, 104
Trd, 4318829.993, 126
Trd, 4318830.593, 107
Trd, 4318831.593, 103
Trd, 4318832.193, 129
Trd, 4318833.743, 130
Trd, 4318834.093, 114
Trd, 4318835.443, 137
Trd, 4318836.843, 111
Trd, 4318837.543, 105
Trd, 4318837.593, 128
Trd, 4318837.743, 125
Trd, 4318838.193, 91
Trd, 4318838.293, 81
Trd, 4318838.393, 110
Trd, 4318840.043, 78
Trd, 4318840.293, 125
Trd, 4318841.493, 128
Trd, 4318842.243, 113
Trd, 4318842.393, 105
Trd, 4318843.343, 96
Trd, 4318844.243, 105
Trd, 4318844.293, 90
Trd, 4318845.943, 118
Trd, 4318846.343, 89
Trd, 4318846.843, 60
Trd, 4318848.043, 99
Trd, 4318848.943, 121
Trd, 4318849.143, 118
Trd, 4318849.743, 132
Trd, 4318850.843, 86
Trd, 4318851.243, 80
Trd, 4318852.193, 61
Trd, 4318852.743, 65
Trd, 4318853.493, 126
Trd, 4318853.893, 107
Trd, 4318854.743, 108
Trd, 4318855.093, 107
Trd, 4318855.193, 106
Trd, 4318855.743, 83
Trd, 4318855.793, 83
Trd, 4318856.643, 123
Trd, 4318856.743, 110
Trd, 4318857.843, 77
Trd, 4318858.243, 87
Trd, 4318859.393, 97
Trd, 4318860.943, 126
Trd, 4318860.993, 123
Trd, 4318861.043, 90
Trd, 4318861.143, 93
Trd, 4318862.243, 125
Trd, 4318862.993, 100
Trd, 4318863.443, 130
Trd, 4318863.693, 120
Trd, 4318865.043, 133
Trd, 4318865.743, 128
Trd, 4318866.343, 119
Trd, 4318868.343, 94
Trd, 4318868.493, 91
Trd, 4318868.943, 107
Trd, 4318869.643, 137
Trd, 4318870.443, 133
Trd, 4318870.593, 114
Trd, 4318870.693, 101
Trd, 4318871.843, 110
Trd, 4318872.293, 102
Trd, 4318873.143, 139
Trd, 4318873.843, 129
Trd, 4318874.543, 111
Trd, 4318875.293, 123
Trd, 4318875.393, 119
Trd, 4318875.593, 119
Trd, 4318876.043, 100
Trd, 4318877.493, 105
Trd, 4318878.393, 75
Trd, 4318878.543, 127
Trd, 4318878.993, 88
Trd, 4318879.593, 72
Trd, 4318880.043, 72
Trd, 4318880.343, 67
Trd, 4318880.843, 82
Trd, 4318881.243, 115
Trd, 4318882.693, 71
Trd, 4318883.543, 78
Trd, 4318884.593, 81
Trd, 4318884.693, 73
Trd, 4318885.743, 104
Trd, 4318886.793, 103
Trd, 4318886.943, 100
Trd, 4318887.393, 109
Trd, 4318888.093, 86
Trd, 4318888.793, 90
Trd, 4318889.243, 125
Trd, 4318889.543, 62
Trd, 4318890.343, 66
Trd, 4318890.893, 110
Trd, 4318891.993, 103
Trd, 4318893.193, 133
Trd, 4318893.593, 85
Trd, 4318895.093, 86
Trd, 4318895.643, 72
Trd, 4318896.093, 76
Trd, 4318896.793, 115
Trd, 4318897.293, 70
Trd, 4318898.343, 85
Trd, 4318898.943, 101
Trd, 4318899.343, 92
Trd, 4318899.843, 78
Trd, 4318901.043, 130
Trd, 4318901.843, 113
Trd, 4318902.343, 106
Trd, 4318902.843, 104
Trd, 4318903.393, 116
Trd, 4318903.993, 108
Trd, 4318904.093, 104
Trd, 4318904.593, 87
Trd, 4318905.393, 107
Trd, 4318905.993, 73
Trd, 4318906.543, 105
Trd, 4318908.493, 60
Trd, 4318908.543, 73
Trd, 4318909.743, 98
Trd, 4318910.093, 96
Trd, 4318910.193, 100
Trd, 4318910.593, 73
Trd, 4318911.893, 101
Trd, 4318912.093, 77
Trd, 4318912.993, 69
Trd, 4318913.793, 113
Trd, 4318914.393, 132
Trd, 4318914.793, 128
Trd, 4318915.343, 123
Trd, 4318916.093, 108
Trd, 4318916.593, 116
Trd, 4318917.443, 115
Trd, 4318919.593, 111
Trd, 4318919.643, 98
Trd, 4318921.243, 121
Trd, 4318921.293, 119
Trd, 4318921.743, 100
Trd, 4318922.693, 108
Trd, 4318923.443, 121
Trd, 4318923.643, 96
Trd, 4318925.093, 103
Trd, 4318925.193, 95
Trd, 4318925.943, 93
Trd, 4318926.193, 117
Trd, 4318926.243, 85
Trd, 4318926.393, 84
Trd, 4318927.393, 86
Trd, 4318930.943, 135
Trd, 4318932.643, 129
Trd, 4318933.143, 132
Trd, 4318934.093, 132
Trd, 4318934.443, 131
Trd, 4318934.493, 121
Trd, 4318934.743, 116
Trd, 4318934.793, 98
Trd, 4318935.643, 110
Trd, 4318936.043, 90
Trd, 4318936.743, 112
Trd, 4318937.043, 84
Trd, 4318938.893, 118
Trd, 4318940.743, 122
Trd, 4318941.893, 101
Trd, 4318942.293, 101
Trd, 4318942.643, 97
Trd, 4318942.793, 72
Trd, 4318943.993, 73
Trd, 4318944.443, 69
Trd, 4318945.043, 71
Trd, 4318946.043, 60
Trd, 4318946.693, 64
Trd, 4318946.893, 64
Trd, 4318947.543, 74
Trd, 4318948.893, 67
Trd, 4318949.043, 118
Trd, 4318949.743, 98
Trd, 4318951.093, 97
Trd, 4318951.843, 119
Trd, 4318952.493, 130
Trd, 4318952.943, 124
Trd, 4318953.343, 69
Trd, 4318955.093, 138
Trd, 4318956.043, 125
Trd, 4318956.093, 120
Trd, 4318956.893, 106
Trd, 4318956.943, 88
Trd, 4318957.443, 115
Trd, 4318958.143, 87
Trd, 4318958.943, 100
Trd, 4318959.193, 83
Trd, 4318960.193, 76
Trd, 4318960.693, 67
Trd, 4318961.893, 94
Trd, 4318963.043, 78
Trd, 4318963.193, 77
Trd, 4318964.643, 61
Trd, 4318965.143, 62
Trd, 4318965.743, 89
Trd, 4318966.093, 106
Trd, 4318967.143, 115
Trd, 4318968.793, 75
Trd, 4318968.943, 83
Trd, 4318969.443, 104
Trd, 4318969.843, 114
Trd, 4318969.893, 110
Trd, 4318970.743, 99
Trd, 4318972.443, 130
Trd, 4318972.493, 83
Trd, 4318973.143, 63
Trd, 4318973.193, 70
Trd, 4318973.743, 109
Trd, 4318975.393, 74
Trd, 4318976.493, 128
Trd, 4318977.243, 96
Trd, 4318978.893, 122
Trd, 4318978.943, 98
Trd, 4318979.493, 109
Trd, 4318980.943, 89
Trd, 4318981.293, 90
Trd, 4318981.743, 91
Trd, 4318982.843, 82
Trd, 4318983.293, 117
Trd, 4318983.343, 87
Trd, 4318983.443, 64
Trd, 4318984.093, 113
Trd, 4318985.343, 90
Trd, 4318987.943, 111
Trd, 4318988.943, 132
Trd, 4318988.993, 128
Trd, 4318989.193, 109
Trd, 4318990.193, 93
Trd, 4318990.493, 88
Trd, 4318990.693, 110
Trd, 4318990.843, 85
Trd, 4318992.943, 105
Trd, 4318993.743, 103
Trd, 4318994.443, 82
Trd, 4318994.693, 93
Trd, 4318994.943, 103
Trd, 4318995.193, 107
Trd, 4318995.693, 75
Trd, 4318995.893, 69
Trd, 4318996.693, 69
Trd, 4318998.493, 85
Trd, 4318998.793, 83
Trd, 4318999.093, 92
Trd, 4319000.093, 112
Trd, 4319000.893, 133
Trd, 4319001.843, 100
Trd, 4319001.943, 93
Trd, 4319003.393, 90
Trd, 4319003.743, 67
Trd, 4319005.843, 131
Trd, 4319006.143, 126
Trd, 4319006.493, 120
Trd, 4319006.993, 100
Trd, 4319008.343, 136
Trd, 4319009.343, 105
Trd, 4319009.943, 103
Trd, 4319010.193, 129
Trd, 4319010.793, 106
Trd, 4319010.843, 78
Trd, 4319011.993, 137
Trd, 4319012.193, 130
Trd, 4319013.643, 105
Trd, 4319013.943, 86
Trd, 4319014.243, 78
Trd, 4319014.643, 71
Trd, 4319015.093, 96
Trd, 4319015.543, 84
Trd, 4319016.093, 90
Trd, 4319017.143, 61
Trd, 4319017.593, 62
Trd, 4319018.443, 60
Trd, 4319018.893, 91
Trd, 4319019.843, 134
Trd, 4319020.393, 88
Trd, 4319020.443, 75
Trd, 4319020.993, 106
Trd, 4319021.043, 91
Trd, 4319022.043, 108
Trd, 4319022.693, 81
Trd, 4319022.943, 117
Trd, 4319023.043, 81
Trd, 4319023.893, 125
Trd, 4319024.143, 102
Trd, 4319025.643, 117
Trd, 4319026.493, 83
Trd, 4319027.293, 115
Trd, 4319028.993, 74
Trd, 4319029.293, 95
Trd, 4319030.043, 120
Trd, 4319030.793, 79
Trd, 4319031.393, 70
Trd, 4319031.793, 94
Trd, 4319032.043, 79
Trd, 4319032.193, 68
Trd, 4319032.643, 82
Trd, 4319033.043, 102
Trd, 4319034.943, 78
Trd, 4319035.693, 62
Trd, 4319036.543, 72
Trd, 4319037.243, 61
Trd, 4319037.543, 79
Trd, 4319038.243, 98
Trd, 4319038.593, 61
Trd, 4319040.243, 64
Trd, 4319040.793, 63
Trd, 4319041.093, 70
Trd, 4319041.293, 62
Trd, 4319043.143, 101
Trd, 4319043.243, 86
Trd, 4319043.893, 91
Trd, 4319045.093, 75
Trd, 4319045.643, 78
Trd, 4319045.793, 140
Trd, 4319046.243, 128
Trd, 4319046.843, 104
Trd, 4319047.093, 115
Trd, 4319047.643, 64
Trd, 4319048.193, 79
Trd, 4319048.993, 60
Trd, 4319049.343, 136
Trd, 4319051.043, 69
Trd, 4319051.293, 78
Trd, 4319051.643, 88
Trd, 4319052.443, 70
Trd, 4319052.693, 63
Trd, 4319053.693, 129
Trd, 4319053.743, 115
Trd, 4319054.743, 70
Trd, 4319054.843, 66
Trd, 4319056.143, 116
Trd, 4319056.343, 61
Trd, 4319057.293, 91
Trd, 4319058.243, 78
Trd, 4319058.993, 97
Trd, 4319059.193, 95
Trd, 4319059.393, 79
Trd, 4319061.943, 138
Trd, 4319062.143, 132
Trd, 4319062.193, 122
Trd, 4319062.543, 104
Trd, 4319062.843, 99
Trd, 4319062.993, 78
Trd, 4319064.043, 86
Trd, 4319065.493, 128
Trd, 4319066.293, 118
Trd, 4319066.693, 127
Trd, 4319066.743, 110
Trd, 4319067.393, 126
Trd, 4319067.443, 99
Trd, 4319068.493, 129
Trd, 4319068.643, 70
Trd, 4319069.193, 118
Trd, 4319070.893, 128
Trd, 4319072.493, 133
Trd, 4319072.693, 129
Trd, 4319072.743, 105
Trd, 4319073.693, 100
Trd, 4319074.343, 115
Trd, 4319075.043, 125
Trd, 4319075.443, 98
Trd, 4319075.993, 125
Trd, 4319076.543, 115
Trd, 4319076.893, 115
Trd, 4319077.843, 67
Trd, 4319079.343, 99
Trd, 4319079.443, 66
Trd, 4319080.293, 76
Trd, 4319081.243, 117
Trd, 4319083.043, 105
Trd, 4319084.543, 103
Trd, 4319085.043, 107
Trd, 4319086.093, 100
Trd, 4319086.143, 90
Trd, 4319086.893, 81
Trd, 4319087.843, 78
Trd, 4319088.393, 79
Trd, 4319088.843, 85
Trd, 4319089.843, 68
Trd, 4319090.593, 79
Trd, 4319091.593, 94
Trd, 4319092.343, 79
Trd, 4319093.143, 80
Trd, 4319094.093, 98
Trd, 4319094.243, 73
Trd, 4319094.443, 89
Trd, 4319094.693, 81
Trd, 4319095.193, 70
Trd, 4319095.543, 111
Trd, 4319097.543, 96
Trd, 4319097.843, 114
Trd, 4319098.693, 111
Trd, 4319099.993, 124
Trd, 4319100.793, 136
Trd, 4319101.393, 104
Trd, 4319101.593, 100
Trd, 4319101.943, 102
Trd, 4319102.143, 85
Trd, 4319102.293, 125
Trd, 4319102.393, 62
Trd, 4319102.693, 113
Trd, 4319103.843, 69
Trd, 4319105.643, 104
Trd, 4319106.393, 98
Trd, 4319106.593, 87
Trd, 4319107.043, 96
Trd, 4319107.343, 80
Trd, 4319107.543, 71
Trd, 4319108.593, 92
Trd, 4319109.343, 83
Trd, 4319109.593, 93
Trd, 4319109.793, 76
Trd, 4319111.443, 81
Trd, 4319112.143, 98
Trd, 4319112.543, 110
Trd, 4319113.443, 135
Trd, 4319113.543, 130
Trd, 4319113.943, 89
Trd, 4319114.993, 132
Trd, 4319115.243, 88
Trd, 4319115.843, 101
Trd, 4319117.843, 77
Trd, 4319117.943, 76
Trd, 4319117.993, 79
Trd, 4319118.343, 75
Trd, 4319119.743, 61
Trd, 4319122.293, 67
Trd, 4319122.643, 70
Trd, 4319123.293, 61
Trd, 4319123.443, 73
Trd, 4319123.643, 79
Trd, 4319124.043, 73
Trd, 4319124.293, 68
Trd, 4319125.293, 89
Trd, 4319125.443, 78
Trd, 4319126.043, 63
Trd, 4319126.493, 84
Trd, 4319128.693, 112
Trd, 4319128.793, 88
Trd, 4319129.343, 76
Trd, 4319129.493, 96
Trd, 4319130.893, 70
Trd, 4319131.443, 62
Trd, 4319133.143, 104
Trd, 4319133.743, 87
Trd, 4319133.893, 85
Trd, 4319134.493, 103
Trd, 4319134.593, 85
Trd, 4319136.543, 63
Trd, 4319136.743, 79
Trd, 4319137.243, 128
Trd, 4319137.443, 137
Trd, 4319138.493, 124
Trd, 4319139.143, 103
Trd, 4319140.243, 112
Trd, 4319141.093, 123
Trd, 4319142.043, 102
Trd, 4319142.243, 96
Trd, 4319142.793, 80
Trd, 4319143.243, 102
Trd, 4319144.193, 88
Trd, 4319145.443, 68
Trd, 4319146.543, 127
Trd, 4319146.743, 122
Trd, 4319146.843, 110
Trd, 4319147.393, 128
Trd, 4319148.243, 90
Trd, 4319148.493, 103
Trd, 4319150.043, 96
Trd, 4319150.693, 139
Trd, 4319150.943, 114
Trd, 4319152.443, 138
Trd, 4319152.493, 120
Trd, 4319152.793, 137
Trd, 4319153.043, 105
Trd, 4319154.693, 140
Trd, 4319154.993, 128
Trd, 4319155.943, 139
Trd, 4319156.793, 68
Trd, 4319158.443, 116
Trd, 4319158.743, 106
Trd, 4319158.893, 102
Trd, 4319159.543, 109
Trd, 4319159.893, 106
Trd, 4319161.343, 111
Trd, 4319161.593, 104
Trd, 4319162.893, 122
Trd, 4319163.093, 112
Trd, 4319163.593, 101
Trd, 4319163.843, 92
Trd, 4319164.293, 131
Trd, 4319164.693, 114
Trd, 4319164.943, 118
Trd, 4319165.193, 100
Trd, 4319165.993, 96
Trd, 4319166.893, 88
Trd, 4319167.493, 70
Trd, 4319168.193, 97
Trd, 4319168.693, 95
Trd, 4319170.393, 132
Trd, 4319171.843, 125
Trd, 4319172.143, 116
Trd, 4319172.743, 138
Trd, 4319173.943, 110
Trd, 4319174.343, 108
Trd, 4319174.543, 77
Trd, 4319174.843, 75
Trd, 4319176.093, 134
Trd, 4319176.493, 90
Trd, 4319177.043, 76
Trd, 4319177.543, 69
Trd, 4319177.593, 84
Trd, 4319178.393, 140
Trd, 4319179.943, 111
Trd, 4319182.243, 112
Trd, 4319182.493, 100
Trd, 4319182.593, 82
Trd, 4319183.643, 76
Trd, 4319184.393, 69
Trd, 4319184.993, 65
Trd, 4319186.093, 70
Trd, 4319186.293, 61
Trd, 4319186.893, 90
Trd, 4319188.293, 61
Trd, 4319189.243, 61
Trd, 4319189.493, 65
Trd, 4319189.643, 61
Trd, 4319191.243, 60
Trd, 4319191.893, 107
Trd, 4319192.593, 64
Trd, 4319193.443, 60
Trd, 4319193.493, 62
Trd, 4319194.343, 67
Trd, 4319195.193, 136
Trd, 4319195.393, 131
Trd, 4319196.393, 119
Trd, 4319196.643, 131
Trd, 4319197.493, 83
Trd, 4319197.743, 74
Trd, 4319198.193, 123
Trd, 4319199.493, 124
Trd, 4319199.943, 100
Trd, 4319200.143, 101
Trd, 4319200.743, 130
Trd, 4319202.293, 127
Trd, 4319202.993, 92
Trd, 4319203.593, 89
Trd, 4319204.343, 81
Trd, 4319205.143, 127
Trd, 4319205.293, 122
Trd, 4319205.893, 81
Trd, 4319206.043, 97
Trd, 4319207.293, 129
Trd, 4319207.693, 106
Trd, 4319208.593, 122
Trd, 4319209.243, 124
Trd, 4319209.393, 121
Trd, 4319210.843, 135
Trd, 4319211.043, 130
Trd, 4319211.543, 130
Trd, 4319211.943, 114
Trd, 4319212.593, 117
Trd, 4319212.993, 98
Trd, 4319214.043, 124
Trd, 4319214.143, 96
Trd, 4319215.143, 133
Trd, 4319215.443, 114
Trd, 4319215.843, 94
Trd, 4319217.193, 140
Trd, 4319217.593, 133
Trd, 4319218.193, 107
Trd, 4319218.343, 101
Trd, 4319219.943, 131
Trd, 4319220.093, 86
Trd, 4319220.893, 94
Trd, 4319221.893, 69
Trd, 4319222.543, 106
Trd, 4319223.343, 91
Trd, 4319223.793, 114
Trd, 4319224.193, 134
Trd, 4319224.443, 87
Trd, 4319225.243, 136
Trd, 4319226.343, 132
Trd, 4319226.843, 103
Trd, 4319227.393, 86
Trd, 4319227.893, 69
Trd, 4319229.043, 98
Trd, 4319229.243, 110
Trd, 4319230.743, 60
Trd, 4319231.093, 102
Trd, 4319232.193, 126
Trd, 4319233.243, 118
Trd, 4319233.693, 115
Trd, 4319233.743, 108
Trd, 4319233.893, 101
Trd, 4319235.443, 139
Trd, 4319235.593, 138
Trd, 4319236.843, 110
Trd, 4319237.043, 137
Trd, 4319237.793, 85
Trd, 4319239.893, 112
Trd, 4319240.193, 109
Trd, 4319240.293, 101
Trd, 4319241.293, 128
Trd, 4319241.393, 101
Trd, 4319241.693, 103
Trd, 4319241.893, 134
Trd, 4319242.293, 89
Trd, 4319243.143, 85
Trd, 4319245.493, 121
Trd, 4319245.543, 117
Trd, 4319245.693, 104
Trd, 4319245.843, 94
Trd, 4319246.243, 87
Trd, 4319246.793, 110
Trd, 4319247.093, 95
Trd, 4319248.543, 133
Trd, 4319249.093, 127
Trd, 4319249.243, 123
Trd, 4319250.243, 127
Trd, 4319250.643, 120
Trd, 4319250.993, 115
Trd, 4319251.193, 100
Trd, 4319251.693, 65
Trd, 4319252.443, 98
Trd, 4319252.643, 102
Trd, 4319254.443, 69
Trd, 4319254.743, 67
Trd, 4319254.943, 73
Trd, 4319255.543, 86
Trd, 4319255.943, 103
Trd, 4319257.293, 139
Trd, 4319257.893, 83
Trd, 4319257.943, 124
Trd, 4319259.093, 82
Trd, 4319260.643, 61
Trd, 4319260.693, 99
Trd, 4319260.993, 72
Trd, 4319261.393, 60
Trd, 4319262.793, 75
Trd, 4319264.093, 65
Trd, 4319264.143, 78
Trd, 4319265.043, 61
Trd, 4319265.643, 66
Trd, 4319265.943, 68
Trd, 4319266.793, 100
Trd, 4319267.693, 90
Trd, 4319268.443, 131
Trd, 4319268.943, 104
Trd, 4319269.243, 95
Trd, 4319269.943, 69
Trd, 4319270.543, 64
Trd, 4319271.543, 62
Trd, 4319271.743, 119
Trd, 4319272.293, 110
Trd, 4319272.693, 117
Trd, 4319274.693, 113
Trd, 4319275.343, 113
Trd, 4319275.493, 109
Trd, 4319275.593, 92
Trd, 4319275.893, 73
Trd, 4319276.193, 101
Trd, 4319276.843, 77
Trd, 4319277.693, 134
Trd, 4319277.843, 125
Trd, 4319278.193, 116
Trd, 4319278.493, 88
Trd, 4319279.343, 107
Trd, 4319280.193, 116
Trd, 4319280.293, 111
Trd, 4319282.793, 90
Trd, 4319283.243, 109
Trd, 4319284.893, 126
Trd, 4319285.243, 104
Trd, 4319285.793, 126
Trd, 4319286.043, 127
Trd, 4319286.943, 99
Trd, 4319287.393, 90
Trd, 4319288.043, 89
Trd, 4319289.593, 64
Trd, 4319291.243, 134
Trd, 4319291.443, 131
Trd, 4319291.693, 98
Trd, 4319292.343, 139
Trd, 4319292.793, 127
Trd, 4319293.543, 117
Trd, 4319293.743, 118
Trd, 4319294.493, 117
Trd, 4319294.693, 85
Trd, 4319295.643, 119
Trd, 4319296.443, 127
Trd, 4319296.893, 84
Trd, 4319297.943, 71
Trd, 4319298.093, 61
Trd, 4319298.843, 90
Trd, 4319299.293, 75
Trd, 4319301.043, 63
Trd, 4319301.243, 68
Trd, 4319301.743, 60
Trd, 4319302.293, 69
Trd, 4319303.743, 125
Trd, 4319303.893, 124
Trd, 4319304.943, 109
Trd, 4319305.493, 139
Trd, 4319306.693, 104
Trd, 4319306.943, 103
Trd, 4319307.393, 84
Trd, 4319308.193, 115
Trd, 4319308.493, 103
Trd, 4319309.993, 112
Trd, 4319310.543, 139
Trd, 4319311.093, 94
Trd, 4319311.993, 99
Trd, 4319313.393, 138
Trd, 4319313.743, 138
Trd, 4319314.293, 126
Trd, 4319314.943, 97
Trd, 4319315.843, 126
Trd, 4319317.343, 136
Trd, 4319317.443, 117
Trd, 4319318.443, 106
Trd, 4319318.543, 115
Trd, 4319319.293, 91
Trd, 4319320.043, 72
Trd, 4319320.393, 123
Trd, 4319321.143, 62
Trd, 4319322.893, 68
Trd, 4319323.493, 79
Trd, 4319324.043, 77
Trd, 4319324.243, 74
Trd, 4319326.493, 64
Trd, 4319327.243, 79
Trd, 4319328.043, 70
Trd, 4319328.143, 70
Trd, 4319328.343, 67
Trd, 4319328.693, 80
Trd, 4319329.243, 78
Trd, 4319329.493, 119
Trd, 4319330.293, 101
Trd, 4319330.943, 105
Trd, 4319331.593, 117
Trd, 4319332.693, 133
Trd, 4319334.843, 115
Trd, 4319335.993, 108
Trd, 4319336.143, 138
Trd, 4319336.493, 126
Trd, 4319336.693, 138
Trd, 4319337.243, 104
Trd, 4319337.593, 101
Trd, 4319337.743, 94
Trd, 4319337.893, 125
Trd, 4319337.943, 74
Trd, 4319338.843, 137
Trd, 4319338.893, 113
Trd, 4319339.693, 112
Trd, 4319339.943, 108
Trd, 4319342.543, 125
Trd, 4319342.993, 113
Trd, 4319343.393, 97
Trd, 4319343.893, 95
Trd, 4319343.943, 83
Trd, 4319345.443, 98
Trd, 4319346.243, 103
Trd, 4319346.943, 140
Trd, 4319347.293, 110
Trd, 4319347.893, 115
Trd, 4319348.193, 109
Trd, 4319348.593, 117
Trd, 4319349.143, 73
Trd, 4319349.593, 62
Trd, 4319349.893, 136
Trd, 4319351.393, 102
Trd, 4319352.193, 78
Trd, 4319353.193, 115
Trd, 4319354.393, 95
Trd, 4319354.443, 92
Trd, 4319354.493, 85
Trd, 4319355.843, 68
Trd, 4319356.443, 68
Trd, 4319356.593, 85
Trd, 4319357.443, 117
Trd, 4319357.993, 112
Trd, 4319358.743, 115
Trd, 4319359.993, 72
Trd, 4319360.793, 63
Trd, 4319361.543, 65
Trd, 4319362.193, 69
Trd, 4319362.343, 71
Trd, 4319362.793, 90
Trd, 4319363.643, 117
Trd, 4319364.243, 93
Trd, 4319364.293, 70
Trd, 4319365.693, 103
Trd, 4319366.043, 99
Trd, 4319367.293, 111
Trd, 4319367.493, 82
Trd, 4319367.893, 92
Trd, 4319368.843, 123
Trd, 4319369.043, 120
Trd, 4319370.043, 112
Trd, 4319370.243, 95
Trd, 4319371.943, 124
Trd, 4319372.743, 92
Trd, 4319373.543, 100
Trd, 4319373.743, 79
Trd, 4319375.143, 129
Trd, 4319375.443, 100
Trd, 4319376.243, 126
Trd, 4319376.643, 121
Trd, 4319377.043, 121
Trd, 4319378.493, 100
Trd, 4319378.693, 99
Trd, 4319379.243, 96
Trd, 4319379.293, 107
Trd, 4319379.643, 109
Trd, 4319382.443, 102
Trd, 4319382.543, 103
Trd, 4319383.343, 64
Trd, 4319383.393, 74
Trd, 4319383.893, 61
Trd, 4319385.793, 110
Trd, 4319385.993, 106
Trd, 4319387.693, 98
Trd, 4319387.743, 99
Trd, 4319388.043, 96
Trd, 4319388.443, 89
Trd, 4319388.993, 115
Trd, 4319389.393, 108
Trd, 4319389.693, 76
Trd, 4319390.793, 108
Trd, 4319391.343, 113
Trd, 4319391.443, 103
Trd, 4319392.143, 134
Trd, 4319393.143, 100
Trd, 4319394.143, 98
Trd, 4319395.193, 114
Trd, 4319395.493, 86
Trd, 4319396.293, 123
Trd, 4319396.393, 75
Trd, 4319397.243, 78
Trd, 4319397.993, 64
Trd, 4319398.343, 67
Trd, 4319399.193, 68
Trd, 4319401.543, 96
Trd, 4319401.943, 122
Trd, 4319401.993, 84
Trd, 4319402.393, 100
Trd, 4319402.543, 73
Trd, 4319403.443, 65
Trd, 4319403.893, 76
Trd, 4319404.193, 67
Trd, 4319404.593, 74
Trd, 4319405.343, 80
Trd, 4319407.243, 112
Trd, 4319408.143, 90
Trd, 4319408.193, 73
Trd, 4319408.993, 122
Trd, 4319409.093, 117
Trd, 4319409.743, 74
Trd, 4319410.793, 86
Trd, 4319411.893, 98
Trd, 4319412.443, 119
Trd, 4319412.943, 116
Trd, 4319413.043, 114
Trd, 4319413.493, 138
Trd, 4319414.043, 129
Trd, 4319414.543, 105
Trd, 4319415.043, 61
Trd, 4319415.493, 73
Trd, 4319416.343, 71
Trd, 4319417.693, 62
Trd, 4319417.843, 96
Trd, 4319418.193, 66
Trd, 4319419.043, 71
Trd, 4319419.843, 87
Trd, 4319419.993, 90
Trd, 4319420.643, 83
Trd, 4319420.693, 73
Trd, 4319422.293, 136
Trd, 4319422.643, 127
Trd, 4319424.143, 90
Trd, 4319424.193, 125
Trd, 4319424.443, 88
Trd, 4319424.943, 87
Trd, 4319425.543, 129
Trd, 4319426.843, 139
Trd, 4319427.943, 137
Trd, 4319428.493, 110
Trd, 4319428.893, 81
Trd, 4319429.493, 95
Trd, 4319429.893, 81
Trd, 4319430.143, 99
Trd, 4319430.843, 77
Trd, 4319430.993, 87
Trd, 4319432.443, 67
Trd, 4319433.093, 64
Trd, 4319433.943, 136
Trd, 4319434.493, 82
Trd, 4319436.593, 61
Trd, 4319436.993, 60
Trd, 4319437.393, 62
Trd, 4319437.743, 79
Trd, 4319439.493, 140
Trd, 4319439.593, 133
Trd, 4319439.643, 104
Trd, 4319441.693, 125
Trd, 4319441.993, 93
Trd, 4319442.693, 128
Trd, 4319442.893, 98
Trd, 4319443.593, 87
Trd, 4319443.943, 74
Trd, 4319444.393, 112
Trd, 4319444.693, 64
Trd, 4319444.993, 99
Trd, 4319445.693, 104
Trd, 4319445.743, 97
Trd, 4319446.093, 95
Trd, 4319447.593, 111
Trd, 4319448.443, 107
Trd, 4319448.593, 102
Trd, 4319451.243, 138
Trd, 4319452.143, 123
Trd, 4319452.193, 86
Trd, 4319453.443, 112
Trd, 4319453.843, 109
Trd, 4319454.993, 115
Trd, 4319455.643, 124
Trd, 4319455.743, 104
Trd, 4319456.943, 116
Trd, 4319458.443, 93
Trd, 4319459.043, 93
Trd, 4319459.343, 106
Trd, 4319459.893, 129
Trd, 4319460.893, 98
Trd, 4319461.493, 97
Trd, 4319461.993, 77
Trd, 4319462.193, 106
Trd, 4319464.243, 60
Trd, 4319464.293, 81
Trd, 4319464.493, 69
Trd, 4319466.243, 93
Trd, 4319466.393, 89
Trd, 4319466.843, 71
Trd, 4319467.143, 77
Trd, 4319467.493, 117
Trd, 4319468.593, 135
Trd, 4319468.943, 121
Trd, 4319469.893, 92
Trd, 4319471.143, 85
Trd, 4319472.143, 95
Trd, 4319472.693, 77
Trd, 4319472.843, 77
Trd, 4319475.393, 102
Trd, 4319475.543, 88
Trd, 4319476.143, 102
Trd, 4319476.293, 116
Trd, 4319476.793, 85
Trd, 4319478.743, 134
Trd, 4319478.893, 124
Trd, 4319479.843, 98
Trd, 4319480.193, 69
Trd, 4319480.293, 121
Trd, 4319480.593, 74
Trd, 4319481.293, 70
Trd, 4319482.093, 69
Trd, 4319482.443, 85
Trd, 4319483.393, 65
Trd, 4319484.543, 72
Trd, 4319485.243, 63
Trd, 4319485.593, 110
Trd, 4319486.643, 85
Trd, 4319486.843, 69
Trd, 4319488.293, 85
Trd, 4319489.593, 123
Trd, 4319489.643, 88
Trd, 4319489.843, 87
Trd, 4319490.293, 73
Trd, 4319491.843, 86
Trd, 4319491.993, 72
Trd, 4319493.043, 83
Trd, 4319493.593, 64
Trd, 4319494.043, 90
Trd, 4319494.393, 89
Trd, 4319495.893, 65
Trd, 4319496.193, 67
Trd, 4319496.643, 73
Trd, 4319499.193, 65
Trd, 4319499.343, 88
Trd, 4319499.393, 90
Trd, 4319499.643, 132
Trd, 4319500.743, 107
Trd, 4319500.893, 81
Trd, 4319501.993, 109
Trd, 4319503.043, 76
Trd, 4319503.893, 105
Trd, 4319504.643, 82
Trd, 4319505.193, 115
Trd, 4319505.293, 113
Trd, 4319506.093, 117
Trd, 4319506.743, 86
Trd, 4319507.993, 61
Trd, 4319508.093, 70
Trd, 4319508.943, 100
Trd, 4319509.443, 128
Trd, 4319510.193, 90
Trd, 4319510.543, 115
Trd, 4319511.193, 120
Trd, 4319511.793, 108
Trd, 4319512.193, 126
Trd, 4319512.393, 82
Trd, 4319514.993, 125
Trd, 4319515.243, 125
Trd, 4319515.393, 120
Trd, 4319516.143, 111
Trd, 4319517.243, 132
Trd, 4319517.543, 124
Trd, 4319518.343, 119
Trd, 4319519.493, 87
Trd, 4319519.543, 84
Trd, 4319519.943, 117
Trd, 4319520.793, 126
Trd, 4319522.093, 140
Trd, 4319522.343, 104
Trd, 4319523.943, 131
Trd, 4319524.143, 106
Trd, 4319525.043, 111
Trd, 4319526.343, 95
Trd, 4319526.543, 111
Trd, 4319527.143, 109
Trd, 4319527.593, 131
Trd, 4319527.793, 66
Trd, 4319528.493, 139
Trd, 4319531.243, 122
Trd, 4319531.593, 101
Trd, 4319531.893, 124
Trd, 4319532.293, 100
Trd, 4319532.393, 95
Trd, 4319532.493, 94
Trd, 4319533.393, 81
Trd, 4319534.743, 66
Trd, 4319535.843, 70
Trd, 4319536.293, 94
Trd, 4319537.143, 84
Trd, 4319538.493, 127
Trd, 4319538.843, 122
Trd, 4319539.493, 112
Trd, 4319540.093, 124
Trd, 4319540.493, 105
Trd, 4319540.743, 98
Trd, 4319541.043, 97
Trd, 4319541.093, 88
Trd, 4319542.693, 61
Trd, 4319543.043, 65
Trd, 4319543.643, 119
Trd, 4319544.743, 89
Trd, 4319545.293, 66
Trd, 4319546.243, 124
Trd, 4319546.393, 97
Trd, 4319547.693, 131
Trd, 4319547.893, 119
Trd, 4319548.293, 69
Trd, 4319548.443, 62
Trd, 4319549.743, 116
Trd, 4319550.443, 131
Trd, 4319551.143, 94
Trd, 4319551.243, 92
Trd, 4319551.643, 91
Trd, 4319551.693, 126
Trd, 4319552.093, 121
Trd, 4319553.443, 65
Trd, 4319553.993, 83
Trd, 4319555.393, 100
Trd, 4319555.643, 113
Trd, 4319556.493, 79
Trd, 4319556.893, 86
Trd, 4319557.143, 93
Trd, 4319558.643, 66
Trd, 4319559.093, 73
Trd, 4319559.643, 74
Trd, 4319560.293, 140
Trd, 4319560.343, 133
Trd, 4319560.643, 87
Trd, 4319561.443, 130
Trd, 4319562.543, 62
Trd, 4319562.893, 66
Trd, 4319563.693, 74
Trd, 4319564.093, 64
Trd, 4319564.443, 78
Trd, 4319565.893, 96
Trd, 4319566.143, 106
Trd, 4319568.343, 95
Trd, 4319568.693, 125
Trd, 4319568.893, 109
Trd, 4319570.343, 126
Trd, 4319570.843, 120
Trd, 4319571.093, 103
Trd, 4319572.093, 123
Trd, 4319572.893, 89
Trd, 4319573.843, 115
Trd, 4319573.893, 81
Trd, 4319574.993, 66
Trd, 4319575.643, 80
Trd, 4319575.893, 77
Trd, 4319576.493, 83
Trd, 4319577.443, 111
Trd, 4319578.043, 80
Trd, 4319578.843, 122
Trd, 4319580.043, 113
Trd, 4319580.493, 121
Trd, 4319581.393, 120
Trd, 4319581.693, 85
Trd, 4319581.943, 76
Trd, 4319582.443, 139
Trd, 4319583.093, 106
Trd, 4319584.343, 134
Trd, 4319584.593, 132
Trd, 4319585.643, 131
Trd, 4319585.743, 85
Trd, 4319585.993, 85
Trd, 4319587.243, 105
Trd, 4319587.443, 90
Trd, 4319588.743, 77
Trd, 4319591.443, 123
Trd, 4319592.193, 90
Trd, 4319592.243, 87
Trd, 4319592.543, 73
Trd, 4319593.693, 125
Trd, 4319593.743, 116
Trd, 4319594.093, 90
Trd, 4319594.493, 86
Trd, 4319594.993, 124
Trd, 4319595.293, 74
Trd, 4319597.543, 128
Trd, 4319597.593, 123
Trd, 4319597.943, 118
Trd, 4319598.843, 130
Trd, 4319600.293, 91
Trd, 4319600.793, 140
Trd, 4319600.993, 85
Trd, 4319602.343, 106
Trd, 4319602.593, 103
Trd, 4319602.693, 99
Trd, 4319603.293, 71
Trd, 4319603.893, 130
Trd, 4319604.543, 93
Trd, 4319605.993, 95
Trd, 4319607.043, 88
Trd, 4319607.193, 131
Trd, 4319607.343, 85
Trd, 4319607.643, 84
Trd, 4319607.893, 103
Trd, 4319608.993, 123
Trd, 4319609.343, 118
Trd, 4319609.943, 102
Trd, 4319610.243, 94
Trd, 4319610.743, 112
Trd, 4319611.443, 95
Trd, 4319611.543, 87
Trd, 4319612.443, 74
Trd, 4319614.343, 134
Trd, 4319614.993, 83
Trd, 4319615.493, 71
Trd, 4319615.993, 93
Trd, 4319616.593, 95
Trd, 4319616.943, 113
Trd, 4319617.293, 128
Trd, 4319617.843, 109
Trd, 4319618.343, 128
Trd, 4319619.243, 122
Trd, 4319621.193, 104
Trd, 4319621.343, 99
Trd, 4319621.393, 95
Trd, 4319622.943, 109
Trd, 4319623.343, 108
Trd, 4319623.743, 126
Trd, 4319624.693, 119
Trd, 4319626.393, 126
Trd, 4319626.693, 102
Trd, 4319626.843, 92
Trd, 4319628.193, 115
Trd, 4319628.243, 111
Trd, 4319628.343, 93
Trd, 4319628.443, 111
Trd, 4319628.843, 87
Trd, 4319629.193, 61
Trd, 4319630.443, 61
Trd, 4319630.493, 75
Trd, 4319631.393, 72
Trd, 4319631.893, 80
Trd, 4319631.943, 83
Trd, 4319633.243, 126
Trd, 4319633.393, 121
Trd, 4319634.893, 126
Trd, 4319635.193, 102
Trd, 4319636.793, 130
Trd, 4319638.543, 123
Trd, 4319638.593, 121
Trd, 4319638.893, 129
Trd, 4319639.343, 95
Trd, 4319639.843, 92
Trd, 4319640.693, 60
Trd, 4319641.143, 75
Trd, 4319642.193, 88
Trd, 4319643.293, 125
Trd, 4319644.093, 131
Trd, 4319644.743, 98
Trd, 4319644.843, 95
Trd, 4319645.193, 99
Trd, 4319645.393, 117
Trd, 4319645.593, 83
Trd, 4319646.443, 111
Trd, 4319648.143, 67
Trd, 4319648.993, 126
Trd, 4319649.393, 108
Trd, 4319649.843, 89
Trd, 4319650.243, 71
Trd, 4319651.043, 61
Trd, 4319652.143, 72
Trd, 4319652.193, 74
Trd, 4319653.693, 66
Trd, 4319654.343, 74
Trd, 4319655.043, 124
Trd, 4319656.393, 124
Trd, 4319656.543, 119
Trd, 4319656.643, 85
Trd, 4319657.793, 62
Trd, 4319658.543, 70
Trd, 4319659.543, 90
Trd, 4319659.843, 110
Trd, 4319660.743, 73
Trd, 4319661.293, 104
Trd, 4319662.193, 115
Trd, 4319662.443, 125
Trd, 4319662.993, 109
Trd, 4319665.243, 64
Trd, 4319666.293, 60
Trd, 4319666.443, 60
Trd, 4319667.493, 63
Trd, 4319667.843, 61
Trd, 4319668.743, 128
Trd, 4319669.543, 116
Trd, 4319669.693, 110
Trd, 4319670.143, 118
Trd, 4319670.393, 106
Trd, 4319671.343, 113
Trd, 4319671.443, 112
Trd, 4319672.343, 92
Trd, 4319672.943, 89
Trd, 4319673.893, 112
Trd, 4319674.643, 99
Trd, 4319675.043, 91
Trd, 4319676.743, 92
Trd, 4319676.893, 103
Trd, 4319677.293, 74
Trd, 4319677.743, 137
Trd, 4319678.593, 132
Trd, 4319679.643, 108
Trd, 4319679.993, 106
Trd, 4319680.543, 115
Trd, 4319680.643, 82
Trd, 4319681.393, 64
Trd, 4319681.543, 69
Trd, 4319682.293, 109
Trd, 4319683.443, 67
Trd, 4319684.193, 61
Trd, 4319684.743, 63
Trd, 4319686.193, 77
Trd, 4319686.743, 75
Trd, 4319687.043, 74
Trd, 4319687.993, 60
Trd, 4319688.293, 81
Trd, 4319688.843, 90
Trd, 4319689.093, 63
Trd, 4319689.443, 110
Trd, 4319690.743, 73
Trd, 4319692.293, 60
Trd, 4319692.393, 60
Trd, 4319693.493, 63
Trd, 4319694.743, 66
Trd, 4319695.393, 63
Trd, 4319695.593, 100
Trd, 4319696.243, 100
Trd, 4319696.443, 60
Trd, 4319696.643, 68
Trd, 4319697.293, 112
Trd, 4319697.343, 109
Trd, 4319699.143, 98
Trd, 4319699.343, 97
Trd, 4319700.043, 113
Trd, 4319700.393, 73
Trd, 4319700.743, 124
Trd, 4319701.193, 114
Trd, 4319701.443, 80
Trd, 4319702.743, 78
Trd, 4319703.293, 96
Trd, 4319703.343, 103
Trd, 4319704.593, 64
Trd, 4319704.943, 66
Trd, 4319706.243, 64
Trd, 4319706.643, 72
Trd, 4319707.043, 121
Trd, 4319707.993, 63
Trd, 4319708.343, 63
Trd, 4319710.143, 63
Trd, 4319711.293, 95
Trd, 4319712.293, 109
Trd, 4319713.393, 111
Trd, 4319715.443, 135
Trd, 4319715.543, 132
Trd, 4319715.843, 127
Trd, 4319716.043, 127
Trd, 4319716.193, 93
Trd, 4319716.443, 74
Trd, 4319716.643, 91
Trd, 4319717.943, 114
Trd, 4319719.143, 104
Trd, 4319719.243, 93
Trd, 4319720.343, 92
Trd, 4319721.643, 61
Trd, 4319722.193, 65
Trd, 4319722.993, 63
Trd, 4319723.393, 72
Trd, 4319723.693, 66
Trd, 4319724.243, 75
Trd, 4319724.743, 76
Trd, 4319725.493, 62
Trd, 4319726.593, 109
Trd, 4319726.893, 90
Trd, 4319726.993, 63
Trd, 4319728.143, 112
Trd, 4319728.693, 60
Trd, 4319728.993, 74
Trd, 4319730.793, 87
Trd, 4319730.993, 113
Trd, 4319731.593, 125
Trd, 4319731.993, 128
Trd, 4319732.243, 124
Trd, 4319732.743, 107
Trd, 4319733.143, 103
Trd, 4319734.743, 109
Trd, 4319735.293, 93
Trd, 4319736.593, 75
Trd, 4319736.643, 63
Trd, 4319737.893, 139
Trd, 4319737.993, 131
Trd, 4319738.293, 125
Trd, 4319738.893, 114
Trd, 4319739.743, 77
Trd, 4319739.993, 96
Trd, 4319740.693, 61
Trd, 4319740.743, 91
Trd, 4319741.793, 90
Trd, 4319742.043, 103
Trd, 4319744.843, 86
Trd, 4319744.993, 88
Trd, 4319746.493, 121
Trd, 4319747.043, 136
Trd, 4319747.193, 116
Trd, 4319748.343, 80
Trd, 4319748.993, 85
Trd, 4319749.943, 116
Trd, 4319750.293, 123
Trd, 4319750.693, 118
Trd, 4319750.893, 111
Trd, 4319751.493, 126
Trd, 4319752.743, 82
Trd, 4319752.943, 70
Trd, 4319753.493, 73
Trd, 4319753.843, 68
Trd, 4319754.843, 76
Trd, 4319755.993, 88
Trd, 4319756.193, 84
Trd, 4319756.943, 81
Trd, 4319758.743, 118
Trd, 4319758.793, 109
Trd, 4319759.243, 102
Trd, 4319760.193, 125
Trd, 4319760.443, 96
Trd, 4319761.043, 76
Trd, 4319762.093, 68
Trd, 4319762.843, 86
Trd, 4319762.893, 96
Trd, 4319763.243, 139
Trd, 4319764.443, 92
Trd, 4319764.943, 91
Trd, 4319765.543, 105
Trd, 4319767.043, 105
Trd, 4319767.593, 123
Trd, 4319767.693, 97
Trd, 4319768.143, 75
Trd, 4319769.243, 99
Trd, 4319769.943, 101
Trd, 4319770.493, 128
Trd, 4319770.593, 115
Trd, 4319771.793, 104
Trd, 4319772.093, 100
Trd, 4319772.243, 99
Trd, 4319772.693, 100
Trd, 4319773.493, 110
Trd, 4319773.893, 88
Trd, 4319774.193, 67
Trd, 4319774.443, 66
Trd, 4319775.943, 111
Trd, 4319777.393, 86
Trd, 4319778.293, 60
Trd, 4319778.843, 66
Trd, 4319779.443, 63
Trd, 4319780.593, 116
Trd, 4319781.243, 139
Trd, 4319781.693, 116
Trd, 4319781.793, 102
Trd, 4319782.743, 98
Trd, 4319784.193, 90
Trd, 4319784.293, 74
Trd, 4319784.393, 113
Trd, 4319785.243, 62
Trd, 4319786.393, 93
Trd, 4319787.893, 89
Trd, 4319787.993, 87
Trd, 4319788.493, 93
Trd, 4319788.693, 73
Trd, 4319789.643, 122
Trd, 4319790.043, 120
Trd, 4319790.493, 119
Trd, 4319791.943, 117
Trd, 4319792.243, 102
Trd, 4319793.093, 128
Trd, 4319793.993, 120
Trd, 4319795.243, 122
Trd, 4319795.343, 109
Trd, 4319796.043, 102
Trd, 4319796.943, 95
Trd, 4319797.993, 93
Trd, 4319798.043, 73
Trd, 4319799.443, 136
Trd, 4319799.643, 128
Trd, 4319799.843, 106
Trd, 4319799.893, 106
Trd, 4319802.143, 125
Trd, 4319802.343, 103
Trd, 4319802.793, 122
Trd, 4319803.093, 101
Trd, 4319804.243, 97
Trd, 4319804.943, 96
Trd, 4319806.043, 112
Trd, 4319806.193, 94
Trd, 4319806.993, 94
Trd, 4319807.093, 90
Trd, 4319807.443, 85
Trd, 4319807.893, 80
Trd, 4319809.643, 96
Trd, 4319809.993, 78
Trd, 4319810.093, 81
Trd, 4319811.543, 109
Trd, 4319812.193, 117
Trd, 4319812.343, 123
Trd, 4319812.843, 96
Trd, 4319813.693, 111
Trd, 4319814.043, 88
Trd, 4319815.493, 128
Trd, 4319815.643, 127
Trd, 4319817.693, 137
Trd, 4319818.093, 127
Trd, 4319818.443, 127
Trd, 4319818.543, 96
Trd, 4319818.743, 88
Trd, 4319818.793, 83
Trd, 4319820.993, 108
Trd, 4319822.643, 85
Trd, 4319822.893, 120
Trd, 4319823.193, 98
Trd, 4319824.793, 121
Trd, 4319825.193, 90
Trd, 4319825.743, 114
Trd, 4319826.593, 118
Trd, 4319826.743, 115
Trd, 4319826.943, 87
Trd, 4319827.593, 132
Trd, 4319827.643, 117
Trd, 4319828.093, 108
Trd, 4319829.243, 89
Trd, 4319829.943, 85
Trd, 4319830.343, 132
Trd, 4319830.643, 79
Trd, 4319830.943, 78
Trd, 4319832.493, 61
Trd, 4319833.843, 89
Trd, 4319833.993, 73
Trd, 4319834.293, 118
Trd, 4319834.443, 78
Trd, 4319834.843, 64
Trd, 4319837.093, 61
Trd, 4319837.243, 64
Trd, 4319837.743, 65
Trd, 4319837.843, 97
Trd, 4319838.543, 61
Trd, 4319839.343, 86
Trd, 4319840.443, 93
Trd, 4319840.693, 63
Trd, 4319842.293, 83
Trd, 4319842.393, 80
Trd, 4319842.893, 67
Trd, 4319843.993, 94
Trd, 4319844.443, 90
Trd, 4319844.843, 75
Trd, 4319845.143, 130
Trd, 4319846.243, 113
Trd, 4319846.843, 115
Trd, 4319847.793, 91
Trd, 4319848.543, 93
Trd, 4319848.893, 96
Trd, 4319849.043, 87
Trd, 4319849.593, 76
Trd, 4319851.093, 128
Trd, 4319852.543, 135
Trd, 4319852.843, 104
Trd, 4319853.093, 120
Trd, 4319854.943, 102
Trd, 4319855.243, 107
Trd, 4319855.893, 102
Trd, 4319856.593, 132
Trd, 4319857.043, 105
Trd, 4319857.493, 114
Trd, 4319857.793, 121
Trd, 4319858.293, 95
Trd, 4319859.343, 88
Trd, 4319859.943, 77
Trd, 4319860.643, 95
Trd, 4319860.943, 81
Trd, 4319861.343, 80
Trd, 4319862.293, 71
Trd, 4319862.493, 67
Trd, 4319862.893, 100
Trd, 4319864.343, 135
Trd, 4319864.393, 117
Trd, 4319864.743, 106
Trd, 4319865.343, 111
Trd, 4319865.643, 90
Trd, 4319866.693, 85
Trd, 4319867.343, 69
Trd, 4319867.593, 108
Trd, 4319869.343, 69
Trd, 4319869.993, 60
Trd, 4319870.143, 61
Trd, 4319871.343, 83
Trd, 4319871.743, 86
Trd, 4319872.943, 80
Trd, 4319873.893, 111
Trd, 4319874.743, 106
Trd, 4319875.043, 112
Trd, 4319875.743, 105
Trd, 4319876.193, 93
Trd, 4319876.643, 66
Trd, 4319877.543, 95
Trd, 4319877.843, 87
Trd, 4319878.993, 69
Trd, 4319879.043, 64
Trd, 4319879.843, 100
Trd, 4319880.093, 97
Trd, 4319880.593, 72
Trd, 4319881.593, 80
Trd, 4319881.743, 97
Trd, 4319884.143, 111
Trd, 4319884.493, 123
Trd, 4319886.393, 112
Trd, 4319886.693, 137
Trd, 4319887.743, 130
Trd, 4319888.843, 116
Trd, 4319889.343, 129
Trd, 4319889.593, 133
Trd, 4319889.643, 126
Trd, 4319891.343, 133
Trd, 4319891.493, 103
Trd, 4319893.043, 127
Trd, 4319893.343, 125
Trd, 4319894.543, 116
Trd, 4319894.943, 116
Trd, 4319895.893, 102
Trd, 4319895.993, 89
Trd, 4319897.393, 140
Trd, 4319897.993, 131
Trd, 4319898.393, 126
Trd, 4319898.493, 109
Trd, 4319899.493, 82
Trd, 4319899.643, 71
Trd, 4319901.243, 132
Trd, 4319901.593, 92
Trd, 4319901.943, 96
Trd, 4319902.243, 78
Trd, 4319903.643, 104
Trd, 4319904.643, 102
Trd, 4319905.343, 110
Trd, 4319905.443, 113
Trd, 4319905.593, 107
Trd, 4319905.793, 122
Trd, 4319906.843, 62
Trd, 4319906.943, 97
Trd, 4319908.043, 68
Trd, 4319908.293, 103
Trd, 4319908.493, 100
Trd, 4319908.793, 99
Trd, 4319910.043, 74
Trd, 4319910.693, 93
Trd, 4319913.243, 111
Trd, 4319913.343, 105
Trd, 4319913.393, 104
Trd, 4319913.693, 103
Trd, 4319913.793, 86
Trd, 4319914.343, 96
Trd, 4319914.393, 93
Trd, 4319914.493, 86
Trd, 4319915.543, 67
Trd, 4319917.243, 62
Trd, 4319918.643, 67
Trd, 4319918.943, 83
Trd, 4319919.193, 84
Trd, 4319920.743, 68
Trd, 4319921.593, 62
Trd, 4319922.043, 115
Trd, 4319923.643, 111
Trd, 4319924.243, 123
Trd, 4319924.293, 108
Trd, 4319924.643, 116
Trd, 4319924.743, 111
Trd, 4319925.443, 95
Trd, 4319925.693, 71
Trd, 4319926.743, 83
Trd, 4319927.093, 68
Trd, 4319928.343, 92
Trd, 4319929.443, 112
Trd, 4319929.693, 89
Trd, 4319930.643, 133
Trd, 4319930.843, 77
Trd, 4319931.293, 88
Trd, 4319931.743, 65
Trd, 4319932.793, 122
Trd, 4319933.093, 120
Trd, 4319934.643, 95
Trd, 4319934.793, 110
Trd, 4319936.343, 71
Trd, 4319936.443, 76
Trd, 4319937.093, 100
Trd, 4319937.393, 75
Trd, 4319937.543, 97
Trd, 4319938.393, 108
Trd, 4319939.343, 87
Trd, 4319939.743, 62
Trd, 4319940.993, 60
Trd, 4319941.743, 81
Trd, 4319941.793, 95
Trd, 4319942.343, 87
Trd, 4319943.993, 94
Trd, 4319944.643, 98
Trd, 4319945.243, 102
Trd, 4319945.493, 94
Trd, 4319947.893, 106
Trd, 4319948.643, 97
Trd, 4319949.293, 104
Trd, 4319949.743, 107
Trd, 4319950.343, 102
Trd, 4319951.143, 122
Trd, 4319952.143, 118
Trd, 4319952.643, 102
Trd, 4319952.993, 84
Trd, 4319953.643, 82
Trd, 4319954.493, 69
Trd, 4319955.243, 63
Trd, 4319955.893, 78
Trd, 4319955.943, 83
Trd, 4319956.293, 70
Trd, 4319957.093, 64
Trd, 4319958.743, 73
Trd, 4319959.993, 84
Trd, 4319960.543, 126
Trd, 4319960.693, 90
Trd, 4319960.793, 77
Trd, 4319960.943, 115
Trd, 4319962.543, 75
Trd, 4319962.593, 65
Trd, 4319964.393, 92
Trd, 4319964.643, 78
Trd, 4319964.793, 95
Trd, 4319965.393, 99
Trd, 4319965.943, 106
Trd, 4319966.393, 113
Trd, 4319967.143, 107
Trd, 4319967.743, 94
Trd, 4319968.243, 87
Trd, 4319968.593, 82
Trd, 4319969.093, 77
Trd, 4319969.293, 104
Trd, 4319969.843, 81
Trd, 4319970.643, 60
Trd, 4319972.243, 113
Trd, 4319972.393, 96
Trd, 4319972.643, 92
Trd, 4319973.093, 90
Trd, 4319973.193, 62
Trd, 4319975.243, 121
Trd, 4319975.293, 108
Trd, 4319975.593, 76
Trd, 4319976.893, 61
Trd, 4319976.943, 80
Trd, 4319977.693, 113
Trd, 4319978.293, 67
Trd, 4319978.793, 72
Trd, 4319979.093, 83
Trd, 4319981.243, 62
Trd, 4319982.343, 111
Trd, 4319982.593, 67
Trd, 4319982.993, 77
Trd, 4319984.243, 114
Trd, 4319984.293, 87
Trd, 4319984.743, 73
Trd, 4319986.143, 63
Trd, 4319986.993, 81
Trd, 4319988.093, 134
Trd, 4319988.193, 72
Trd, 4319989.993, 64
Trd, 4319990.793, 61
Trd, 4319991.193, 63
Trd, 4319991.343, 72
Trd, 4319991.443, 100
Trd, 4319992.593, 81
Trd, 4319993.693, 80
Trd, 4319995.293, 62
Trd, 4319996.143, 62
Trd, 4319997.093, 62
Trd, 4319997.593, 68
Trd, 4319997.893, 64
Trd, 4319999.193, 62
