Trd, 4318039.193, 105
Trd, 4318039.293, 94
Trd, 4318040.443, 103
Trd, 4318040.843, 113
Trd, 4318041.643, 87
Trd, 4318042.243, 69
Trd, 4318044.443, 114
Trd, 4318044.893, 93
Trd, 4318047.243, 112
Trd, 4318047.443, 87
Trd, 4318048.943, 100
Trd, 4318049.593, 92
Trd, 4318049.943, 98
Trd, 4318051.093, 102
Trd, 4318052.343, 94
Trd, 4318054.243, 128
Trd, 4318054.943, 115
Trd, 4318055.843, 133
Trd, 4318056.393, 123
Trd, 4318056.643, 79
Trd, 4318057.093, 76
Trd, 4318058.593, 112
Trd, 4318058.643, 110
Trd, 4318059.843, 106
Trd, 4318060.193, 99
Trd, 4318060.693, 89
Trd, 4318063.093, 133
Trd, 4318063.643, 120
Trd, 4318064.043, 119
Trd, 4318064.543, 116
Trd, 4318065.093, 137
Trd, 4318067.143, 120
Trd, 4318071.843, 82
Trd, 4318071.943, 87
Trd, 4318072.443, 96
Trd, 4318074.343, 114
Trd, 4318074.443, 110
Trd, 4318074.593, 95
Trd, 4318074.693, 116
Trd, 4318075.093, 113
Trd, 4318075.793, 85
Trd, 4318076.893, 84
Trd, 4318077.093, 77
Trd, 4318077.393, 84
Trd, 4318079.293, 81
Trd, 4318079.343, 94
Trd, 4318080.843, 120
Trd, 4318081.393, 100
Trd, 4318083.093, 126
Trd, 4318083.693, 112
Trd, 4318085.793, 111
Trd, 4318085.893, 110
Trd, 4318086.093, 87
Trd, 4318087.993, 125
Trd, 4318089.043, 96
Trd, 4318089.343, 88
Trd, 4318090.843, 103
Trd, 4318092.093, 137
Trd, 4318092.193, 94
Trd, 4318092.843, 130
Trd, 4318093.643, 125
Trd, 4318093.793, 109
Trd, 4318095.543, 109
Trd, 4318095.693, 100
Trd, 4318096.693, 102
Trd, 4318098.743, 108
Trd, 4318099.743, 119
Trd, 4318101.593, 109
Trd, 4318101.943, 114
Trd, 4318102.593, 127
Trd, 4318102.693, 129
Trd, 4318103.443, 115
Trd, 4318103.643, 121
Trd, 4318104.843, 129
Trd, 4318105.993, 112
Trd, 4318106.993, 101
Trd, 4318107.993, 104
Trd, 4318108.293, 112
Trd, 4318109.143, 106
Trd, 4318109.993, 95
Trd, 4318110.493, 137
Trd, 4318111.443, 139
Trd, 4318111.693, 126
Trd, 4318113.993, 104
Trd, 4318114.893, 120
Trd, 4318116.443, 106
Trd, 4318118.993, 106
Trd, 4318119.193, 104
Trd, 4318119.493, 82
Trd, 4318119.593, 108
Trd, 4318119.893, 110
Trd, 4318121.793, 79
Trd, 4318121.893, 70
Trd, 4318122.493, 80
Trd, 4318122.593, 64
Trd, 4318123.143, 120
Trd, 4318126.543, 79
Trd, 4318127.693, 75
Trd, 4318128.443, 70
Trd, 4318128.693, 85
Trd, 4318129.043, 71
Trd, 4318130.543, 102
Trd, 4318133.493, 117
Trd, 4318134.143, 136
Trd, 4318135.293, 84
Trd, 4318136.543, 72
Trd, 4318137.093, 71
Trd, 4318138.043, 120
Trd, 4318140.543, 115
Trd, 4318140.993, 95
Trd, 4318141.393, 89
Trd, 4318141.843, 113
Trd, 4318143.293, 60
Trd, 4318144.343, 96
Trd, 4318144.593, 90
Trd, 4318146.143, 94
Trd, 4318146.643, 127
Trd, 4318146.993, 74
Trd, 4318147.043, 66
Trd, 4318147.193, 101
Trd, 4318148.343, 60
Trd, 4318148.993, 116
Trd, 4318150.143, 93
Trd, 4318151.343, 111
Trd, 4318151.993, 101
Trd, 4318152.993, 119
Trd, 4318154.293, 111
Trd, 4318156.493, 133
Trd, 4318157.543, 133
Trd, 4318162.343, 120
Trd, 4318162.543, 116
Trd, 4318162.843, 110
Trd, 4318163.693, 99
Trd, 4318164.743, 86
Trd, 4318164.943, 67
Trd, 4318165.143, 65
Trd, 4318165.793, 117
Trd, 4318169.093, 118
Trd, 4318169.743, 116
Trd, 4318171.093, 94
Trd, 4318171.243, 88
Trd, 4318171.643, 106
Trd, 4318172.943, 102
Trd, 4318174.143, 104
Trd, 4318174.893, 112
Trd, 4318176.943, 107
Trd, 4318177.343, 94
Trd, 4318179.393, 117
Trd, 4318180.143, 86
Trd, 4318180.793, 71
Trd, 4318181.443, 91
Trd, 4318182.043, 117
Trd, 4318182.393, 84
Trd, 4318182.893, 112
Trd, 4318183.993, 125
Trd, 4318187.343, 124
Trd, 4318188.343, 125
Trd, 4318189.543, 89
Trd, 4318189.793, 140
Trd, 4318190.193, 104
Trd, 4318191.693, 104
Trd, 4318192.343, 108
Trd, 4318192.943, 90
Trd, 4318193.393, 86
Trd, 4318194.393, 76
Trd, 4318195.493, 82
Trd, 4318195.593, 101
Trd, 4318195.743, 114
Trd, 4318198.143, 130
Trd, 4318198.893, 104
Trd, 4318199.493, 104
Trd, 4318199.543, 99
Trd, 4318201.293, 87
Trd, 4318202.343, 78
Trd, 4318202.993, 92
Trd, 4318203.093, 101
Trd, 4318203.443, 63
Trd, 4318203.743, 119
Trd, 4318204.993, 100
Trd, 4318206.593, 97
Trd, 4318208.343, 98
Trd, 4318209.093, 96
Trd, 4318209.843, 115
Trd, 4318211.193, 136
Trd, 4318212.843, 113
Trd, 4318213.593, 97
Trd, 4318213.693, 95
Trd, 4318213.943, 94
Trd, 4318216.143, 128
Trd, 4318216.393, 124
Trd, 4318216.993, 88
Trd, 4318217.093, 90
Trd, 4318217.493, 86
Trd, 4318219.443, 127
Trd, 4318219.793, 115
Trd, 4318221.693, 90
Trd, 4318222.843, 71
Trd, 4318223.893, 121
Trd, 4318223.993, 110
Trd, 4318224.443, 89
Trd, 4318226.543, 128
Trd, 4318228.693, 109
Trd, 4318229.143, 89
Trd, 4318229.793, 117
Trd, 4318230.693, 105
Trd, 4318231.643, 83
Trd, 4318232.493, 78
Trd, 4318233.943, 111
Trd, 4318234.143, 92
Trd, 4318234.743, 124
Trd, 4318235.593, 102
Trd, 4318236.843, 114
Trd, 4318237.393, 105
Trd, 4318237.693, 97
Trd, 4318238.493, 81
Trd, 4318239.293, 89
Trd, 4318239.593, 123
Trd, 4318239.643, 87
Trd, 4318241.393, 88
Trd, 4318241.493, 78
Trd, 4318242.493, 89
Trd, 4318242.893, 86
Trd, 4318242.943, 80
Trd, 4318243.243, 106
Trd, 4318245.193, 120
Trd, 4318246.043, 116
Trd, 4318247.093, 106
Trd, 4318248.093, 99
Trd, 4318248.193, 96
Trd, 4318249.393, 129
Trd, 4318251.143, 115
Trd, 4318252.443, 105
Trd, 4318252.493, 114
Trd, 4318254.093, 121
Trd, 4318254.593, 139
Trd, 4318255.693, 107
Trd, 4318255.743, 103
Trd, 4318256.793, 107
Trd, 4318257.743, 112
Trd, 4318258.793, 86
Trd, 4318259.693, 108
Trd, 4318260.943, 140
Trd, 4318261.643, 118
Trd, 4318261.843, 104
Trd, 4318262.143, 94
Trd, 4318263.843, 115
Trd, 4318264.243, 98
Trd, 4318264.743, 102
Trd, 4318264.943, 96
Trd, 4318266.043, 89
Trd, 4318268.093, 127
Trd, 4318268.543, 113
Trd, 4318268.643, 103
Trd, 4318269.993, 130
Trd, 4318271.343, 120
Trd, 4318272.393, 119
Trd, 4318272.693, 108
Trd, 4318273.793, 110
Trd, 4318274.043, 99
Trd, 4318274.443, 123
Trd, 4318275.793, 87
Trd, 4318275.843, 74
Trd, 4318276.243, 110
Trd, 4318276.993, 107
Trd, 4318278.743, 105
Trd, 4318280.343, 85
Trd, 4318280.693, 81
Trd, 4318282.093, 115
Trd, 4318282.143, 107
Trd, 4318282.543, 90
Trd, 4318282.693, 87
Trd, 4318282.843, 90
Trd, 4318286.043, 131
Trd, 4318286.293, 125
Trd, 4318286.693, 108
Trd, 4318287.893, 87
Trd, 4318289.293, 135
Trd, 4318289.893, 123
Trd, 4318290.443, 112
Trd, 4318291.093, 111
Trd, 4318291.943, 109
Trd, 4318293.143, 96
Trd, 4318294.743, 109
Trd, 4318294.793, 90
Trd, 4318295.093, 88
Trd, 4318295.493, 131
Trd, 4318296.193, 126
Trd, 4318296.643, 96
Trd, 4318297.293, 79
Trd, 4318297.993, 111
Trd, 4318299.543, 120
Trd, 4318299.593, 115
Trd, 4318300.493, 88
Trd, 4318301.893, 78
Trd, 4318302.093, 134
Trd, 4318302.543, 75
Trd, 4318304.843, 107
Trd, 4318306.643, 135
Trd, 4318307.143, 134
Trd, 4318307.743, 110
Trd, 4318308.943, 96
Trd, 4318309.193, 120
Trd, 4318310.093, 122
Trd, 4318310.243, 96
Trd, 4318312.893, 115
Trd, 4318314.293, 127
Trd, 4318314.743, 105
Trd, 4318316.593, 118
Trd, 4318319.393, 116
Trd, 4318319.493, 92
Trd, 4318319.843, 89
Trd, 4318320.843, 103
Trd, 4318322.493, 132
Trd, 4318322.543, 111
Trd, 4318322.743, 116
Trd, 4318323.093, 108
Trd, 4318323.443, 106
Trd, 4318325.093, 69
Trd, 4318325.493, 77
Trd, 4318325.643, 78
Trd, 4318326.543, 94
Trd, 4318328.293, 105
Trd, 4318328.443, 105
Trd, 4318328.943, 95
Trd, 4318329.293, 129
Trd, 4318330.293, 116
Trd, 4318332.043, 122
Trd, 4318333.343, 138
Trd, 4318333.493, 118
Trd, 4318334.393, 90
Trd, 4318335.193, 105
Trd, 4318336.393, 118
Trd, 4318336.493, 109
Trd, 4318339.243, 105
Trd, 4318339.393, 78
Trd, 4318341.043, 120
Trd, 4318341.093, 92
Trd, 4318341.793, 84
Trd, 4318342.393, 72
Trd, 4318342.493, 77
Trd, 4318344.193, 127
Trd, 4318344.643, 121
Trd, 4318344.743, 112
Trd, 4318346.993, 111
Trd, 4318347.293, 108
Trd, 4318347.843, 115
Trd, 4318348.143, 92
Trd, 4318348.943, 96
Trd, 4318350.243, 85
Trd, 4318350.843, 82
Trd, 4318352.443, 91
Trd, 4318352.743, 114
Trd, 4318352.893, 121
Trd, 4318352.943, 111
Trd, 4318354.843, 137
Trd, 4318355.743, 105
Trd, 4318356.543, 109
Trd, 4318357.843, 116
Trd, 4318358.543, 103
Trd, 4318359.443, 124
Trd, 4318359.943, 118
Trd, 4318360.343, 88
Trd, 4318362.143, 106
Trd, 4318362.743, 109
Trd, 4318363.143, 113
Trd, 4318363.593, 94
Trd, 4318365.593, 109
Trd, 4318365.893, 107
Trd, 4318365.993, 86
Trd, 4318367.393, 94
Trd, 4318367.443, 109
Trd, 4318368.743, 103
Trd, 4318369.343, 121
Trd, 4318370.143, 111
Trd, 4318371.143, 130
Trd, 4318372.343, 114
Trd, 4318374.793, 96
Trd, 4318375.593, 98
Trd, 4318376.893, 87
Trd, 4318377.093, 109
Trd, 4318377.843, 109
Trd, 4318378.193, 102
Trd, 4318378.843, 85
Trd, 4318379.793, 63
Trd, 4318381.543, 102
Trd, 4318381.643, 72
Trd, 4318382.093, 116
Trd, 4318382.593, 79
Trd, 4318382.793, 122
Trd, 4318383.043, 85
Trd, 4318384.543, 66
Trd, 4318385.243, 87
Trd, 4318386.643, 131
Trd, 4318386.693, 101
Trd, 4318387.243, 83
Trd, 4318388.093, 84
Trd, 4318388.393, 70
Trd, 4318389.493, 104
Trd, 4318390.843, 88
Trd, 4318391.193, 71
Trd, 4318392.943, 94
Trd, 4318393.443, 68
Trd, 4318393.993, 78
Trd, 4318394.943, 94
Trd, 4318395.343, 77
Trd, 4318395.943, 84
Trd, 4318397.743, 126
Trd, 4318397.793, 93
Trd, 4318398.293, 89
Trd, 4318398.643, 122
Trd, 4318398.843, 112
Trd, 4318399.093, 81
Trd, 4318400.343, 125
Trd, 4318401.043, 105
Trd, 4318402.393, 123
Trd, 4318404.343, 81
Trd, 4318405.343, 95
Trd, 4318405.643, 77
Trd, 4318406.843, 110
Trd, 4318407.693, 102
Trd, 4318408.543, 129
Trd, 4318409.193, 93
Trd, 4318410.293, 137
Trd, 4318410.393, 96
Trd, 4318410.643, 84
Trd, 4318410.793, 83
Trd, 4318411.643, 66
Trd, 4318412.293, 96
Trd, 4318413.493, 81
Trd, 4318413.943, 99
Trd, 4318415.443, 91
Trd, 4318415.993, 114
Trd, 4318417.443, 90
Trd, 4318418.943, 106
Trd, 4318421.093, 126
Trd, 4318422.743, 135
Trd, 4318423.993, 124
Trd, 4318424.543, 126
Trd, 4318425.543, 128
Trd, 4318426.793, 112
Trd, 4318427.343, 97
Trd, 4318427.943, 107
Trd, 4318428.293, 113
Trd, 4318428.743, 84
Trd, 4318431.493, 116
Trd, 4318432.443, 111
Trd, 4318433.193, 109
Trd, 4318433.693, 99
Trd, 4318434.543, 114
Trd, 4318434.893, 98
Trd, 4318436.693, 128
Trd, 4318436.893, 116
Trd, 4318438.943, 125
Trd, 4318439.593, 91
Trd, 4318439.743, 87
Trd, 4318440.093, 103
Trd, 4318440.443, 84
Trd, 4318440.643, 86
Trd, 4318442.443, 110
Trd, 4318444.093, 133
Trd, 4318444.843, 111
Trd, 4318445.593, 106
Trd, 4318446.043, 88
Trd, 4318446.143, 113
Trd, 4318446.393, 68
Trd, 4318448.743, 74
Trd, 4318449.393, 79
Trd, 4318450.093, 84
Trd, 4318450.143, 80
Trd, 4318451.143, 111
Trd, 4318452.393, 125
Trd, 4318452.793, 117
Trd, 4318453.643, 94
Trd, 4318454.093, 77
Trd, 4318455.293, 113
Trd, 4318455.843, 64
Trd, 4318456.893, 90
Trd, 4318458.093, 92
Trd, 4318458.493, 86
Trd, 4318458.693, 78
Trd, 4318459.293, 97
Trd, 4318460.443, 88
Trd, 4318461.543, 130
Trd, 4318463.293, 134
Trd, 4318463.443, 120
Trd, 4318464.243, 94
Trd, 4318465.393, 81
Trd, 4318465.543, 71
Trd, 4318466.193, 118
Trd, 4318467.493, 63
Trd, 4318467.943, 83
Trd, 4318468.343, 72
Trd, 4318468.693, 86
Trd, 4318471.493, 94
Trd, 4318473.243, 87
Trd, 4318473.543, 86
Trd, 4318473.793, 85
Trd, 4318475.543, 107
Trd, 4318477.043, 120
Trd, 4318477.093, 93
Trd, 4318477.993, 121
Trd, 4318479.343, 98
Trd, 4318480.293, 121
Trd, 4318480.743, 120
Trd, 4318483.343, 116
Trd, 4318483.393, 115
Trd, 4318484.743, 104
Trd, 4318484.943, 120
Trd, 4318485.643, 104
Trd, 4318486.393, 97
Trd, 4318488.643, 137
Trd, 4318489.193, 84
Trd, 4318489.993, 80
Trd, 4318490.443, 89
Trd, 4318490.593, 124
Trd, 4318491.043, 83
Trd, 4318491.343, 81
Trd, 4318492.943, 135
Trd, 4318494.243, 126
Trd, 4318494.293, 120
Trd, 4318495.393, 127
Trd, 4318496.893, 108
Trd, 4318497.593, 127
Trd, 4318498.093, 87
Trd, 4318499.443, 110
Trd, 4318499.593, 93
Trd, 4318501.393, 126
Trd, 4318501.543, 125
Trd, 4318501.693, 112
Trd, 4318503.143, 103
Trd, 4318504.793, 74
Trd, 4318504.893, 65
Trd, 4318505.943, 67
Trd, 4318506.493, 123
Trd, 4318506.943, 70
Trd, 4318507.893, 104
Trd, 4318508.893, 74
Trd, 4318509.993, 125
Trd, 4318512.493, 99
Trd, 4318512.593, 107
Trd, 4318513.793, 101
Trd, 4318514.393, 95
Trd, 4318514.743, 103
Trd, 4318515.243, 102
Trd, 4318516.493, 94
Trd, 4318517.243, 94
Trd, 4318517.693, 128
Trd, 4318518.043, 86
Trd, 4318518.843, 77
Trd, 4318519.493, 115
Trd, 4318519.693, 94
Trd, 4318520.443, 67
Trd, 4318521.643, 70
Trd, 4318523.093, 90
Trd, 4318525.093, 82
Trd, 4318525.343, 119
Trd, 4318526.643, 126
Trd, 4318527.443, 113
Trd, 4318527.793, 105
Trd, 4318529.743, 81
Trd, 4318530.793, 119
Trd, 4318530.943, 82
Trd, 4318533.743, 123
Trd, 4318534.943, 113
Trd, 4318535.893, 136
Trd, 4318537.043, 138
Trd, 4318537.943, 132
Trd, 4318538.443, 106
Trd, 4318539.343, 95
Trd, 4318539.993, 133
Trd, 4318540.893, 88
Trd, 4318541.693, 105
Trd, 4318542.393, 107
Trd, 4318542.993, 115
Trd, 4318543.243, 108
Trd, 4318543.943, 71
Trd, 4318544.243, 80
Trd, 4318546.143, 113
Trd, 4318546.593, 113
Trd, 4318547.043, 104
Trd, 4318548.343, 94
Trd, 4318550.093, 127
Trd, 4318551.743, 119
Trd, 4318552.843, 129
Trd, 4318553.443, 109
Trd, 4318553.793, 98
Trd, 4318554.093, 124
Trd, 4318554.643, 97
Trd, 4318557.243, 79
Trd, 4318557.593, 76
Trd, 4318557.843, 82
Trd, 4318558.493, 80
Trd, 4318558.593, 111
Trd, 4318559.643, 137
Trd, 4318561.893, 115
Trd, 4318562.593, 126
Trd, 4318562.843, 121
Trd, 4318563.193, 115
Trd, 4318563.643, 104
Trd, 4318564.743, 123
Trd, 4318566.093, 112
Trd, 4318566.493, 90
Trd, 4318567.443, 119
Trd, 4318568.293, 124
Trd, 4318568.543, 107
Trd, 4318568.843, 91
Trd, 4318568.893, 90
Trd, 4318570.743, 121
Trd, 4318571.993, 104
Trd, 4318573.393, 103
Trd, 4318575.593, 95
Trd, 4318576.793, 130
Trd, 4318576.993, 88
Trd, 4318577.693, 93
Trd, 4318578.643, 107
Trd, 4318579.243, 136
Trd, 4318579.293, 114
Trd, 4318579.343, 92
Trd, 4318581.843, 118
Trd, 4318582.643, 85
Trd, 4318583.293, 127
Trd, 4318583.793, 83
Trd, 4318584.143, 70
Trd, 4318584.443, 80
Trd, 4318586.493, 137
Trd, 4318586.543, 116
Trd, 4318588.643, 104
Trd, 4318589.143, 98
Trd, 4318589.493, 107
Trd, 4318590.143, 89
Trd, 4318590.943, 75
Trd, 4318591.193, 83
Trd, 4318591.993, 111
Trd, 4318592.493, 69
Trd, 4318594.443, 108
Trd, 4318594.493, 112
Trd, 4318595.993, 101
Trd, 4318597.293, 136
Trd, 4318597.493, 124
Trd, 4318598.893, 105
Trd, 4318599.193, 91
Trd, 4318600.093, 98
Trd, 4318601.293, 91
Trd, 4318601.743, 80
Trd, 4318604.543, 106
Trd, 4318605.343, 140
Trd, 4318605.643, 103
Trd, 4318608.043, 81
Trd, 4318608.143, 80
Trd, 4318609.093, 66
Trd, 4318609.193, 76
Trd, 4318609.743, 95
Trd, 4318611.193, 109
Trd, 4318612.443, 92
Trd, 4318612.493, 95
Trd, 4318613.493, 85
Trd, 4318613.693, 69
Trd, 4318616.493, 105
Trd, 4318616.543, 87
Trd, 4318616.643, 77
Trd, 4318618.493, 106
Trd, 4318618.793, 103
Trd, 4318618.843, 101
Trd, 4318618.993, 93
Trd, 4318619.993, 116
Trd, 4318621.343, 67
Trd, 4318621.543, 76
Trd, 4318622.293, 121
Trd, 4318624.043, 124
Trd, 4318624.293, 118
Trd, 4318624.343, 116
Trd, 4318625.343, 104
Trd, 4318625.593, 101
Trd, 4318626.793, 126
Trd, 4318628.743, 109
Trd, 4318629.343, 131
Trd, 4318629.993, 103
Trd, 4318630.493, 99
Trd, 4318632.593, 102
Trd, 4318632.893, 95
Trd, 4318635.193, 120
Trd, 4318635.593, 103
Trd, 4318635.993, 94
Trd, 4318636.593, 90
Trd, 4318637.843, 100
Trd, 4318639.643, 105
Trd, 4318639.793, 88
Trd, 4318639.993, 91
Trd, 4318640.993, 119
Trd, 4318641.543, 118
Trd, 4318642.893, 136
Trd, 4318643.493, 99
Trd, 4318644.093, 120
Trd, 4318646.393, 119
Trd, 4318646.793, 120
Trd, 4318647.793, 112
Trd, 4318647.993, 102
Trd, 4318648.493, 92
Trd, 4318649.943, 126
Trd, 4318650.843, 130
Trd, 4318652.543, 95
Trd, 4318653.043, 108
Trd, 4318653.793, 95
Trd, 4318654.393, 85
Trd, 4318654.493, 89
Trd, 4318654.993, 87
Trd, 4318656.143, 112
Trd, 4318657.143, 86
Trd, 4318658.343, 132
Trd, 4318658.643, 114
Trd, 4318658.943, 85
Trd, 4318660.443, 113
Trd, 4318661.843, 106
Trd, 4318662.043, 84
Trd, 4318663.543, 123
Trd, 4318663.993, 112
Trd, 4318664.143, 104
Trd, 4318666.143, 117
Trd, 4318666.493, 137
Trd, 4318667.293, 103
Trd, 4318668.743, 112
Trd, 4318669.243, 113
Trd, 4318669.393, 106
Trd, 4318669.793, 89
Trd, 4318670.443, 93
Trd, 4318670.993, 70
Trd, 4318671.843, 113
Trd, 4318673.393, 98
Trd, 4318673.893, 123
Trd, 4318674.643, 109
Trd, 4318675.643, 119
Trd, 4318675.743, 105
Trd, 4318676.443, 112
Trd, 4318676.693, 99
Trd, 4318677.593, 97
Trd, 4318678.443, 83
Trd, 4318679.593, 86
Trd, 4318679.693, 78
Trd, 4318681.343, 129
Trd, 4318681.693, 105
Trd, 4318682.643, 111
Trd, 4318682.893, 90
Trd, 4318683.893, 118
Trd, 4318685.493, 98
Trd, 4318685.743, 118
Trd, 4318685.893, 117
Trd, 4318686.993, 116
Trd, 4318688.793, 76
Trd, 4318688.943, 81
Trd, 4318688.993, 64
Trd, 4318690.243, 91
Trd, 4318690.293, 85
Trd, 4318690.543, 78
Trd, 4318691.893, 125
Trd, 4318692.893, 67
Trd, 4318693.193, 63
Trd, 4318694.693, 76
Trd, 4318695.893, 78
Trd, 4318698.843, 108
Trd, 4318699.843, 100
Trd, 4318699.893, 99
Trd, 4318699.993, 86
Trd, 4318700.693, 138
Trd, 4318702.243, 123
Trd, 4318702.843, 96
Trd, 4318703.743, 113
Trd, 4318703.993, 123
Trd, 4318704.043, 111
Trd, 4318704.343, 104
Trd, 4318705.293, 97
Trd, 4318707.043, 99
Trd, 4318710.193, 126
Trd, 4318710.543, 91
Trd, 4318711.343, 95
Trd, 4318712.593, 110
Trd, 4318713.243, 74
Trd, 4318714.493, 96
Trd, 4318714.543, 75
Trd, 4318714.793, 94
Trd, 4318714.993, 116
Trd, 4318716.593, 115
Trd, 4318718.593, 96
Trd, 4318718.693, 117
Trd, 4318719.543, 89
Trd, 4318719.843, 85
Trd, 4318720.793, 113
Trd, 4318720.943, 71
Trd, 4318721.693, 100
Trd, 4318721.793, 70
Trd, 4318725.493, 113
Trd, 4318725.643, 106
Trd, 4318725.743, 109
Trd, 4318727.043, 86
Trd, 4318727.693, 85
Trd, 4318727.993, 81
Trd, 4318728.193, 91
Trd, 4318729.893, 134
Trd, 4318731.793, 115
Trd, 4318733.643, 99
Trd, 4318733.843, 106
Trd, 4318733.893, 107
Trd, 4318734.193, 82
Trd, 4318734.743, 76
Trd, 4318736.843, 90
Trd, 4318736.893, 92
Trd, 4318738.493, 125
Trd, 4318739.543, 88
Trd, 4318740.743, 85
Trd, 4318741.093, 122
Trd, 4318741.593, 122
Trd, 4318742.093, 106
Trd, 4318742.543, 81
Trd, 4318743.343, 135
Trd, 4318743.893, 118
Trd, 4318744.443, 115
Trd, 4318746.343, 134
Trd, 4318746.793, 109
Trd, 4318747.043, 109
Trd, 4318748.293, 113
Trd, 4318749.343, 127
Trd, 4318749.843, 116
Trd, 4318750.143, 102
Trd, 4318750.343, 80
Trd, 4318751.443, 81
Trd, 4318751.893, 119
Trd, 4318752.543, 125
Trd, 4318753.143, 122
Trd, 4318753.343, 122
Trd, 4318755.743, 91
Trd, 4318756.193, 113
Trd, 4318756.993, 94
Trd, 4318757.393, 86
Trd, 4318758.543, 107
Trd, 4318758.693, 92
Trd, 4318759.243, 112
Trd, 4318762.393, 93
Trd, 4318762.593, 103
Trd, 4318763.243, 135
Trd, 4318763.493, 124
Trd, 4318763.693, 99
Trd, 4318766.093, 90
Trd, 4318766.493, 93
Trd, 4318767.093, 121
Trd, 4318767.493, 98
Trd, 4318768.243, 118
Trd, 4318770.043, 100
Trd, 4318770.393, 100
Trd, 4318771.093, 115
Trd, 4318773.693, 119
Trd, 4318773.743, 87
Trd, 4318774.393, 105
Trd, 4318777.643, 105
Trd, 4318777.943, 104
Trd, 4318779.043, 93
Trd, 4318780.343, 134
Trd, 4318780.543, 121
Trd, 4318781.543, 131
Trd, 4318782.443, 121
Trd, 4318783.693, 112
Trd, 4318785.593, 115
Trd, 4318786.593, 104
Trd, 4318786.893, 105
Trd, 4318787.093, 87
Trd, 4318787.343, 80
Trd, 4318787.993, 69
Trd, 4318788.443, 100
Trd, 4318789.843, 102
Trd, 4318790.343, 93
Trd, 4318790.993, 135
Trd, 4318791.193, 124
Trd, 4318791.693, 87
Trd, 4318792.993, 100
Trd, 4318793.443, 94
Trd, 4318793.993, 135
Trd, 4318795.593, 111
Trd, 4318796.643, 117
Trd, 4318797.693, 109
Trd, 4318797.793, 108
Trd, 4318798.243, 94
Trd, 4318798.293, 89
Trd, 4318799.643, 122
Trd, 4318800.893, 118
Trd, 4318801.193, 111
Trd, 4318801.393, 103
Trd, 4318802.643, 110
Trd, 4318802.893, 90
Trd, 4318804.543, 117
Trd, 4318804.693, 116
Trd, 4318806.393, 68
Trd, 4318806.943, 86
Trd, 4318807.143, 83
Trd, 4318807.843, 91
Trd, 4318809.993, 95
Trd, 4318810.143, 95
Trd, 4318811.693, 109
Trd, 4318813.843, 139
Trd, 4318814.243, 135
Trd, 4318814.743, 120
Trd, 4318815.243, 105
Trd, 4318816.893, 129
Trd, 4318817.493, 123
Trd, 4318818.643, 113
Trd, 4318820.043, 103
Trd, 4318820.943, 93
Trd, 4318822.443, 77
Trd, 4318822.793, 112
Trd, 4318824.143, 99
Trd, 4318824.893, 108
Trd, 4318825.143, 135
Trd, 4318825.643, 87
Trd, 4318826.743, 85
Trd, 4318827.793, 83
Trd, 4318828.393, 132
Trd, 4318829.793, 98
Trd, 4318830.993, 101
Trd, 4318831.143, 106
Trd, 4318831.393, 93
Trd, 4318832.143, 77
Trd, 4318832.393, 84
Trd, 4318833.743, 105
Trd, 4318834.093, 92
Trd, 4318835.393, 99
Trd, 4318835.543, 74
Trd, 4318837.143, 102
Trd, 4318837.543, 116
Trd, 4318837.993, 105
Trd, 4318838.093, 83
Trd, 4318839.393, 85
Trd, 4318841.293, 98
Trd, 4318841.543, 93
Trd, 4318842.843, 92
Trd, 4318845.593, 84
Trd, 4318845.743, 114
Trd, 4318846.093, 125
Trd, 4318847.093, 106
Trd, 4318847.893, 92
Trd, 4318848.293, 90
Trd, 4318850.793, 131
Trd, 4318850.843, 110
Trd, 4318851.143, 96
Trd, 4318851.943, 102
Trd, 4318853.143, 121
Trd, 4318853.643, 117
Trd, 4318854.043, 85
Trd, 4318855.493, 129
Trd, 4318858.443, 97
Trd, 4318859.043, 97
Trd, 4318860.243, 103
Trd, 4318862.093, 111
Trd, 4318862.293, 122
Trd, 4318862.743, 96
Trd, 4318863.093, 111
Trd, 4318863.143, 83
Trd, 4318864.143, 74
Trd, 4318865.743, 112
Trd, 4318866.193, 93
Trd, 4318866.493, 84
Trd, 4318867.343, 128
Trd, 4318870.543, 131
Trd, 4318870.593, 110
Trd, 4318871.393, 109
Trd, 4318871.443, 86
Trd, 4318872.393, 92
Trd, 4318873.693, 102
Trd, 4318873.993, 102
Trd, 4318875.743, 100
Trd, 4318876.893, 127
Trd, 4318878.643, 112
Trd, 4318878.893, 122
Trd, 4318879.593, 136
Trd, 4318879.943, 111
Trd, 4318881.543, 137
Trd, 4318881.993, 106
Trd, 4318882.043, 97
Trd, 4318882.243, 74
Trd, 4318883.393, 118
Trd, 4318883.693, 87
Trd, 4318885.893, 112
Trd, 4318886.193, 97
Trd, 4318886.643, 129
Trd, 4318887.293, 119
Trd, 4318888.393, 110
Trd, 4318888.643, 71
Trd, 4318889.143, 68
Trd, 4318889.193, 66
Trd, 4318890.293, 109
Trd, 4318890.943, 71
Trd, 4318892.243, 106
Trd, 4318892.793, 70
Trd, 4318894.693, 71
Trd, 4318894.893, 77
Trd, 4318895.643, 83
Trd, 4318896.643, 77
Trd, 4318896.743, 103
Trd, 4318896.843, 92
Trd, 4318897.343, 65
Trd, 4318898.793, 130
Trd, 4318900.093, 122
Trd, 4318901.493, 118
Trd, 4318901.943, 116
Trd, 4318902.293, 119
Trd, 4318902.543, 108
Trd, 4318904.893, 124
Trd, 4318906.393, 117
Trd, 4318906.443, 109
Trd, 4318906.593, 107
Trd, 4318907.093, 97
Trd, 4318907.593, 117
Trd, 4318908.893, 112
Trd, 4318909.193, 133
Trd, 4318911.743, 123
Trd, 4318912.193, 121
Trd, 4318912.543, 98
Trd, 4318914.493, 123
Trd, 4318915.343, 105
Trd, 4318915.443, 102
Trd, 4318915.843, 72
Trd, 4318918.493, 116
Trd, 4318918.593, 115
Trd, 4318920.043, 129
Trd, 4318920.193, 117
Trd, 4318921.743, 130
Trd, 4318922.493, 110
Trd, 4318922.643, 102
Trd, 4318924.143, 128
Trd, 4318925.493, 109
Trd, 4318926.193, 105
Trd, 4318926.443, 89
Trd, 4318928.493, 120
Trd, 4318928.793, 117
Trd, 4318929.093, 100
Trd, 4318929.943, 139
Trd, 4318931.293, 89
Trd, 4318932.193, 136
Trd, 4318932.793, 125
Trd, 4318933.293, 99
Trd, 4318933.843, 98
Trd, 4318933.893, 97
Trd, 4318936.993, 116
Trd, 4318937.093, 102
Trd, 4318937.493, 82
Trd, 4318937.893, 104
Trd, 4318938.143, 104
Trd, 4318938.943, 126
Trd, 4318939.393, 106
Trd, 4318941.193, 84
Trd, 4318942.443, 119
Trd, 4318942.543, 85
Trd, 4318943.293, 88
Trd, 4318943.743, 110
Trd, 4318945.943, 109
Trd, 4318946.243, 108
Trd, 4318946.843, 120
Trd, 4318947.343, 92
Trd, 4318948.793, 127
Trd, 4318950.543, 118
Trd, 4318951.643, 103
Trd, 4318951.843, 92
Trd, 4318952.293, 92
Trd, 4318952.593, 72
Trd, 4318953.893, 105
Trd, 4318953.993, 118
Trd, 4318955.893, 90
Trd, 4318956.743, 77
Trd, 4318957.143, 70
Trd, 4318957.193, 77
Trd, 4318959.493, 115
Trd, 4318959.843, 81
Trd, 4318961.343, 98
Trd, 4318961.743, 76
Trd, 4318962.493, 96
Trd, 4318962.943, 66
Trd, 4318963.143, 100
Trd, 4318967.393, 132
Trd, 4318967.843, 89
Trd, 4318969.143, 110
Trd, 4318969.743, 87
Trd, 4318969.993, 102
Trd, 4318970.693, 125
Trd, 4318970.843, 115
Trd, 4318971.943, 115
Trd, 4318972.543, 95
Trd, 4318973.343, 118
Trd, 4318974.593, 111
Trd, 4318975.293, 137
Trd, 4318976.393, 116
Trd, 4318976.693, 116
Trd, 4318976.843, 91
Trd, 4318978.393, 69
Trd, 4318978.943, 62
Trd, 4318979.193, 101
Trd, 4318980.393, 115
Trd, 4318981.693, 87
Trd, 4318982.243, 75
Trd, 4318983.643, 77
Trd, 4318984.243, 78
Trd, 4318984.343, 73
Trd, 4318985.893, 107
Trd, 4318986.143, 109
Trd, 4318986.793, 93
Trd, 4318988.893, 87
Trd, 4318989.243, 76
Trd, 4318990.193, 99
Trd, 4318991.743, 72
Trd, 4318991.793, 103
Trd, 4318992.693, 78
Trd, 4318992.843, 79
Trd, 4318994.793, 83
Trd, 4318997.393, 85
Trd, 4318997.543, 62
Trd, 4318997.743, 93
Trd, 4319000.043, 104
Trd, 4319000.193, 103
Trd, 4319001.093, 91
Trd, 4319001.243, 93
Trd, 4319001.943, 111
Trd, 4319001.993, 119
Trd, 4319002.193, 76
Trd, 4319003.693, 66
Trd, 4319006.493, 77
Trd, 4319006.543, 87
Trd, 4319006.643, 92
Trd, 4319007.643, 134
Trd, 4319008.143, 97
Trd, 4319008.593, 88
Trd, 4319009.393, 127
Trd, 4319010.993, 123
Trd, 4319011.093, 102
Trd, 4319011.993, 76
Trd, 4319012.293, 88
Trd, 4319012.943, 100
Trd, 4319013.343, 116
Trd, 4319013.643, 106
Trd, 4319016.143, 118
Trd, 4319016.243, 85
Trd, 4319017.343, 96
Trd, 4319019.093, 82
Trd, 4319019.943, 80
Trd, 4319020.293, 76
Trd, 4319021.043, 105
Trd, 4319021.643, 114
Trd, 4319021.693, 102
Trd, 4319022.193, 82
Trd, 4319022.793, 119
Trd, 4319024.643, 117
Trd, 4319025.743, 95
Trd, 4319026.743, 107
Trd, 4319028.143, 114
Trd, 4319029.243, 100
Trd, 4319029.893, 138
Trd, 4319030.293, 88
Trd, 4319030.493, 84
Trd, 4319030.743, 82
Trd, 4319032.393, 75
Trd, 4319033.443, 99
Trd, 4319036.443, 110
Trd, 4319037.143, 93
Trd, 4319037.493, 112
Trd, 4319038.043, 121
Trd, 4319038.343, 99
Trd, 4319040.193, 95
Trd, 4319040.543, 126
Trd, 4319040.643, 115
Trd, 4319041.193, 72
Trd, 4319042.843, 130
Trd, 4319044.943, 123
Trd, 4319045.343, 122
Trd, 4319045.593, 111
Trd, 4319048.193, 114
Trd, 4319048.443, 105
Trd, 4319048.493, 96
Trd, 4319049.393, 92
Trd, 4319050.543, 94
Trd, 4319050.743, 79
Trd, 4319051.193, 79
Trd, 4319052.143, 123
Trd, 4319052.993, 102
Trd, 4319054.093, 102
Trd, 4319055.643, 135
Trd, 4319056.143, 125
Trd, 4319057.643, 95
Trd, 4319057.943, 124
Trd, 4319059.193, 102
Trd, 4319059.293, 82
Trd, 4319060.243, 119
Trd, 4319062.093, 122
Trd, 4319064.193, 98
Trd, 4319064.593, 130
Trd, 4319064.943, 126
Trd, 4319065.543, 73
Trd, 4319066.993, 85
Trd, 4319067.443, 121
Trd, 4319067.743, 83
Trd, 4319069.643, 103
Trd, 4319070.293, 88
Trd, 4319072.093, 115
Trd, 4319072.343, 118
Trd, 4319073.343, 113
Trd, 4319073.543, 116
Trd, 4319075.193, 107
Trd, 4319075.443, 103
Trd, 4319075.993, 105
Trd, 4319076.943, 63
Trd, 4319079.443, 79
Trd, 4319079.643, 93
Trd, 4319081.193, 99
Trd, 4319081.893, 71
Trd, 4319082.593, 87
Trd, 4319083.143, 79
Trd, 4319084.243, 108
Trd, 4319085.893, 91
Trd, 4319086.093, 102
Trd, 4319086.193, 90
Trd, 4319086.343, 132
Trd, 4319088.793, 107
Trd, 4319088.943, 106
Trd, 4319090.793, 71
Trd, 4319091.993, 90
Trd, 4319093.243, 105
Trd, 4319093.843, 106
Trd, 4319094.243, 89
Trd, 4319095.193, 94
Trd, 4319095.793, 133
Trd, 4319096.843, 102
Trd, 4319097.043, 99
Trd, 4319097.743, 83
Trd, 4319100.243, 120
Trd, 4319100.793, 138
Trd, 4319102.293, 110
Trd, 4319102.543, 105
Trd, 4319102.693, 104
Trd, 4319103.893, 121
Trd, 4319104.243, 116
Trd, 4319104.443, 111
Trd, 4319104.893, 106
Trd, 4319105.943, 123
Trd, 4319106.793, 92
Trd, 4319107.543, 98
Trd, 4319109.943, 120
Trd, 4319110.093, 107
Trd, 4319111.593, 124
Trd, 4319111.843, 125
Trd, 4319112.143, 100
Trd, 4319113.443, 134
Trd, 4319114.343, 100
Trd, 4319116.543, 129
Trd, 4319116.693, 128
Trd, 4319117.743, 108
Trd, 4319118.193, 99
Trd, 4319118.293, 111
Trd, 4319118.793, 98
Trd, 4319119.793, 91
Trd, 4319120.843, 85
Trd, 4319121.643, 123
Trd, 4319122.193, 80
Trd, 4319123.443, 116
Trd, 4319123.843, 108
Trd, 4319123.943, 96
Trd, 4319124.843, 137
Trd, 4319125.793, 82
Trd, 4319126.143, 126
Trd, 4319127.493, 113
Trd, 4319128.093, 112
Trd, 4319130.143, 114
Trd, 4319130.193, 108
Trd, 4319130.743, 101
Trd, 4319132.243, 118
Trd, 4319132.943, 112
Trd, 4319133.293, 104
Trd, 4319133.793, 95
Trd, 4319133.943, 90
Trd, 4319135.293, 117
Trd, 4319135.493, 103
Trd, 4319137.393, 120
Trd, 4319138.243, 110
Trd, 4319138.893, 114
Trd, 4319139.643, 128
Trd, 4319139.943, 103
Trd, 4319141.143, 102
Trd, 4319141.943, 89
Trd, 4319142.943, 96
Trd, 4319142.993, 87
Trd, 4319144.293, 107
Trd, 4319145.493, 115
Trd, 4319147.843, 102
Trd, 4319147.993, 110
Trd, 4319148.593, 134
Trd, 4319149.543, 97
Trd, 4319150.293, 111
Trd, 4319150.443, 103
Trd, 4319150.943, 94
Trd, 4319151.443, 118
Trd, 4319151.993, 110
Trd, 4319152.243, 123
Trd, 4319152.343, 89
Trd, 4319155.243, 109
Trd, 4319155.343, 126
Trd, 4319155.993, 87
Trd, 4319156.693, 93
Trd, 4319157.643, 93
Trd, 4319157.993, 113
Trd, 4319159.443, 121
Trd, 4319160.043, 105
Trd, 4319160.943, 93
Trd, 4319161.193, 88
Trd, 4319161.993, 122
Trd, 4319162.443, 111
Trd, 4319163.643, 117
Trd, 4319163.693, 116
Trd, 4319165.193, 126
Trd, 4319165.543, 130
Trd, 4319165.693, 109
Trd, 4319167.443, 107
Trd, 4319169.093, 108
Trd, 4319169.543, 104
Trd, 4319170.243, 87
Trd, 4319170.793, 89
Trd, 4319172.143, 103
Trd, 4319173.593, 112
Trd, 4319174.393, 123
Trd, 4319174.543, 114
Trd, 4319175.493, 121
Trd, 4319176.243, 116
Trd, 4319176.743, 119
Trd, 4319177.143, 110
Trd, 4319177.493, 105
Trd, 4319178.393, 109
Trd, 4319180.493, 139
Trd, 4319181.343, 122
Trd, 4319181.793, 93
Trd, 4319181.893, 86
Trd, 4319182.093, 82
Trd, 4319184.543, 81
Trd, 4319184.893, 123
Trd, 4319185.943, 95
Trd, 4319187.493, 134
Trd, 4319188.193, 124
Trd, 4319188.643, 96
Trd, 4319189.693, 95
Trd, 4319189.893, 117
Trd, 4319190.593, 93
Trd, 4319190.893, 103
Trd, 4319192.893, 85
Trd, 4319194.643, 113
Trd, 4319195.043, 112
Trd, 4319195.193, 102
Trd, 4319196.893, 129
Trd, 4319197.693, 111
Trd, 4319198.193, 106
Trd, 4319198.593, 130
Trd, 4319199.793, 114
Trd, 4319200.193, 113
Trd, 4319200.693, 109
Trd, 4319201.893, 85
Trd, 4319203.643, 90
Trd, 4319204.043, 90
Trd, 4319205.293, 76
Trd, 4319206.343, 99
Trd, 4319206.993, 87
Trd, 4319207.943, 119
Trd, 4319208.343, 81
Trd, 4319210.393, 84
Trd, 4319211.393, 100
Trd, 4319212.443, 99
Trd, 4319214.143, 110
Trd, 4319214.943, 93
Trd, 4319216.193, 114
Trd, 4319216.793, 123
Trd, 4319217.543, 125
Trd, 4319220.143, 138
Trd, 4319220.843, 128
Trd, 4319221.943, 100
Trd, 4319222.093, 104
Trd, 4319222.943, 87
Trd, 4319223.543, 92
Trd, 4319223.943, 85
Trd, 4319224.443, 89
Trd, 4319224.893, 93
Trd, 4319225.193, 76
Trd, 4319225.843, 94
Trd, 4319227.243, 114
Trd, 4319227.993, 119
Trd, 4319228.993, 133
Trd, 4319231.793, 124
Trd, 4319232.093, 120
Trd, 4319234.143, 96
Trd, 4319234.243, 95
Trd, 4319235.043, 73
Trd, 4319235.593, 81
Trd, 4319236.093, 112
Trd, 4319236.643, 60
Trd, 4319236.993, 66
Trd, 4319238.343, 82
Trd, 4319240.043, 124
Trd, 4319240.293, 113
Trd, 4319240.593, 105
Trd, 4319241.793, 131
Trd, 4319242.143, 107
Trd, 4319242.943, 96
Trd, 4319244.743, 125
Trd, 4319245.693, 129
Trd, 4319246.393, 93
Trd, 4319247.143, 129
Trd, 4319247.843, 94
Trd, 4319248.943, 107
Trd, 4319249.193, 101
Trd, 4319249.293, 90
Trd, 4319249.593, 74
Trd, 4319250.843, 122
Trd, 4319251.593, 101
Trd, 4319252.793, 95
Trd, 4319253.193, 86
Trd, 4319253.843, 84
Trd, 4319254.543, 63
Trd, 4319255.243, 132
Trd, 4319255.643, 114
Trd, 4319257.943, 101
Trd, 4319258.693, 126
Trd, 4319259.493, 96
Trd, 4319259.543, 87
Trd, 4319260.193, 125
Trd, 4319261.593, 104
Trd, 4319262.393, 81
Trd, 4319264.693, 75
Trd, 4319265.043, 82
Trd, 4319267.393, 110
Trd, 4319267.893, 116
Trd, 4319268.893, 112
Trd, 4319269.893, 114
Trd, 4319270.343, 108
Trd, 4319270.593, 128
Trd, 4319271.543, 111
Trd, 4319271.593, 101
Trd, 4319272.143, 100
Trd, 4319272.243, 97
Trd, 4319274.193, 100
Trd, 4319274.243, 90
Trd, 4319275.243, 83
Trd, 4319275.443, 78
Trd, 4319275.793, 70
Trd, 4319277.343, 94
Trd, 4319278.143, 84
Trd, 4319278.493, 94
Trd, 4319279.393, 90
Trd, 4319280.143, 118
Trd, 4319282.393, 106
Trd, 4319283.443, 103
Trd, 4319283.943, 123
Trd, 4319286.043, 101
Trd, 4319286.093, 99
Trd, 4319286.143, 96
Trd, 4319286.193, 93
Trd, 4319287.493, 109
Trd, 4319287.893, 81
Trd, 4319289.693, 126
Trd, 4319290.193, 112
Trd, 4319290.993, 104
Trd, 4319292.043, 107
Trd, 4319292.643, 100
Trd, 4319293.493, 101
Trd, 4319295.393, 105
Trd, 4319295.743, 90
Trd, 4319297.043, 130
Trd, 4319298.493, 116
Trd, 4319298.543, 104
Trd, 4319299.793, 100
Trd, 4319299.843, 138
Trd, 4319300.593, 96
Trd, 4319301.243, 96
Trd, 4319301.343, 92
Trd, 4319302.493, 92
Trd, 4319303.443, 87
Trd, 4319304.743, 117
Trd, 4319306.543, 124
Trd, 4319307.193, 132
Trd, 4319307.843, 130
Trd, 4319307.993, 106
Trd, 4319309.143, 129
Trd, 4319309.743, 125
Trd, 4319311.143, 139
Trd, 4319311.793, 121
Trd, 4319311.843, 110
Trd, 4319312.643, 111
Trd, 4319313.843, 106
Trd, 4319315.043, 74
Trd, 4319315.093, 125
Trd, 4319315.143, 72
Trd, 4319315.843, 111
Trd, 4319316.593, 117
Trd, 4319317.743, 127
Trd, 4319318.643, 121
Trd, 4319320.743, 101
Trd, 4319320.893, 95
Trd, 4319321.143, 126
Trd, 4319322.943, 115
Trd, 4319323.393, 103
Trd, 4319324.393, 128
Trd, 4319324.843, 122
Trd, 4319326.743, 130
Trd, 4319327.043, 137
Trd, 4319327.293, 112
Trd, 4319327.993, 80
Trd, 4319329.193, 77
Trd, 4319329.643, 108
Trd, 4319329.993, 64
Trd, 4319330.643, 92
Trd, 4319331.343, 115
Trd, 4319332.143, 100
Trd, 4319333.093, 133
Trd, 4319333.243, 123
Trd, 4319333.843, 112
Trd, 4319335.843, 128
Trd, 4319337.343, 90
Trd, 4319337.443, 94
Trd, 4319337.893, 121
Trd, 4319338.443, 87
Trd, 4319338.493, 109
Trd, 4319340.343, 114
Trd, 4319340.493, 103
Trd, 4319340.943, 124
Trd, 4319340.993, 103
Trd, 4319341.193, 114
Trd, 4319342.693, 96
Trd, 4319344.693, 123
Trd, 4319345.643, 122
Trd, 4319346.493, 110
Trd, 4319346.543, 108
Trd, 4319347.093, 103
Trd, 4319347.293, 109
Trd, 4319350.543, 121
Trd, 4319350.993, 118
Trd, 4319351.543, 109
Trd, 4319352.193, 104
Trd, 4319352.843, 118
Trd, 4319352.893, 113
Trd, 4319354.243, 133
Trd, 4319355.293, 119
Trd, 4319355.393, 130
Trd, 4319355.643, 113
Trd, 4319357.143, 113
Trd, 4319359.043, 94
Trd, 4319359.593, 136
Trd, 4319359.793, 86
Trd, 4319362.143, 135
Trd, 4319362.243, 123
Trd, 4319363.343, 115
Trd, 4319363.443, 110
Trd, 4319363.693, 109
Trd, 4319364.143, 96
Trd, 4319365.293, 135
Trd, 4319365.343, 117
Trd, 4319366.243, 86
Trd, 4319366.993, 116
Trd, 4319368.293, 73
Trd, 4319368.493, 89
Trd, 4319369.043, 108
Trd, 4319369.443, 87
Trd, 4319369.993, 96
Trd, 4319371.743, 128
Trd, 4319372.343, 129
Trd, 4319373.143, 103
Trd, 4319373.643, 117
Trd, 4319373.743, 107
Trd, 4319376.193, 107
Trd, 4319376.243, 114
Trd, 4319377.943, 98
Trd, 4319378.343, 67
Trd, 4319379.393, 74
Trd, 4319379.993, 90
Trd, 4319380.743, 89
Trd, 4319381.293, 100
Trd, 4319382.443, 67
Trd, 4319382.993, 61
Trd, 4319383.443, 66
Trd, 4319385.293, 81
Trd, 4319385.543, 94
Trd, 4319386.043, 100
Trd, 4319387.093, 68
Trd, 4319388.393, 126
Trd, 4319389.043, 127
Trd, 4319390.193, 114
Trd, 4319390.943, 103
Trd, 4319392.093, 63
Trd, 4319393.143, 95
Trd, 4319393.793, 73
Trd, 4319396.543, 67
Trd, 4319397.693, 104
Trd, 4319398.043, 97
Trd, 4319398.293, 72
Trd, 4319398.793, 76
Trd, 4319399.843, 86
Trd, 4319400.193, 73
Trd, 4319400.643, 82
Trd, 4319401.393, 67
Trd, 4319402.093, 99
Trd, 4319403.193, 93
Trd, 4319405.293, 119
Trd, 4319406.143, 106
Trd, 4319406.343, 106
Trd, 4319407.043, 101
Trd, 4319407.143, 66
Trd, 4319407.193, 111
Trd, 4319409.343, 96
Trd, 4319410.043, 116
Trd, 4319410.793, 91
Trd, 4319410.843, 110
Trd, 4319411.393, 91
Trd, 4319413.093, 118
Trd, 4319414.193, 99
Trd, 4319414.293, 108
Trd, 4319414.543, 94
Trd, 4319415.193, 90
Trd, 4319416.643, 107
Trd, 4319418.093, 79
Trd, 4319418.343, 139
Trd, 4319418.943, 79
Trd, 4319419.743, 89
Trd, 4319422.043, 108
Trd, 4319422.093, 104
Trd, 4319422.293, 98
Trd, 4319424.543, 115
Trd, 4319424.593, 108
Trd, 4319425.643, 96
Trd, 4319427.493, 130
Trd, 4319427.743, 107
Trd, 4319428.143, 102
Trd, 4319429.393, 94
Trd, 4319431.093, 86
Trd, 4319431.443, 80
Trd, 4319432.343, 77
Trd, 4319432.543, 90
Trd, 4319432.893, 126
Trd, 4319432.993, 88
Trd, 4319434.343, 74
Trd, 4319436.443, 106
Trd, 4319437.243, 71
Trd, 4319438.393, 125
Trd, 4319439.893, 104
Trd, 4319440.043, 94
Trd, 4319440.343, 126
Trd, 4319440.693, 98
Trd, 4319441.443, 133
Trd, 4319441.893, 112
Trd, 4319443.343, 129
Trd, 4319444.643, 95
Trd, 4319445.693, 116
Trd, 4319446.193, 103
Trd, 4319447.193, 81
Trd, 4319448.443, 69
Trd, 4319448.593, 72
Trd, 4319449.693, 66
Trd, 4319449.743, 67
Trd, 4319450.843, 85
Trd, 4319451.343, 85
Trd, 4319453.393, 79
Trd, 4319453.893, 120
Trd, 4319454.193, 123
Trd, 4319455.293, 91
Trd, 4319455.393, 78
Trd, 4319456.093, 89
Trd, 4319456.643, 104
Trd, 4319457.293, 103
Trd, 4319459.093, 95
Trd, 4319460.443, 110
Trd, 4319461.193, 130
Trd, 4319462.893, 111
Trd, 4319463.793, 129
Trd, 4319464.993, 129
Trd, 4319465.643, 118
Trd, 4319467.943, 122
Trd, 4319468.193, 112
Trd, 4319470.043, 111
Trd, 4319470.393, 103
Trd, 4319471.043, 81
Trd, 4319471.193, 126
Trd, 4319471.993, 73
Trd, 4319473.193, 80
Trd, 4319473.243, 79
Trd, 4319473.293, 104
Trd, 4319474.193, 95
Trd, 4319474.393, 110
Trd, 4319476.143, 123
Trd, 4319477.243, 90
Trd, 4319478.093, 85
Trd, 4319479.343, 123
Trd, 4319479.743, 140
Trd, 4319481.293, 119
Trd, 4319481.643, 118
Trd, 4319482.293, 80
Trd, 4319484.043, 131
Trd, 4319484.343, 119
Trd, 4319484.793, 118
Trd, 4319485.143, 104
Trd, 4319485.393, 82
Trd, 4319486.143, 110
Trd, 4319486.943, 101
Trd, 4319487.343, 114
Trd, 4319487.793, 100
Trd, 4319488.743, 117
Trd, 4319488.893, 107
Trd, 4319490.993, 127
Trd, 4319491.893, 101
Trd, 4319492.493, 96
Trd, 4319493.843, 109
Trd, 4319494.693, 97
Trd, 4319495.143, 120
Trd, 4319496.243, 116
Trd, 4319496.793, 120
Trd, 4319497.993, 114
Trd, 4319498.393, 97
Trd, 4319500.693, 89
Trd, 4319501.143, 87
Trd, 4319501.493, 80
Trd, 4319502.993, 134
Trd, 4319503.293, 113
Trd, 4319503.593, 123
Trd, 4319505.343, 105
Trd, 4319505.993, 99
Trd, 4319506.093, 98
Trd, 4319507.193, 107
Trd, 4319507.243, 97
Trd, 4319507.643, 116
Trd, 4319508.793, 91
Trd, 4319508.893, 114
Trd, 4319510.993, 115
Trd, 4319511.593, 130
Trd, 4319513.443, 98
Trd, 4319514.743, 117
Trd, 4319515.143, 116
Trd, 4319515.193, 109
Trd, 4319517.143, 106
Trd, 4319518.143, 92
Trd, 4319518.893, 111
Trd, 4319519.543, 100
Trd, 4319519.693, 89
Trd, 4319521.093, 70
Trd, 4319521.543, 72
Trd, 4319521.693, 87
Trd, 4319522.243, 98
Trd, 4319523.593, 123
Trd, 4319524.343, 84
Trd, 4319524.543, 86
Trd, 4319524.693, 94
Trd, 4319525.643, 111
Trd, 4319526.693, 126
Trd, 4319526.743, 124
Trd, 4319527.893, 81
Trd, 4319528.943, 82
Trd, 4319529.643, 107
Trd, 4319530.043, 136
Trd, 4319530.543, 97
Trd, 4319531.843, 88
Trd, 4319532.243, 96
Trd, 4319532.843, 112
Trd, 4319534.293, 113
Trd, 4319534.693, 105
Trd, 4319537.093, 123
Trd, 4319537.593, 107
Trd, 4319537.793, 110
Trd, 4319539.043, 120
Trd, 4319539.143, 91
Trd, 4319539.643, 100
Trd, 4319539.793, 91
Trd, 4319539.843, 84
Trd, 4319541.343, 109
Trd, 4319542.993, 131
Trd, 4319543.093, 118
Trd, 4319544.893, 133
Trd, 4319545.293, 112
Trd, 4319545.693, 108
Trd, 4319547.043, 135
Trd, 4319547.493, 134
Trd, 4319547.643, 103
Trd, 4319549.643, 126
Trd, 4319550.393, 119
Trd, 4319550.493, 104
Trd, 4319551.043, 96
Trd, 4319551.843, 97
Trd, 4319552.943, 117
Trd, 4319553.043, 109
Trd, 4319554.293, 124
Trd, 4319555.143, 93
Trd, 4319555.943, 79
Trd, 4319557.393, 117
Trd, 4319559.093, 106
Trd, 4319559.493, 102
Trd, 4319560.143, 126
Trd, 4319561.343, 97
Trd, 4319562.393, 124
Trd, 4319562.543, 106
Trd, 4319563.743, 125
Trd, 4319563.993, 121
Trd, 4319564.543, 117
Trd, 4319565.343, 119
Trd, 4319565.993, 102
Trd, 4319567.843, 99
Trd, 4319567.943, 80
Trd, 4319569.293, 73
Trd, 4319569.443, 68
Trd, 4319569.643, 89
Trd, 4319570.093, 103
Trd, 4319571.243, 77
Trd, 4319571.543, 83
Trd, 4319574.593, 122
Trd, 4319574.843, 125
Trd, 4319575.193, 70
Trd, 4319577.143, 104
Trd, 4319577.993, 99
Trd, 4319578.693, 91
Trd, 4319579.593, 85
Trd, 4319579.843, 102
Trd, 4319580.493, 80
Trd, 4319580.843, 84
Trd, 4319580.993, 76
Trd, 4319582.693, 135
Trd, 4319582.793, 101
Trd, 4319582.943, 92
Trd, 4319584.193, 120
Trd, 4319585.093, 120
Trd, 4319586.293, 109
Trd, 4319586.893, 100
Trd, 4319588.143, 126
Trd, 4319589.543, 135
Trd, 4319590.593, 99
Trd, 4319591.093, 98
Trd, 4319591.243, 71
Trd, 4319591.743, 110
Trd, 4319592.043, 73
Trd, 4319593.693, 103
Trd, 4319594.043, 130
Trd, 4319595.643, 103
Trd, 4319595.693, 101
Trd, 4319595.793, 98
Trd, 4319596.193, 73
Trd, 4319598.643, 97
Trd, 4319598.793, 93
Trd, 4319599.443, 77
Trd, 4319599.593, 108
Trd, 4319600.693, 93
Trd, 4319602.343, 131
Trd, 4319602.893, 137
Trd, 4319603.593, 108
Trd, 4319603.793, 99
Trd, 4319603.993, 94
Trd, 4319604.843, 68
Trd, 4319605.593, 61
Trd, 4319606.343, 70
Trd, 4319608.543, 106
Trd, 4319609.043, 98
Trd, 4319609.143, 119
Trd, 4319610.643, 64
Trd, 4319610.743, 67
Trd, 4319612.793, 126
Trd, 4319613.993, 114
Trd, 4319614.293, 98
Trd, 4319614.443, 83
Trd, 4319616.143, 85
Trd, 4319617.143, 100
Trd, 4319617.693, 130
Trd, 4319620.343, 135
Trd, 4319620.593, 134
Trd, 4319622.293, 106
Trd, 4319623.143, 111
Trd, 4319623.293, 108
Trd, 4319623.393, 105
Trd, 4319624.343, 127
Trd, 4319624.793, 127
Trd, 4319625.993, 129
Trd, 4319627.143, 123
Trd, 4319627.393, 110
Trd, 4319628.243, 95
Trd, 4319630.193, 117
Trd, 4319630.693, 97
Trd, 4319632.843, 125
Trd, 4319633.093, 119
Trd, 4319633.993, 116
Trd, 4319634.043, 111
Trd, 4319635.493, 102
Trd, 4319636.193, 94
Trd, 4319636.693, 131
Trd, 4319638.343, 134
Trd, 4319638.393, 129
Trd, 4319640.193, 123
Trd, 4319640.343, 109
Trd, 4319641.343, 69
Trd, 4319641.743, 99
Trd, 4319641.943, 106
Trd, 4319642.443, 96
Trd, 4319644.293, 93
Trd, 4319646.443, 132
Trd, 4319647.193, 111
Trd, 4319647.793, 88
Trd, 4319648.443, 79
Trd, 4319649.343, 84
Trd, 4319649.643, 62
Trd, 4319650.093, 78
Trd, 4319650.993, 77
Trd, 4319652.343, 99
Trd, 4319652.893, 116
Trd, 4319653.243, 87
Trd, 4319654.343, 87
Trd, 4319655.093, 80
Trd, 4319655.443, 122
Trd, 4319655.643, 75
Trd, 4319656.943, 99
Trd, 4319657.693, 104
Trd, 4319658.493, 101
Trd, 4319658.543, 97
Trd, 4319659.943, 107
Trd, 4319661.343, 96
Trd, 4319661.993, 84
Trd, 4319662.293, 125
Trd, 4319662.643, 109
Trd, 4319663.943, 108
Trd, 4319664.493, 91
Trd, 4319664.793, 80
Trd, 4319665.243, 71
Trd, 4319667.643, 122
Trd, 4319668.593, 100
Trd, 4319669.293, 92
Trd, 4319669.593, 79
Trd, 4319671.443, 106
Trd, 4319672.143, 103
Trd, 4319672.743, 140
Trd, 4319673.893, 104
Trd, 4319674.243, 70
Trd, 4319675.143, 96
Trd, 4319675.743, 106
Trd, 4319676.643, 87
Trd, 4319676.893, 90
Trd, 4319677.343, 120
Trd, 4319677.593, 110
Trd, 4319679.643, 135
Trd, 4319679.793, 109
Trd, 4319680.343, 81
Trd, 4319681.893, 96
Trd, 4319684.293, 128
Trd, 4319685.293, 85
Trd, 4319686.343, 115
Trd, 4319687.343, 122
Trd, 4319687.993, 105
Trd, 4319688.193, 105
Trd, 4319688.343, 91
Trd, 4319688.893, 110
Trd, 4319689.793, 110
Trd, 4319690.593, 91
Trd, 4319691.243, 84
Trd, 4319693.243, 80
Trd, 4319693.793, 75
Trd, 4319694.343, 94
Trd, 4319694.393, 89
Trd, 4319695.293, 85
Trd, 4319696.543, 80
Trd, 4319697.093, 83
Trd, 4319697.843, 67
Trd, 4319699.143, 73
Trd, 4319699.593, 99
Trd, 4319700.193, 130
Trd, 4319701.093, 97
Trd, 4319701.843, 90
Trd, 4319702.493, 103
Trd, 4319704.843, 126
Trd, 4319705.243, 102
Trd, 4319705.493, 79
Trd, 4319707.093, 126
Trd, 4319707.893, 103
Trd, 4319708.693, 138
Trd, 4319710.093, 116
Trd, 4319713.093, 122
Trd, 4319715.293, 79
Trd, 4319715.393, 85
Trd, 4319715.493, 86
Trd, 4319715.693, 108
Trd, 4319716.093, 113
Trd, 4319717.743, 106
Trd, 4319717.843, 115
Trd, 4319718.293, 102
Trd, 4319718.343, 107
Trd, 4319718.393, 75
Trd, 4319719.393, 124
Trd, 4319719.993, 107
Trd, 4319722.043, 115
Trd, 4319722.393, 111
Trd, 4319722.793, 131
Trd, 4319724.343, 133
Trd, 4319724.543, 121
Trd, 4319725.193, 109
Trd, 4319725.393, 105
Trd, 4319725.893, 98
Trd, 4319729.343, 122
Trd, 4319730.093, 132
Trd, 4319731.243, 121
Trd, 4319731.343, 114
Trd, 4319731.643, 113
Trd, 4319731.943, 91
Trd, 4319732.393, 84
Trd, 4319734.143, 122
Trd, 4319735.543, 111
Trd, 4319735.693, 122
Trd, 4319736.043, 85
Trd, 4319738.393, 113
Trd, 4319738.943, 132
Trd, 4319739.743, 112
Trd, 4319739.993, 112
Trd, 4319741.193, 116
Trd, 4319741.943, 108
Trd, 4319743.343, 104
Trd, 4319744.443, 101
Trd, 4319744.893, 108
Trd, 4319747.343, 124
Trd, 4319747.943, 123
Trd, 4319748.843, 108
Trd, 4319749.143, 124
Trd, 4319751.093, 84
Trd, 4319751.293, 79
Trd, 4319751.943, 116
Trd, 4319752.493, 89
Trd, 4319753.043, 118
Trd, 4319753.743, 77
Trd, 4319754.643, 64
Trd, 4319755.143, 72
Trd, 4319755.343, 117
Trd, 4319756.243, 84
Trd, 4319756.993, 98
Trd, 4319758.943, 68
Trd, 4319759.193, 99
Trd, 4319759.293, 132
Trd, 4319761.093, 93
Trd, 4319761.243, 80
Trd, 4319761.493, 65
Trd, 4319761.943, 78
Trd, 4319762.093, 89
Trd, 4319762.443, 89
Trd, 4319763.143, 101
Trd, 4319764.043, 65
Trd, 4319765.643, 91
Trd, 4319765.943, 89
Trd, 4319766.143, 99
Trd, 4319767.893, 133
Trd, 4319769.243, 115
Trd, 4319769.493, 102
Trd, 4319769.993, 92
Trd, 4319770.143, 76
Trd, 4319771.943, 85
Trd, 4319772.693, 71
Trd, 4319773.543, 125
Trd, 4319773.593, 117
Trd, 4319774.293, 80
Trd, 4319775.343, 68
Trd, 4319778.843, 108
Trd, 4319779.143, 96
Trd, 4319779.443, 87
Trd, 4319779.543, 82
Trd, 4319780.443, 126
Trd, 4319781.243, 102
Trd, 4319781.893, 98
Trd, 4319781.993, 94
Trd, 4319784.593, 122
Trd, 4319784.843, 104
Trd, 4319785.493, 80
Trd, 4319785.693, 138
Trd, 4319785.993, 99
Trd, 4319786.343, 65
Trd, 4319787.043, 63
Trd, 4319787.793, 64
Trd, 4319789.493, 64
Trd, 4319790.043, 65
Trd, 4319790.543, 87
Trd, 4319791.143, 84
Trd, 4319792.193, 90
Trd, 4319792.643, 68
Trd, 4319793.293, 97
Trd, 4319794.743, 69
Trd, 4319795.043, 65
Trd, 4319796.743, 97
Trd, 4319798.393, 110
Trd, 4319798.893, 103
Trd, 4319799.743, 98
Trd, 4319800.493, 129
Trd, 4319801.243, 131
Trd, 4319802.293, 79
Trd, 4319802.893, 106
Trd, 4319804.293, 120
Trd, 4319805.693, 95
Trd, 4319806.143, 121
Trd, 4319807.143, 118
Trd, 4319807.543, 106
Trd, 4319807.943, 127
Trd, 4319808.743, 89
Trd, 4319810.993, 117
Trd, 4319811.843, 115
Trd, 4319812.543, 113
Trd, 4319813.193, 115
Trd, 4319813.293, 105
Trd, 4319815.243, 97
Trd, 4319818.143, 120
Trd, 4319819.243, 117
Trd, 4319819.743, 119
Trd, 4319820.293, 108
Trd, 4319820.543, 131
Trd, 4319820.693, 106
Trd, 4319820.843, 94
Trd, 4319821.643, 84
Trd, 4319823.343, 62
Trd, 4319824.293, 63
Trd, 4319825.143, 84
Trd, 4319825.993, 90
Trd, 4319826.493, 123
Trd, 4319826.943, 60
Trd, 4319827.943, 60
Trd, 4319830.143, 85
Trd, 4319830.743, 68
Trd, 4319831.543, 116
Trd, 4319832.493, 82
Trd, 4319834.993, 85
Trd, 4319835.393, 121
Trd, 4319835.893, 70
Trd, 4319837.443, 125
Trd, 4319837.593, 83
Trd, 4319839.093, 92
Trd, 4319840.143, 128
Trd, 4319840.193, 85
Trd, 4319840.893, 105
Trd, 4319842.043, 125
Trd, 4319843.243, 113
Trd, 4319844.043, 91
Trd, 4319845.643, 85
Trd, 4319846.343, 89
Trd, 4319846.893, 90
Trd, 4319848.393, 123
Trd, 4319849.093, 139
Trd, 4319850.443, 78
Trd, 4319851.843, 67
Trd, 4319851.893, 65
Trd, 4319852.293, 100
Trd, 4319853.543, 87
Trd, 4319853.943, 90
Trd, 4319854.143, 121
Trd, 4319854.793, 84
Trd, 4319855.743, 83
Trd, 4319855.843, 83
Trd, 4319859.043, 139
Trd, 4319859.193, 133
Trd, 4319859.293, 118
Trd, 4319859.443, 114
Trd, 4319862.393, 120
Trd, 4319863.243, 108
Trd, 4319865.643, 111
Trd, 4319865.893, 105
Trd, 4319866.893, 136
Trd, 4319867.493, 118
Trd, 4319868.493, 128
Trd, 4319868.743, 132
Trd, 4319868.943, 96
Trd, 4319869.293, 87
Trd, 4319869.693, 106
Trd, 4319871.793, 116
Trd, 4319873.193, 95
Trd, 4319873.893, 93
Trd, 4319874.143, 78
Trd, 4319875.443, 99
Trd, 4319875.493, 93
Trd, 4319876.593, 127
Trd, 4319877.643, 85
Trd, 4319878.243, 130
Trd, 4319879.543, 103
Trd, 4319881.193, 109
Trd, 4319881.843, 89
Trd, 4319882.293, 86
Trd, 4319882.393, 97
Trd, 4319883.493, 117
Trd, 4319885.893, 105
Trd, 4319887.343, 114
Trd, 4319888.193, 109
Trd, 4319888.443, 104
Trd, 4319889.043, 119
Trd, 4319891.443, 132
Trd, 4319892.943, 114
Trd, 4319893.043, 109
Trd, 4319893.493, 105
Trd, 4319893.643, 87
Trd, 4319894.543, 102
Trd, 4319895.943, 103
Trd, 4319896.693, 129
Trd, 4319898.793, 75
Trd, 4319898.943, 95
Trd, 4319901.093, 100
Trd, 4319901.593, 130
Trd, 4319902.593, 110
Trd, 4319903.843, 89
Trd, 4319904.793, 115
Trd, 4319904.893, 105
Trd, 4319905.093, 101
Trd, 4319906.293, 109
Trd, 4319906.593, 127
Trd, 4319908.743, 130
Trd, 4319909.043, 120
Trd, 4319909.393, 98
Trd, 4319910.193, 100
Trd, 4319910.593, 96
Trd, 4319910.743, 90
Trd, 4319912.093, 79
Trd, 4319913.893, 116
Trd, 4319916.193, 112
Trd, 4319917.593, 109
Trd, 4319917.743, 114
Trd, 4319917.943, 103
Trd, 4319918.143, 93
Trd, 4319920.143, 111
Trd, 4319920.843, 99
Trd, 4319921.843, 107
Trd, 4319922.743, 109
Trd, 4319923.193, 111
Trd, 4319923.643, 101
Trd, 4319923.993, 98
Trd, 4319924.193, 95
Trd, 4319925.593, 89
Trd, 4319926.893, 135
Trd, 4319927.643, 137
Trd, 4319928.943, 119
Trd, 4319929.993, 120
Trd, 4319930.543, 138
Trd, 4319931.343, 123
Trd, 4319932.793, 126
Trd, 4319933.693, 111
Trd, 4319934.943, 85
Trd, 4319935.493, 83
Trd, 4319935.793, 114
Trd, 4319936.993, 106
Trd, 4319937.093, 97
Trd, 4319937.793, 114
Trd, 4319938.393, 94
Trd, 4319938.543, 92
Trd, 4319939.743, 111
Trd, 4319941.443, 88
Trd, 4319942.743, 138
Trd, 4319942.843, 97
Trd, 4319943.243, 94
Trd, 4319944.593, 100
Trd, 4319944.643, 88
Trd, 4319944.943, 105
Trd, 4319946.043, 119
Trd, 4319946.493, 121
Trd, 4319947.793, 92
Trd, 4319948.193, 92
Trd, 4319949.443, 136
Trd, 4319949.543, 123
Trd, 4319950.443, 126
Trd, 4319951.793, 113
Trd, 4319953.443, 115
Trd, 4319954.193, 114
Trd, 4319954.243, 136
Trd, 4319954.293, 104
Trd, 4319954.393, 97
Trd, 4319955.643, 110
Trd, 4319956.843, 135
Trd, 4319956.993, 100
Trd, 4319958.993, 115
Trd, 4319959.043, 105
Trd, 4319960.993, 88
Trd, 4319961.593, 133
Trd, 4319961.893, 72
Trd, 4319962.543, 128
Trd, 4319962.893, 120
Trd, 4319962.993, 72
Trd, 4319965.993, 124
Trd, 4319966.093, 118
Trd, 4319966.893, 108
Trd, 4319967.693, 99
Trd, 4319968.493, 91
Trd, 4319970.143, 94
Trd, 4319970.443, 92
Trd, 4319970.993, 91
Trd, 4319971.043, 89
Trd, 4319972.843, 118
Trd, 4319972.993, 101
Trd, 4319974.543, 137
Trd, 4319975.393, 105
Trd, 4319975.443, 122
Trd, 4319975.793, 99
Trd, 4319975.893, 90
Trd, 4319979.843, 134
Trd, 4319979.993, 133
Trd, 4319981.243, 90
Trd, 4319981.393, 124
Trd, 4319983.143, 125
Trd, 4319984.093, 92
Trd, 4319984.643, 88
Trd, 4319984.743, 83
Trd, 4319985.193, 75
Trd, 4319986.743, 124
Trd, 4319986.943, 103
Trd, 4319989.493, 118
Trd, 4319989.543, 110
Trd, 4319989.993, 140
Trd, 4319990.193, 93
Trd, 4319991.193, 109
Trd, 4319991.543, 121
Trd, 4319992.093, 126
Trd, 4319992.543, 103
Trd, 4319994.243, 106
Trd, 4319994.293, 91
Trd, 4319994.443, 130
Trd, 4319994.693, 111
Trd, 4319996.493, 114
Trd, 4319996.743, 119
Trd, 4319997.493, 101
Trd, 4319997.543, 88
Trd, 4319998.943, 100
Trd, 4319999.693, 84
