Trd, 4318076.993, 100
Trd, 4318077.943, 74
Trd, 4318078.593, 91
Trd, 4318079.643, 102
Trd, 4318079.993, 138
Trd, 4318080.193, 134
Trd, 4318080.393, 77
Trd, 4318080.693, 62
Trd, 4318080.893, 86
Trd, 4318082.543, 108
Trd, 4318083.443, 132
Trd, 4318083.593, 130
Trd, 4318084.293, 89
Trd, 4318086.293, 98
Trd, 4318087.643, 135
Trd, 4318089.543, 124
Trd, 4318089.993, 121
Trd, 4318090.843, 101
Trd, 4318090.943, 113
Trd, 4318091.093, 96
Trd, 4318092.593, 118
Trd, 4318093.393, 107
Trd, 4318093.943, 96
Trd, 4318094.593, 97
Trd, 4318096.493, 106
Trd, 4318097.043, 115
Trd, 4318097.343, 101
Trd, 4318097.793, 77
Trd, 4318100.143, 120
Trd, 4318100.493, 111
Trd, 4318101.293, 126
Trd, 4318101.493, 84
Trd, 4318102.293, 135
Trd, 4318102.743, 128
Trd, 4318103.993, 104
Trd, 4318104.343, 103
Trd, 4318104.793, 127
Trd, 4318105.643, 129
Trd, 4318106.443, 124
Trd, 4318107.043, 102
Trd, 4318107.743, 122
Trd, 4318108.643, 112
Trd, 4318108.793, 104
Trd, 4318109.343, 122
Trd, 4318109.543, 96
Trd, 4318111.493, 100
Trd, 4318111.743, 85
Trd, 4318112.843, 104
Trd, 4318114.193, 139
Trd, 4318114.693, 113
Trd, 4318114.893, 114
Trd, 4318115.793, 82
Trd, 4318115.993, 90
Trd, 4318116.893, 100
Trd, 4318117.893, 81
Trd, 4318118.243, 108
Trd, 4318118.293, 135
Trd, 4318118.743, 133
Trd, 4318119.793, 90
Trd, 4318121.593, 134
Trd, 4318123.243, 132
Trd, 4318123.343, 122
Trd, 4318124.293, 103
Trd, 4318124.693, 128
Trd, 4318124.743, 80
Trd, 4318125.343, 85
Trd, 4318127.443, 127
Trd, 4318127.593, 125
Trd, 4318128.993, 103
Trd, 4318129.893, 100
Trd, 4318130.293, 99
Trd, 4318130.943, 95
Trd, 4318131.093, 94
Trd, 4318132.793, 129
Trd, 4318133.043, 128
Trd, 4318134.693, 137
Trd, 4318135.843, 133
Trd, 4318136.093, 129
Trd, 4318136.593, 133
Trd, 4318136.693, 119
Trd, 4318137.243, 84
Trd, 4318138.043, 120
Trd, 4318139.943, 135
Trd, 4318140.693, 113
Trd, 4318141.243, 98
Trd, 4318141.843, 118
Trd, 4318142.493, 85
Trd, 4318143.093, 88
Trd, 4318143.643, 139
Trd, 4318143.693, 101
Trd, 4318145.843, 120
Trd, 4318146.193, 110
Trd, 4318147.293, 133
Trd, 4318148.243, 113
Trd, 4318148.393, 105
Trd, 4318150.343, 99
Trd, 4318150.493, 122
Trd, 4318151.243, 79
Trd, 4318152.143, 118
Trd, 4318152.793, 130
Trd, 4318153.743, 114
Trd, 4318154.293, 125
Trd, 4318154.543, 110
Trd, 4318156.193, 114
Trd, 4318156.943, 135
Trd, 4318156.993, 103
Trd, 4318157.743, 91
Trd, 4318158.093, 124
Trd, 4318158.793, 125
Trd, 4318159.493, 86
Trd, 4318161.393, 103
Trd, 4318162.043, 81
Trd, 4318162.143, 72
Trd, 4318163.243, 125
Trd, 4318164.393, 128
Trd, 4318164.693, 130
Trd, 4318164.943, 119
Trd, 4318165.093, 106
Trd, 4318166.743, 101
Trd, 4318167.393, 98
Trd, 4318167.993, 106
Trd, 4318169.543, 116
Trd, 4318169.893, 121
Trd, 4318171.493, 114
Trd, 4318172.043, 86
Trd, 4318172.593, 119
Trd, 4318172.843, 112
Trd, 4318173.343, 83
Trd, 4318174.093, 126
Trd, 4318174.443, 86
Trd, 4318175.043, 115
Trd, 4318176.043, 121
Trd, 4318178.343, 107
Trd, 4318178.443, 102
Trd, 4318179.443, 120
Trd, 4318180.043, 125
Trd, 4318180.493, 132
Trd, 4318181.393, 136
Trd, 4318183.043, 116
Trd, 4318183.093, 113
Trd, 4318184.343, 139
Trd, 4318185.093, 84
Trd, 4318186.293, 71
Trd, 4318186.493, 114
Trd, 4318187.443, 62
Trd, 4318188.043, 64
Trd, 4318188.743, 73
Trd, 4318188.993, 104
Trd, 4318189.743, 79
Trd, 4318190.043, 138
Trd, 4318191.143, 71
Trd, 4318191.443, 101
Trd, 4318192.243, 64
Trd, 4318192.493, 64
Trd, 4318195.443, 84
Trd, 4318195.793, 104
Trd, 4318196.543, 138
Trd, 4318197.293, 79
Trd, 4318198.543, 84
Trd, 4318199.293, 96
Trd, 4318200.393, 83
Trd, 4318200.993, 67
Trd, 4318202.343, 102
Trd, 4318202.943, 80
Trd, 4318203.693, 74
Trd, 4318204.393, 103
Trd, 4318204.743, 107
Trd, 4318204.993, 115
Trd, 4318205.793, 131
Trd, 4318206.093, 91
Trd, 4318207.943, 75
Trd, 4318208.193, 103
Trd, 4318209.043, 122
Trd, 4318209.443, 103
Trd, 4318210.043, 79
Trd, 4318212.093, 118
Trd, 4318212.343, 107
Trd, 4318212.793, 108
Trd, 4318213.243, 134
Trd, 4318213.443, 102
Trd, 4318214.943, 125
Trd, 4318215.993, 115
Trd, 4318217.243, 119
Trd, 4318218.293, 127
Trd, 4318218.443, 113
Trd, 4318219.593, 120
Trd, 4318220.693, 73
Trd, 4318221.043, 74
Trd, 4318221.743, 75
Trd, 4318221.793, 72
Trd, 4318222.293, 95
Trd, 4318222.493, 100
Trd, 4318224.193, 109
Trd, 4318224.343, 106
Trd, 4318226.343, 130
Trd, 4318227.043, 117
Trd, 4318227.243, 116
Trd, 4318228.143, 105
Trd, 4318229.293, 75
Trd, 4318230.293, 117
Trd, 4318231.043, 123
Trd, 4318232.393, 134
Trd, 4318234.393, 94
Trd, 4318234.793, 88
Trd, 4318235.143, 82
Trd, 4318235.243, 90
Trd, 4318236.943, 109
Trd, 4318237.993, 65
Trd, 4318239.143, 86
Trd, 4318239.393, 83
Trd, 4318239.943, 98
Trd, 4318240.293, 95
Trd, 4318240.743, 94
Trd, 4318241.693, 75
Trd, 4318241.943, 113
Trd, 4318243.143, 86
Trd, 4318244.693, 93
Trd, 4318245.993, 96
Trd, 4318247.093, 94
Trd, 4318247.143, 70
Trd, 4318247.193, 114
Trd, 4318249.043, 107
Trd, 4318249.243, 117
Trd, 4318249.943, 118
Trd, 4318250.193, 105
Trd, 4318250.593, 129
Trd, 4318251.893, 103
Trd, 4318253.043, 101
Trd, 4318253.243, 113
Trd, 4318253.343, 122
Trd, 4318254.993, 102
Trd, 4318255.193, 95
Trd, 4318255.593, 86
Trd, 4318256.193, 62
Trd, 4318256.843, 117
Trd, 4318257.643, 61
Trd, 4318258.143, 74
Trd, 4318258.443, 86
Trd, 4318258.893, 131
Trd, 4318260.393, 96
Trd, 4318261.343, 115
Trd, 4318261.943, 118
Trd, 4318262.393, 92
Trd, 4318263.343, 102
Trd, 4318264.793, 123
Trd, 4318264.843, 111
Trd, 4318265.893, 130
Trd, 4318266.593, 117
Trd, 4318267.293, 82
Trd, 4318267.593, 75
Trd, 4318268.543, 84
Trd, 4318268.743, 107
Trd, 4318269.543, 106
Trd, 4318270.143, 103
Trd, 4318270.393, 70
Trd, 4318270.893, 95
Trd, 4318271.393, 96
Trd, 4318271.593, 80
Trd, 4318271.843, 69
Trd, 4318272.393, 85
Trd, 4318273.043, 103
Trd, 4318275.843, 80
Trd, 4318277.543, 126
Trd, 4318278.193, 115
Trd, 4318278.893, 95
Trd, 4318279.643, 76
Trd, 4318280.193, 65
Trd, 4318280.943, 126
Trd, 4318281.443, 105
Trd, 4318281.543, 96
Trd, 4318282.643, 69
Trd, 4318283.443, 94
Trd, 4318283.593, 83
Trd, 4318283.943, 107
Trd, 4318284.293, 94
Trd, 4318284.893, 98
Trd, 4318285.643, 69
Trd, 4318286.993, 87
Trd, 4318287.193, 103
Trd, 4318287.893, 65
Trd, 4318288.193, 64
Trd, 4318289.243, 67
Trd, 4318289.693, 69
Trd, 4318291.193, 125
Trd, 4318291.943, 109
Trd, 4318292.493, 73
Trd, 4318293.043, 85
Trd, 4318293.093, 107
Trd, 4318295.293, 133
Trd, 4318295.743, 107
Trd, 4318297.143, 106
Trd, 4318297.993, 110
Trd, 4318298.493, 121
Trd, 4318300.243, 111
Trd, 4318301.293, 112
Trd, 4318301.943, 120
Trd, 4318302.193, 103
Trd, 4318302.643, 102
Trd, 4318302.793, 86
Trd, 4318303.293, 130
Trd, 4318305.143, 103
Trd, 4318306.043, 118
Trd, 4318306.693, 132
Trd, 4318306.843, 93
Trd, 4318307.843, 122
Trd, 4318308.943, 111
Trd, 4318310.143, 114
Trd, 4318311.693, 109
Trd, 4318313.093, 128
Trd, 4318313.443, 139
Trd, 4318313.743, 128
Trd, 4318313.793, 119
Trd, 4318314.243, 103
Trd, 4318315.393, 68
Trd, 4318316.693, 136
Trd, 4318318.143, 106
Trd, 4318318.643, 97
Trd, 4318319.393, 83
Trd, 4318319.743, 100
Trd, 4318320.193, 63
Trd, 4318320.293, 65
Trd, 4318321.493, 96
Trd, 4318322.243, 89
Trd, 4318323.193, 69
Trd, 4318324.893, 122
Trd, 4318326.643, 123
Trd, 4318326.893, 125
Trd, 4318326.993, 86
Trd, 4318327.743, 81
Trd, 4318327.793, 88
Trd, 4318328.493, 99
Trd, 4318329.093, 131
Trd, 4318329.593, 101
Trd, 4318329.893, 74
Trd, 4318330.943, 121
Trd, 4318331.693, 66
Trd, 4318333.693, 99
Trd, 4318334.093, 85
Trd, 4318335.493, 94
Trd, 4318335.593, 93
Trd, 4318335.693, 82
Trd, 4318336.193, 127
Trd, 4318336.693, 128
Trd, 4318337.293, 120
Trd, 4318337.743, 107
Trd, 4318338.943, 61
Trd, 4318339.443, 71
Trd, 4318340.793, 104
Trd, 4318341.943, 73
Trd, 4318342.243, 85
Trd, 4318343.243, 125
Trd, 4318344.243, 137
Trd, 4318345.293, 112
Trd, 4318345.443, 87
Trd, 4318346.943, 122
Trd, 4318348.343, 86
Trd, 4318348.943, 82
Trd, 4318349.043, 94
Trd, 4318349.693, 74
Trd, 4318349.943, 75
Trd, 4318350.243, 104
Trd, 4318350.643, 88
Trd, 4318351.043, 91
Trd, 4318352.993, 132
Trd, 4318353.193, 108
Trd, 4318353.393, 85
Trd, 4318354.493, 137
Trd, 4318356.893, 123
Trd, 4318358.843, 105
Trd, 4318359.043, 111
Trd, 4318359.093, 92
Trd, 4318360.043, 134
Trd, 4318360.143, 121
Trd, 4318360.243, 92
Trd, 4318360.443, 89
Trd, 4318360.993, 131
Trd, 4318361.593, 99
Trd, 4318363.393, 106
Trd, 4318363.593, 137
Trd, 4318364.643, 117
Trd, 4318364.793, 119
Trd, 4318365.443, 119
Trd, 4318367.393, 129
Trd, 4318367.693, 139
Trd, 4318368.843, 84
Trd, 4318369.743, 114
Trd, 4318370.043, 108
Trd, 4318370.443, 106
Trd, 4318370.743, 139
Trd, 4318371.343, 130
Trd, 4318371.943, 118
Trd, 4318373.943, 119
Trd, 4318374.543, 85
Trd, 4318377.443, 128
Trd, 4318377.993, 117
Trd, 4318378.043, 117
Trd, 4318379.643, 102
Trd, 4318379.793, 98
Trd, 4318380.893, 90
Trd, 4318381.243, 67
Trd, 4318383.293, 102
Trd, 4318383.993, 134
Trd, 4318384.093, 112
Trd, 4318384.393, 138
Trd, 4318384.493, 99
Trd, 4318384.693, 91
Trd, 4318387.043, 126
Trd, 4318387.593, 116
Trd, 4318389.543, 80
Trd, 4318389.593, 74
Trd, 4318389.743, 85
Trd, 4318390.143, 99
Trd, 4318390.993, 130
Trd, 4318392.443, 127
Trd, 4318392.543, 98
Trd, 4318393.193, 117
Trd, 4318394.093, 102
Trd, 4318396.393, 109
Trd, 4318396.743, 131
Trd, 4318396.893, 115
Trd, 4318397.943, 93
Trd, 4318398.093, 126
Trd, 4318398.943, 89
Trd, 4318399.293, 70
Trd, 4318401.293, 71
Trd, 4318402.243, 108
Trd, 4318402.843, 80
Trd, 4318403.543, 69
Trd, 4318403.893, 74
Trd, 4318404.143, 118
Trd, 4318405.693, 66
Trd, 4318405.793, 77
Trd, 4318407.343, 138
Trd, 4318408.393, 105
Trd, 4318408.793, 98
Trd, 4318408.843, 97
Trd, 4318409.943, 118
Trd, 4318411.593, 131
Trd, 4318412.293, 125
Trd, 4318413.193, 128
Trd, 4318413.243, 125
Trd, 4318413.843, 128
Trd, 4318413.993, 112
Trd, 4318414.843, 70
Trd, 4318415.243, 111
Trd, 4318415.393, 68
Trd, 4318418.593, 116
Trd, 4318418.743, 106
Trd, 4318418.993, 101
Trd, 4318419.143, 95
Trd, 4318420.643, 139
Trd, 4318420.893, 122
Trd, 4318421.643, 86
Trd, 4318422.743, 79
Trd, 4318423.043, 76
Trd, 4318423.893, 137
Trd, 4318424.643, 97
Trd, 4318425.143, 103
Trd, 4318425.943, 135
Trd, 4318425.993, 106
Trd, 4318427.093, 111
Trd, 4318428.143, 113
Trd, 4318428.643, 101
Trd, 4318428.893, 77
Trd, 4318429.093, 68
Trd, 4318430.393, 134
Trd, 4318431.643, 122
Trd, 4318432.543, 122
Trd, 4318432.643, 107
Trd, 4318433.993, 131
Trd, 4318434.293, 101
Trd, 4318435.443, 115
Trd, 4318436.143, 96
Trd, 4318437.943, 97
Trd, 4318438.193, 85
Trd, 4318438.593, 86
Trd, 4318439.993, 113
Trd, 4318440.443, 63
Trd, 4318440.893, 103
Trd, 4318441.293, 63
Trd, 4318441.843, 87
Trd, 4318443.293, 131
Trd, 4318443.393, 130
Trd, 4318445.443, 124
Trd, 4318446.143, 130
Trd, 4318446.193, 119
Trd, 4318446.293, 109
Trd, 4318446.943, 89
Trd, 4318447.343, 130
Trd, 4318449.443, 107
Trd, 4318449.543, 127
Trd, 4318451.343, 79
Trd, 4318451.693, 100
Trd, 4318452.593, 122
Trd, 4318453.143, 97
Trd, 4318453.443, 85
Trd, 4318453.593, 104
Trd, 4318453.743, 128
Trd, 4318454.343, 128
Trd, 4318455.443, 115
Trd, 4318456.393, 97
Trd, 4318456.943, 95
Trd, 4318457.493, 97
Trd, 4318457.593, 108
Trd, 4318460.293, 135
Trd, 4318460.343, 124
Trd, 4318460.493, 112
Trd, 4318460.893, 131
Trd, 4318462.243, 121
Trd, 4318462.743, 114
Trd, 4318464.293, 111
Trd, 4318465.443, 115
Trd, 4318466.443, 87
Trd, 4318468.193, 136
Trd, 4318468.543, 111
Trd, 4318469.243, 121
Trd, 4318470.743, 95
Trd, 4318471.343, 132
Trd, 4318471.693, 121
Trd, 4318472.093, 139
Trd, 4318474.993, 109
Trd, 4318475.293, 100
Trd, 4318476.243, 84
Trd, 4318476.543, 75
Trd, 4318477.143, 84
Trd, 4318477.293, 86
Trd, 4318477.343, 93
Trd, 4318478.393, 112
Trd, 4318478.443, 104
Trd, 4318479.043, 106
Trd, 4318479.943, 132
Trd, 4318482.343, 138
Trd, 4318482.593, 125
Trd, 4318485.993, 115
Trd, 4318486.093, 95
Trd, 4318486.843, 127
Trd, 4318487.243, 113
Trd, 4318487.743, 96
Trd, 4318488.793, 84
Trd, 4318489.793, 113
Trd, 4318490.293, 113
Trd, 4318491.943, 110
Trd, 4318492.143, 132
Trd, 4318492.343, 121
Trd, 4318493.193, 120
Trd, 4318494.093, 115
Trd, 4318495.093, 88
Trd, 4318495.943, 119
Trd, 4318496.593, 63
Trd, 4318496.743, 120
Trd, 4318498.593, 132
Trd, 4318499.043, 135
Trd, 4318499.493, 103
Trd, 4318499.593, 97
Trd, 4318500.893, 94
Trd, 4318501.693, 108
Trd, 4318502.793, 84
Trd, 4318503.093, 64
Trd, 4318503.793, 87
Trd, 4318505.493, 133
Trd, 4318505.693, 73
Trd, 4318505.993, 85
Trd, 4318506.693, 70
Trd, 4318507.793, 126
Trd, 4318510.593, 100
Trd, 4318510.893, 107
Trd, 4318511.143, 100
Trd, 4318511.343, 92
Trd, 4318512.343, 90
Trd, 4318512.843, 67
Trd, 4318516.243, 130
Trd, 4318516.443, 126
Trd, 4318516.893, 121
Trd, 4318518.643, 110
Trd, 4318519.193, 113
Trd, 4318519.943, 108
Trd, 4318520.543, 108
Trd, 4318521.593, 124
Trd, 4318522.493, 123
Trd, 4318522.743, 91
Trd, 4318523.793, 88
Trd, 4318524.193, 85
Trd, 4318524.593, 123
Trd, 4318524.943, 108
Trd, 4318525.993, 97
Trd, 4318527.643, 80
Trd, 4318527.693, 84
Trd, 4318528.043, 123
Trd, 4318529.343, 111
Trd, 4318531.043, 95
Trd, 4318531.193, 89
Trd, 4318531.843, 107
Trd, 4318532.993, 100
Trd, 4318533.443, 90
Trd, 4318535.243, 130
Trd, 4318535.643, 120
Trd, 4318536.093, 100
Trd, 4318536.793, 90
Trd, 4318537.443, 89
Trd, 4318537.893, 91
Trd, 4318539.643, 126
Trd, 4318540.043, 99
Trd, 4318540.943, 77
Trd, 4318541.393, 68
Trd, 4318541.443, 88
Trd, 4318541.993, 133
Trd, 4318544.693, 102
Trd, 4318544.793, 101
Trd, 4318545.043, 136
Trd, 4318545.143, 98
Trd, 4318546.143, 136
Trd, 4318546.493, 129
Trd, 4318548.443, 101
Trd, 4318548.693, 100
Trd, 4318549.793, 118
Trd, 4318550.043, 77
Trd, 4318550.293, 75
Trd, 4318550.893, 118
Trd, 4318551.593, 93
Trd, 4318554.343, 107
Trd, 4318554.593, 118
Trd, 4318554.693, 95
Trd, 4318555.643, 127
Trd, 4318556.093, 106
Trd, 4318557.343, 94
Trd, 4318558.143, 116
Trd, 4318558.693, 116
Trd, 4318560.143, 135
Trd, 4318561.943, 120
Trd, 4318561.993, 103
Trd, 4318563.243, 102
Trd, 4318564.493, 130
Trd, 4318566.093, 127
Trd, 4318567.093, 120
Trd, 4318568.093, 108
Trd, 4318568.393, 122
Trd, 4318568.793, 123
Trd, 4318569.243, 114
Trd, 4318569.293, 107
Trd, 4318569.393, 101
Trd, 4318571.293, 101
Trd, 4318571.993, 126
Trd, 4318573.093, 117
Trd, 4318573.343, 111
Trd, 4318574.743, 129
Trd, 4318574.843, 124
Trd, 4318575.743, 107
Trd, 4318575.793, 105
Trd, 4318578.243, 94
Trd, 4318578.693, 94
Trd, 4318579.193, 140
Trd, 4318579.843, 119
Trd, 4318580.793, 139
Trd, 4318582.193, 109
Trd, 4318583.343, 94
Trd, 4318584.793, 130
Trd, 4318584.893, 121
Trd, 4318584.993, 108
Trd, 4318585.293, 92
Trd, 4318585.793, 135
Trd, 4318586.343, 130
Trd, 4318587.793, 119
Trd, 4318588.393, 121
Trd, 4318588.693, 136
Trd, 4318589.543, 86
Trd, 4318589.643, 83
Trd, 4318590.693, 92
Trd, 4318591.893, 96
Trd, 4318592.443, 84
Trd, 4318595.743, 108
Trd, 4318596.743, 97
Trd, 4318597.043, 79
Trd, 4318597.793, 87
Trd, 4318599.243, 87
Trd, 4318599.843, 133
Trd, 4318601.043, 119
Trd, 4318601.193, 88
Trd, 4318601.293, 125
Trd, 4318601.843, 77
Trd, 4318602.743, 125
Trd, 4318604.593, 122
Trd, 4318605.193, 116
Trd, 4318605.593, 128
Trd, 4318606.143, 114
Trd, 4318607.493, 83
Trd, 4318607.843, 72
Trd, 4318608.643, 138
Trd, 4318609.043, 94
Trd, 4318609.643, 81
Trd, 4318610.093, 69
Trd, 4318610.593, 62
Trd, 4318611.043, 118
Trd, 4318614.993, 117
Trd, 4318615.043, 104
Trd, 4318615.143, 92
Trd, 4318616.293, 89
Trd, 4318617.293, 71
Trd, 4318617.593, 123
Trd, 4318617.643, 109
Trd, 4318617.893, 79
Trd, 4318618.343, 110
Trd, 4318620.443, 119
Trd, 4318620.743, 135
Trd, 4318621.543, 140
Trd, 4318622.193, 90
Trd, 4318623.093, 86
Trd, 4318624.393, 103
Trd, 4318625.193, 116
Trd, 4318625.743, 120
Trd, 4318626.393, 132
Trd, 4318626.943, 103
Trd, 4318626.993, 90
Trd, 4318627.743, 128
Trd, 4318628.543, 126
Trd, 4318629.393, 90
Trd, 4318630.543, 121
Trd, 4318631.043, 130
Trd, 4318631.143, 84
Trd, 4318632.193, 130
Trd, 4318632.843, 104
Trd, 4318633.793, 114
Trd, 4318633.993, 114
Trd, 4318634.443, 100
Trd, 4318636.643, 133
Trd, 4318636.793, 119
Trd, 4318638.093, 136
Trd, 4318638.493, 102
Trd, 4318638.793, 93
Trd, 4318638.893, 120
Trd, 4318639.093, 90
Trd, 4318639.943, 106
Trd, 4318640.143, 121
Trd, 4318640.193, 93
Trd, 4318641.093, 117
Trd, 4318641.243, 96
Trd, 4318642.643, 100
Trd, 4318644.243, 124
Trd, 4318645.243, 103
Trd, 4318645.543, 101
Trd, 4318646.093, 123
Trd, 4318646.593, 118
Trd, 4318647.593, 107
Trd, 4318647.743, 106
Trd, 4318649.893, 127
Trd, 4318650.543, 110
Trd, 4318650.843, 109
Trd, 4318651.693, 98
Trd, 4318652.343, 86
Trd, 4318652.893, 110
Trd, 4318653.093, 109
Trd, 4318653.493, 96
Trd, 4318656.243, 75
Trd, 4318656.393, 116
Trd, 4318657.443, 128
Trd, 4318657.693, 125
Trd, 4318658.793, 121
Trd, 4318659.743, 131
Trd, 4318659.893, 99
Trd, 4318660.043, 96
Trd, 4318661.343, 126
Trd, 4318661.793, 125
Trd, 4318662.593, 130
Trd, 4318662.843, 118
Trd, 4318663.393, 117
Trd, 4318663.693, 91
Trd, 4318665.793, 105
Trd, 4318666.393, 103
Trd, 4318667.543, 137
Trd, 4318668.993, 129
Trd, 4318669.093, 128
Trd, 4318670.043, 119
Trd, 4318670.443, 83
Trd, 4318670.693, 107
Trd, 4318671.593, 78
Trd, 4318672.893, 73
Trd, 4318672.943, 81
Trd, 4318673.343, 61
Trd, 4318674.443, 92
Trd, 4318676.543, 113
Trd, 4318677.043, 67
Trd, 4318678.293, 113
Trd, 4318678.993, 108
Trd, 4318679.993, 114
Trd, 4318680.643, 109
Trd, 4318681.293, 127
Trd, 4318681.843, 108
Trd, 4318683.243, 86
Trd, 4318683.543, 111
Trd, 4318683.893, 99
Trd, 4318684.093, 84
Trd, 4318684.993, 88
Trd, 4318685.793, 133
Trd, 4318687.093, 103
Trd, 4318688.543, 124
Trd, 4318688.943, 94
Trd, 4318690.343, 137
Trd, 4318690.843, 127
Trd, 4318691.993, 135
Trd, 4318692.443, 76
Trd, 4318693.093, 122
Trd, 4318693.843, 119
Trd, 4318693.893, 103
Trd, 4318695.643, 138
Trd, 4318698.543, 101
Trd, 4318699.243, 99
Trd, 4318699.593, 79
Trd, 4318700.443, 120
Trd, 4318700.493, 107
Trd, 4318701.143, 123
Trd, 4318701.843, 138
Trd, 4318702.593, 122
Trd, 4318703.193, 123
Trd, 4318704.243, 119
Trd, 4318704.793, 85
Trd, 4318705.043, 92
Trd, 4318705.743, 80
Trd, 4318706.343, 63
Trd, 4318706.393, 70
Trd, 4318707.343, 70
Trd, 4318708.543, 114
Trd, 4318710.543, 135
Trd, 4318710.693, 118
Trd, 4318711.393, 104
Trd, 4318713.143, 119
Trd, 4318713.193, 104
Trd, 4318713.493, 97
Trd, 4318713.693, 88
Trd, 4318714.093, 80
Trd, 4318715.843, 92
Trd, 4318717.193, 99
Trd, 4318717.593, 91
Trd, 4318717.943, 85
Trd, 4318718.393, 99
Trd, 4318719.793, 122
Trd, 4318721.293, 104
Trd, 4318722.643, 131
Trd, 4318722.743, 115
Trd, 4318723.143, 101
Trd, 4318723.393, 79
Trd, 4318723.993, 111
Trd, 4318724.943, 103
Trd, 4318725.043, 85
Trd, 4318725.743, 117
Trd, 4318727.493, 110
Trd, 4318728.393, 119
Trd, 4318729.343, 100
Trd, 4318729.843, 131
Trd, 4318730.543, 127
Trd, 4318731.393, 112
Trd, 4318731.493, 99
Trd, 4318733.793, 101
Trd, 4318734.343, 96
Trd, 4318735.743, 136
Trd, 4318736.893, 109
Trd, 4318736.993, 108
Trd, 4318737.293, 108
Trd, 4318738.193, 79
Trd, 4318739.043, 108
Trd, 4318741.543, 77
Trd, 4318742.293, 110
Trd, 4318742.543, 111
Trd, 4318742.643, 87
Trd, 4318742.693, 75
Trd, 4318742.943, 70
Trd, 4318745.243, 130
Trd, 4318746.293, 127
Trd, 4318746.493, 118
Trd, 4318747.893, 137
Trd, 4318747.943, 115
Trd, 4318749.543, 120
Trd, 4318750.193, 87
Trd, 4318751.093, 95
Trd, 4318751.393, 125
Trd, 4318751.593, 94
Trd, 4318752.993, 84
Trd, 4318754.643, 111
Trd, 4318755.193, 102
Trd, 4318755.543, 119
Trd, 4318756.243, 112
Trd, 4318756.893, 97
Trd, 4318757.743, 112
Trd, 4318758.343, 136
Trd, 4318758.593, 133
Trd, 4318759.243, 101
Trd, 4318760.393, 79
Trd, 4318760.643, 78
Trd, 4318760.843, 87
Trd, 4318761.843, 96
Trd, 4318763.893, 140
Trd, 4318764.843, 94
Trd, 4318764.943, 86
Trd, 4318765.793, 132
Trd, 4318767.293, 106
Trd, 4318767.843, 121
Trd, 4318768.543, 111
Trd, 4318769.993, 99
Trd, 4318770.943, 114
Trd, 4318771.043, 120
Trd, 4318771.693, 123
Trd, 4318772.093, 132
Trd, 4318772.593, 85
Trd, 4318773.543, 124
Trd, 4318773.793, 108
Trd, 4318775.093, 132
Trd, 4318775.143, 86
Trd, 4318775.393, 108
Trd, 4318775.443, 62
Trd, 4318776.893, 113
Trd, 4318779.343, 127
Trd, 4318779.493, 109
Trd, 4318781.043, 124
Trd, 4318781.293, 120
Trd, 4318781.593, 106
Trd, 4318782.243, 106
Trd, 4318783.093, 95
Trd, 4318784.393, 106
Trd, 4318784.943, 102
Trd, 4318785.693, 112
Trd, 4318786.093, 73
Trd, 4318786.943, 109
Trd, 4318787.943, 133
Trd, 4318788.343, 116
Trd, 4318789.343, 114
Trd, 4318790.943, 98
Trd, 4318791.293, 116
Trd, 4318791.893, 106
Trd, 4318792.693, 100
Trd, 4318792.793, 92
Trd, 4318793.093, 105
Trd, 4318793.243, 91
Trd, 4318794.343, 123
Trd, 4318794.793, 97
Trd, 4318796.493, 137
Trd, 4318796.643, 90
Trd, 4318797.793, 78
Trd, 4318798.143, 92
Trd, 4318798.543, 129
Trd, 4318799.443, 113
Trd, 4318800.043, 108
Trd, 4318801.593, 125
Trd, 4318801.793, 92
Trd, 4318803.543, 94
Trd, 4318803.643, 84
Trd, 4318804.143, 129
Trd, 4318804.443, 128
Trd, 4318804.843, 90
Trd, 4318806.093, 121
Trd, 4318806.743, 100
Trd, 4318807.743, 83
Trd, 4318807.993, 103
Trd, 4318809.243, 74
Trd, 4318812.093, 132
Trd, 4318812.393, 130
Trd, 4318812.443, 120
Trd, 4318813.293, 133
Trd, 4318813.693, 114
Trd, 4318814.143, 112
Trd, 4318814.193, 106
Trd, 4318814.543, 97
Trd, 4318815.993, 138
Trd, 4318816.893, 121
Trd, 4318817.643, 102
Trd, 4318818.393, 134
Trd, 4318818.793, 116
Trd, 4318819.043, 81
Trd, 4318819.943, 94
Trd, 4318820.393, 119
Trd, 4318823.393, 136
Trd, 4318823.443, 113
Trd, 4318823.843, 109
Trd, 4318824.743, 77
Trd, 4318825.343, 120
Trd, 4318827.443, 117
Trd, 4318828.343, 92
Trd, 4318830.593, 131
Trd, 4318832.043, 114
Trd, 4318832.543, 132
Trd, 4318832.643, 104
Trd, 4318832.843, 103
Trd, 4318833.093, 133
Trd, 4318833.193, 89
Trd, 4318833.943, 99
Trd, 4318834.193, 94
Trd, 4318835.543, 127
Trd, 4318836.493, 74
Trd, 4318836.843, 80
Trd, 4318837.743, 128
Trd, 4318838.093, 116
Trd, 4318839.693, 102
Trd, 4318841.243, 98
Trd, 4318841.343, 89
Trd, 4318841.893, 104
Trd, 4318842.293, 125
Trd, 4318843.143, 107
Trd, 4318843.693, 116
Trd, 4318844.693, 68
Trd, 4318845.543, 112
Trd, 4318845.693, 94
Trd, 4318847.543, 90
Trd, 4318848.093, 92
Trd, 4318849.243, 95
Trd, 4318850.093, 128
Trd, 4318850.943, 134
Trd, 4318851.693, 109
Trd, 4318852.143, 120
Trd, 4318852.293, 102
Trd, 4318852.843, 123
Trd, 4318853.043, 117
Trd, 4318853.643, 100
Trd, 4318855.393, 119
Trd, 4318856.143, 124
Trd, 4318857.743, 127
Trd, 4318857.943, 121
Trd, 4318858.643, 102
Trd, 4318859.543, 99
Trd, 4318859.843, 109
Trd, 4318859.993, 83
Trd, 4318861.043, 109
Trd, 4318863.093, 132
Trd, 4318863.643, 119
Trd, 4318864.543, 130
Trd, 4318865.643, 114
Trd, 4318866.793, 125
Trd, 4318867.293, 126
Trd, 4318867.643, 114
Trd, 4318868.193, 89
Trd, 4318869.343, 94
Trd, 4318870.443, 77
Trd, 4318871.643, 73
Trd, 4318871.743, 107
Trd, 4318872.043, 99
Trd, 4318872.243, 71
Trd, 4318873.543, 80
Trd, 4318873.943, 92
Trd, 4318874.643, 124
Trd, 4318875.893, 96
Trd, 4318877.343, 119
Trd, 4318878.193, 118
Trd, 4318878.543, 110
Trd, 4318878.643, 88
Trd, 4318881.093, 84
Trd, 4318881.493, 89
Trd, 4318882.393, 94
Trd, 4318882.843, 116
Trd, 4318883.043, 110
Trd, 4318883.743, 110
Trd, 4318885.043, 131
Trd, 4318886.493, 106
Trd, 4318887.343, 121
Trd, 4318887.993, 92
Trd, 4318888.243, 89
Trd, 4318889.543, 90
Trd, 4318891.243, 127
Trd, 4318892.293, 109
Trd, 4318892.743, 93
Trd, 4318893.893, 110
Trd, 4318894.043, 119
Trd, 4318894.393, 86
Trd, 4318895.293, 91
Trd, 4318895.643, 111
Trd, 4318897.443, 122
Trd, 4318897.693, 122
Trd, 4318898.493, 125
Trd, 4318899.393, 102
Trd, 4318899.743, 89
Trd, 4318900.993, 96
Trd, 4318901.443, 133
Trd, 4318902.643, 134
Trd, 4318904.293, 117
Trd, 4318905.343, 99
Trd, 4318906.843, 134
Trd, 4318908.143, 135
Trd, 4318908.293, 133
Trd, 4318908.493, 120
Trd, 4318909.593, 100
Trd, 4318910.943, 136
Trd, 4318911.293, 135
Trd, 4318911.493, 119
Trd, 4318912.943, 120
Trd, 4318913.493, 99
Trd, 4318914.743, 118
Trd, 4318915.493, 111
Trd, 4318915.593, 91
Trd, 4318917.193, 115
Trd, 4318917.243, 88
Trd, 4318918.443, 139
Trd, 4318918.593, 123
Trd, 4318919.293, 108
Trd, 4318919.493, 109
Trd, 4318920.793, 125
Trd, 4318921.593, 134
Trd, 4318921.793, 107
Trd, 4318923.043, 114
Trd, 4318923.093, 91
Trd, 4318923.843, 91
Trd, 4318923.893, 84
Trd, 4318926.893, 61
Trd, 4318927.443, 77
Trd, 4318929.043, 138
Trd, 4318929.593, 120
Trd, 4318929.843, 107
Trd, 4318930.243, 76
Trd, 4318930.493, 82
Trd, 4318931.043, 127
Trd, 4318933.643, 97
Trd, 4318934.343, 134
Trd, 4318934.443, 124
Trd, 4318935.593, 138
Trd, 4318935.843, 68
Trd, 4318936.393, 78
Trd, 4318936.893, 126
Trd, 4318937.843, 86
Trd, 4318939.943, 115
Trd, 4318940.343, 89
Trd, 4318941.543, 124
Trd, 4318941.743, 80
Trd, 4318942.093, 77
Trd, 4318944.143, 122
Trd, 4318944.243, 115
Trd, 4318944.743, 104
Trd, 4318944.843, 97
Trd, 4318946.193, 134
Trd, 4318946.343, 95
Trd, 4318947.243, 87
Trd, 4318947.893, 75
Trd, 4318948.093, 94
Trd, 4318950.443, 127
Trd, 4318951.243, 107
Trd, 4318953.493, 78
Trd, 4318953.943, 83
Trd, 4318954.043, 115
Trd, 4318955.693, 115
Trd, 4318956.293, 136
Trd, 4318957.743, 108
Trd, 4318957.893, 76
Trd, 4318959.593, 72
Trd, 4318960.143, 98
Trd, 4318960.843, 134
Trd, 4318960.893, 132
Trd, 4318961.343, 102
Trd, 4318962.893, 104
Trd, 4318963.643, 91
Trd, 4318964.243, 69
Trd, 4318965.143, 81
Trd, 4318965.243, 88
Trd, 4318966.193, 110
Trd, 4318969.043, 126
Trd, 4318969.293, 121
Trd, 4318969.743, 109
Trd, 4318971.343, 116
Trd, 4318971.943, 128
Trd, 4318971.993, 114
Trd, 4318972.193, 112
Trd, 4318973.343, 111
Trd, 4318973.793, 80
Trd, 4318974.743, 103
Trd, 4318974.893, 82
Trd, 4318975.743, 122
Trd, 4318976.643, 105
Trd, 4318978.143, 138
Trd, 4318978.593, 128
Trd, 4318979.243, 119
Trd, 4318979.793, 118
Trd, 4318980.943, 114
Trd, 4318981.643, 100
Trd, 4318982.443, 107
Trd, 4318982.793, 120
Trd, 4318983.293, 94
Trd, 4318985.193, 62
Trd, 4318986.393, 122
Trd, 4318987.393, 111
Trd, 4318987.593, 92
Trd, 4318988.493, 89
Trd, 4318990.143, 93
Trd, 4318990.343, 108
Trd, 4318991.593, 116
Trd, 4318993.343, 95
Trd, 4318993.693, 117
Trd, 4318994.143, 103
Trd, 4318994.543, 87
Trd, 4318994.993, 90
Trd, 4318995.993, 125
Trd, 4318996.193, 118
Trd, 4318996.443, 84
Trd, 4318998.293, 131
Trd, 4318998.943, 131
Trd, 4318999.043, 134
Trd, 4319000.143, 122
Trd, 4319002.193, 96
Trd, 4319002.493, 99
Trd, 4319003.293, 117
Trd, 4319003.743, 100
Trd, 4319004.043, 92
Trd, 4319004.293, 79
Trd, 4319004.343, 78
Trd, 4319007.143, 104
Trd, 4319008.393, 103
Trd, 4319009.143, 123
Trd, 4319009.543, 122
Trd, 4319009.843, 105
Trd, 4319011.693, 123
Trd, 4319012.093, 126
Trd, 4319012.993, 79
Trd, 4319013.393, 104
Trd, 4319015.493, 139
Trd, 4319015.643, 119
Trd, 4319016.393, 102
Trd, 4319016.843, 98
Trd, 4319017.393, 129
Trd, 4319017.793, 106
Trd, 4319019.143, 115
Trd, 4319019.443, 139
Trd, 4319020.343, 138
Trd, 4319020.593, 122
Trd, 4319020.643, 113
Trd, 4319021.043, 125
Trd, 4319021.493, 118
Trd, 4319023.243, 127
Trd, 4319024.893, 117
Trd, 4319025.293, 112
Trd, 4319025.493, 94
Trd, 4319026.143, 140
Trd, 4319026.493, 128
Trd, 4319027.043, 102
Trd, 4319027.543, 127
Trd, 4319028.343, 137
Trd, 4319029.593, 90
Trd, 4319030.443, 117
Trd, 4319030.743, 110
Trd, 4319032.143, 99
Trd, 4319032.793, 118
Trd, 4319033.543, 118
Trd, 4319035.093, 114
Trd, 4319035.843, 110
Trd, 4319035.993, 101
Trd, 4319036.843, 87
Trd, 4319038.543, 115
Trd, 4319039.793, 95
Trd, 4319040.193, 130
Trd, 4319040.243, 93
Trd, 4319040.343, 84
Trd, 4319041.693, 129
Trd, 4319042.543, 94
Trd, 4319044.193, 100
Trd, 4319044.343, 103
Trd, 4319044.443, 94
Trd, 4319045.493, 74
Trd, 4319046.743, 94
Trd, 4319047.293, 76
Trd, 4319048.143, 81
Trd, 4319048.793, 103
Trd, 4319050.943, 126
Trd, 4319051.443, 120
Trd, 4319051.993, 122
Trd, 4319052.243, 89
Trd, 4319052.393, 80
Trd, 4319053.443, 127
Trd, 4319054.393, 116
Trd, 4319055.443, 139
Trd, 4319056.193, 98
Trd, 4319057.293, 133
Trd, 4319057.843, 122
Trd, 4319058.593, 112
Trd, 4319060.293, 86
Trd, 4319061.143, 132
Trd, 4319062.143, 128
Trd, 4319062.393, 116
Trd, 4319063.143, 115
Trd, 4319063.843, 106
Trd, 4319064.093, 133
Trd, 4319064.493, 83
Trd, 4319064.793, 60
Trd, 4319066.293, 108
Trd, 4319067.443, 111
Trd, 4319068.093, 137
Trd, 4319069.393, 120
Trd, 4319070.143, 121
Trd, 4319070.493, 110
Trd, 4319071.243, 72
Trd, 4319071.793, 61
Trd, 4319073.093, 125
Trd, 4319075.443, 100
Trd, 4319075.593, 95
Trd, 4319076.243, 123
Trd, 4319076.393, 84
Trd, 4319077.443, 103
Trd, 4319077.493, 74
Trd, 4319077.993, 140
Trd, 4319080.143, 130
Trd, 4319080.293, 115
Trd, 4319082.443, 100
Trd, 4319082.743, 98
Trd, 4319082.993, 112
Trd, 4319083.343, 95
Trd, 4319084.843, 96
Trd, 4319087.343, 67
Trd, 4319088.143, 82
Trd, 4319088.343, 83
Trd, 4319088.893, 68
Trd, 4319089.143, 68
Trd, 4319091.343, 132
Trd, 4319091.393, 125
Trd, 4319091.693, 110
Trd, 4319092.993, 106
Trd, 4319093.743, 96
Trd, 4319096.293, 131
Trd, 4319096.993, 120
Trd, 4319097.643, 108
Trd, 4319097.793, 101
Trd, 4319097.993, 88
Trd, 4319099.843, 140
Trd, 4319099.943, 111
Trd, 4319101.743, 125
Trd, 4319101.943, 97
Trd, 4319102.893, 134
Trd, 4319103.293, 125
Trd, 4319103.943, 129
Trd, 4319104.993, 132
Trd, 4319105.243, 131
Trd, 4319106.043, 112
Trd, 4319106.493, 125
Trd, 4319106.943, 125
Trd, 4319110.093, 133
Trd, 4319111.993, 117
Trd, 4319112.593, 106
Trd, 4319113.393, 111
Trd, 4319113.993, 129
Trd, 4319114.243, 128
Trd, 4319114.593, 126
Trd, 4319114.993, 105
Trd, 4319116.793, 105
Trd, 4319116.843, 99
Trd, 4319117.543, 106
Trd, 4319119.093, 132
Trd, 4319119.493, 115
Trd, 4319119.693, 136
Trd, 4319120.743, 91
Trd, 4319121.543, 74
Trd, 4319122.043, 97
Trd, 4319123.343, 125
Trd, 4319123.393, 82
Trd, 4319125.393, 121
Trd, 4319125.593, 117
Trd, 4319126.593, 120
Trd, 4319127.143, 101
Trd, 4319127.593, 127
Trd, 4319128.743, 116
Trd, 4319131.093, 107
Trd, 4319131.143, 79
Trd, 4319131.293, 127
Trd, 4319132.193, 126
Trd, 4319132.643, 122
Trd, 4319132.843, 113
Trd, 4319133.443, 134
Trd, 4319134.643, 114
Trd, 4319135.243, 85
Trd, 4319135.943, 133
Trd, 4319137.293, 137
Trd, 4319138.743, 121
Trd, 4319138.843, 112
Trd, 4319138.893, 103
Trd, 4319139.343, 103
Trd, 4319140.143, 108
Trd, 4319140.843, 109
Trd, 4319141.893, 137
Trd, 4319142.193, 121
Trd, 4319143.043, 123
Trd, 4319143.493, 108
Trd, 4319144.743, 132
Trd, 4319145.343, 133
Trd, 4319145.393, 98
Trd, 4319145.843, 136
Trd, 4319146.693, 127
Trd, 4319147.443, 62
Trd, 4319147.693, 72
Trd, 4319148.493, 129
Trd, 4319150.693, 123
Trd, 4319150.843, 117
Trd, 4319151.093, 108
Trd, 4319153.993, 135
Trd, 4319154.193, 115
Trd, 4319154.343, 111
Trd, 4319154.793, 100
Trd, 4319155.143, 132
Trd, 4319155.343, 96
Trd, 4319156.543, 77
Trd, 4319157.443, 125
Trd, 4319158.293, 120
Trd, 4319159.143, 112
Trd, 4319159.393, 88
Trd, 4319159.643, 128
Trd, 4319160.693, 132
Trd, 4319161.493, 123
Trd, 4319161.643, 117
Trd, 4319163.093, 114
Trd, 4319163.843, 101
Trd, 4319164.043, 98
Trd, 4319164.293, 89
Trd, 4319164.993, 121
Trd, 4319165.243, 81
Trd, 4319166.743, 80
Trd, 4319167.843, 117
Trd, 4319168.493, 125
Trd, 4319169.143, 115
Trd, 4319169.743, 95
Trd, 4319170.343, 120
Trd, 4319171.343, 118
Trd, 4319172.593, 115
Trd, 4319172.743, 86
Trd, 4319173.143, 116
Trd, 4319173.893, 130
Trd, 4319174.143, 114
Trd, 4319175.893, 102
Trd, 4319177.343, 136
Trd, 4319177.693, 100
Trd, 4319178.493, 120
Trd, 4319179.443, 117
Trd, 4319180.143, 96
Trd, 4319180.643, 91
Trd, 4319181.893, 91
Trd, 4319182.143, 91
Trd, 4319183.243, 126
Trd, 4319183.693, 134
Trd, 4319183.943, 117
Trd, 4319185.643, 113
Trd, 4319185.943, 114
Trd, 4319186.843, 101
Trd, 4319186.993, 97
Trd, 4319187.193, 129
Trd, 4319187.943, 123
Trd, 4319189.543, 110
Trd, 4319189.643, 79
Trd, 4319190.043, 79
Trd, 4319190.443, 87
Trd, 4319191.543, 76
Trd, 4319191.943, 85
Trd, 4319192.393, 116
Trd, 4319192.593, 97
Trd, 4319192.843, 126
Trd, 4319193.293, 116
Trd, 4319194.443, 68
Trd, 4319195.943, 63
Trd, 4319198.593, 98
Trd, 4319198.643, 96
Trd, 4319199.393, 124
Trd, 4319199.993, 71
Trd, 4319200.743, 87
Trd, 4319202.143, 93
Trd, 4319202.993, 88
Trd, 4319203.693, 88
Trd, 4319203.843, 97
Trd, 4319203.993, 95
Trd, 4319204.193, 81
Trd, 4319204.443, 133
Trd, 4319205.743, 137
Trd, 4319205.793, 120
Trd, 4319205.893, 82
Trd, 4319207.593, 92
Trd, 4319208.193, 92
Trd, 4319208.343, 103
Trd, 4319208.743, 87
Trd, 4319210.093, 114
Trd, 4319211.043, 81
Trd, 4319211.793, 90
Trd, 4319212.193, 140
Trd, 4319213.493, 125
Trd, 4319213.593, 126
Trd, 4319213.993, 87
Trd, 4319215.093, 122
Trd, 4319215.493, 112
Trd, 4319216.043, 124
Trd, 4319217.743, 103
Trd, 4319218.343, 110
Trd, 4319219.143, 81
Trd, 4319219.293, 67
Trd, 4319219.393, 86
Trd, 4319220.443, 139
Trd, 4319221.293, 131
Trd, 4319221.443, 103
Trd, 4319221.493, 94
Trd, 4319221.693, 111
Trd, 4319223.243, 124
Trd, 4319224.593, 138
Trd, 4319226.543, 126
Trd, 4319227.143, 137
Trd, 4319228.343, 124
Trd, 4319230.443, 130
Trd, 4319230.643, 121
Trd, 4319231.443, 128
Trd, 4319232.493, 97
Trd, 4319232.993, 116
Trd, 4319233.293, 77
Trd, 4319233.843, 99
Trd, 4319235.643, 99
Trd, 4319235.843, 96
Trd, 4319236.193, 112
Trd, 4319236.243, 102
Trd, 4319237.143, 96
Trd, 4319237.343, 98
Trd, 4319238.243, 101
Trd, 4319240.043, 120
Trd, 4319241.343, 111
Trd, 4319241.793, 105
Trd, 4319241.993, 123
Trd, 4319242.543, 122
Trd, 4319242.643, 85
Trd, 4319244.443, 139
Trd, 4319245.293, 133
Trd, 4319246.193, 130
Trd, 4319246.293, 96
Trd, 4319247.543, 113
Trd, 4319249.543, 129
Trd, 4319249.943, 104
Trd, 4319250.193, 120
Trd, 4319252.543, 108
Trd, 4319252.843, 117
Trd, 4319253.543, 119
Trd, 4319254.893, 97
Trd, 4319256.693, 76
Trd, 4319256.943, 87
Trd, 4319257.793, 135
Trd, 4319259.093, 125
Trd, 4319259.743, 97
Trd, 4319259.893, 97
Trd, 4319259.943, 87
Trd, 4319260.943, 125
Trd, 4319261.943, 131
Trd, 4319262.743, 112
Trd, 4319263.393, 87
Trd, 4319265.143, 97
Trd, 4319265.243, 81
Trd, 4319265.493, 119
Trd, 4319267.943, 104
Trd, 4319268.293, 95
Trd, 4319268.393, 122
Trd, 4319268.843, 84
Trd, 4319269.243, 136
Trd, 4319269.593, 119
Trd, 4319270.393, 129
Trd, 4319271.843, 127
Trd, 4319272.243, 113
Trd, 4319273.743, 129
Trd, 4319274.543, 78
Trd, 4319275.543, 121
Trd, 4319276.043, 112
Trd, 4319277.043, 100
Trd, 4319277.393, 97
Trd, 4319277.943, 98
Trd, 4319278.543, 136
Trd, 4319278.743, 90
Trd, 4319279.143, 117
Trd, 4319280.293, 114
Trd, 4319281.643, 117
Trd, 4319281.943, 109
Trd, 4319282.343, 119
Trd, 4319282.793, 113
Trd, 4319283.343, 78
Trd, 4319284.443, 130
Trd, 4319284.543, 106
Trd, 4319286.743, 95
Trd, 4319288.143, 117
Trd, 4319288.493, 138
Trd, 4319289.193, 105
Trd, 4319290.793, 100
Trd, 4319291.143, 122
Trd, 4319291.643, 103
Trd, 4319292.193, 98
Trd, 4319293.143, 128
Trd, 4319293.543, 114
Trd, 4319294.693, 65
Trd, 4319296.043, 126
Trd, 4319296.643, 112
Trd, 4319297.043, 98
Trd, 4319297.493, 96
Trd, 4319299.543, 134
Trd, 4319299.743, 101
Trd, 4319301.643, 90
Trd, 4319303.943, 122
Trd, 4319304.943, 112
Trd, 4319305.693, 117
Trd, 4319305.843, 76
Trd, 4319306.743, 104
Trd, 4319306.893, 125
Trd, 4319307.043, 127
Trd, 4319309.143, 109
Trd, 4319309.443, 130
Trd, 4319309.993, 111
Trd, 4319310.443, 92
Trd, 4319311.393, 69
Trd, 4319311.643, 86
Trd, 4319313.393, 90
Trd, 4319313.443, 98
Trd, 4319314.443, 92
Trd, 4319314.643, 113
Trd, 4319315.293, 88
Trd, 4319316.993, 89
Trd, 4319317.193, 128
Trd, 4319318.393, 118
Trd, 4319319.393, 112
Trd, 4319319.793, 130
Trd, 4319319.843, 107
Trd, 4319320.793, 83
Trd, 4319321.843, 114
Trd, 4319322.043, 81
Trd, 4319322.293, 118
Trd, 4319324.193, 99
Trd, 4319325.793, 120
Trd, 4319326.643, 99
Trd, 4319327.393, 109
Trd, 4319327.643, 115
Trd, 4319329.193, 114
Trd, 4319329.543, 139
Trd, 4319329.593, 75
Trd, 4319330.243, 111
Trd, 4319330.743, 74
Trd, 4319331.743, 108
Trd, 4319333.743, 114
Trd, 4319334.693, 95
Trd, 4319335.793, 67
Trd, 4319336.143, 85
Trd, 4319336.743, 133
Trd, 4319337.943, 113
Trd, 4319338.193, 108
Trd, 4319338.643, 105
Trd, 4319339.893, 104
Trd, 4319340.943, 109
Trd, 4319341.043, 133
Trd, 4319341.293, 95
Trd, 4319342.393, 124
Trd, 4319343.993, 135
Trd, 4319346.193, 112
Trd, 4319346.393, 111
Trd, 4319347.593, 111
Trd, 4319347.843, 132
Trd, 4319348.243, 99
Trd, 4319348.693, 113
Trd, 4319349.393, 122
Trd, 4319350.743, 113
Trd, 4319351.393, 110
Trd, 4319352.643, 83
Trd, 4319352.793, 85
Trd, 4319354.043, 75
Trd, 4319354.643, 124
Trd, 4319355.143, 139
Trd, 4319355.193, 83
Trd, 4319356.093, 82
Trd, 4319357.293, 121
Trd, 4319357.443, 112
Trd, 4319358.693, 125
Trd, 4319359.393, 112
Trd, 4319359.793, 103
Trd, 4319361.093, 102
Trd, 4319361.493, 125
Trd, 4319362.693, 113
Trd, 4319362.743, 138
Trd, 4319363.443, 92
Trd, 4319364.193, 89
Trd, 4319364.793, 101
Trd, 4319365.243, 81
Trd, 4319367.493, 136
Trd, 4319368.193, 117
Trd, 4319368.443, 84
Trd, 4319369.093, 111
Trd, 4319369.393, 105
Trd, 4319369.443, 98
Trd, 4319370.393, 127
Trd, 4319370.543, 100
Trd, 4319370.843, 98
Trd, 4319371.643, 130
Trd, 4319373.893, 73
Trd, 4319374.243, 138
Trd, 4319374.593, 130
Trd, 4319376.343, 83
Trd, 4319376.643, 106
Trd, 4319377.643, 103
Trd, 4319377.843, 100
Trd, 4319379.143, 78
Trd, 4319379.593, 103
Trd, 4319380.993, 110
Trd, 4319381.343, 101
Trd, 4319382.543, 132
Trd, 4319382.893, 128
Trd, 4319383.943, 112
Trd, 4319384.343, 102
Trd, 4319385.043, 100
Trd, 4319385.093, 78
Trd, 4319385.693, 119
Trd, 4319386.243, 79
Trd, 4319387.443, 107
Trd, 4319387.793, 95
Trd, 4319388.293, 101
Trd, 4319391.243, 129
Trd, 4319391.543, 126
Trd, 4319392.443, 98
Trd, 4319393.393, 67
Trd, 4319394.293, 61
Trd, 4319394.893, 69
Trd, 4319396.693, 108
Trd, 4319397.143, 106
Trd, 4319398.293, 114
Trd, 4319398.793, 117
Trd, 4319399.043, 130
Trd, 4319399.093, 125
Trd, 4319399.293, 100
Trd, 4319400.193, 64
Trd, 4319402.743, 125
Trd, 4319403.093, 121
Trd, 4319403.143, 92
Trd, 4319404.693, 95
Trd, 4319404.793, 93
Trd, 4319404.993, 83
Trd, 4319405.893, 94
Trd, 4319406.843, 102
Trd, 4319406.993, 98
Trd, 4319408.093, 63
Trd, 4319413.543, 124
Trd, 4319413.593, 95
Trd, 4319413.693, 95
Trd, 4319414.093, 99
Trd, 4319414.743, 108
Trd, 4319414.843, 87
Trd, 4319415.293, 125
Trd, 4319416.093, 125
Trd, 4319416.593, 89
Trd, 4319417.393, 96
Trd, 4319418.493, 96
Trd, 4319419.493, 87
Trd, 4319420.543, 135
Trd, 4319422.043, 82
Trd, 4319422.943, 102
Trd, 4319423.143, 94
Trd, 4319423.393, 109
Trd, 4319425.093, 105
Trd, 4319425.443, 118
Trd, 4319426.093, 123
Trd, 4319426.693, 114
Trd, 4319426.843, 111
Trd, 4319428.243, 139
Trd, 4319428.643, 106
Trd, 4319429.593, 76
Trd, 4319429.693, 72
Trd, 4319430.943, 71
Trd, 4319431.643, 71
Trd, 4319433.043, 104
Trd, 4319435.043, 97
Trd, 4319435.543, 90
Trd, 4319435.893, 109
Trd, 4319436.793, 99
Trd, 4319436.943, 113
Trd, 4319437.993, 87
Trd, 4319438.193, 131
Trd, 4319438.993, 120
Trd, 4319439.643, 95
Trd, 4319441.243, 93
Trd, 4319441.543, 84
Trd, 4319443.043, 95
Trd, 4319444.293, 91
Trd, 4319444.793, 107
Trd, 4319446.243, 105
Trd, 4319446.443, 101
Trd, 4319446.543, 79
Trd, 4319448.943, 91
Trd, 4319449.143, 72
Trd, 4319449.843, 82
Trd, 4319449.893, 77
Trd, 4319450.593, 73
Trd, 4319450.743, 82
Trd, 4319451.793, 106
Trd, 4319452.493, 136
Trd, 4319453.243, 132
Trd, 4319454.793, 120
Trd, 4319455.293, 107
Trd, 4319456.343, 108
Trd, 4319458.543, 138
Trd, 4319459.293, 114
Trd, 4319459.843, 105
Trd, 4319459.943, 104
Trd, 4319460.293, 94
Trd, 4319461.343, 120
Trd, 4319462.043, 128
Trd, 4319462.143, 107
Trd, 4319463.693, 96
Trd, 4319463.943, 104
Trd, 4319464.293, 120
Trd, 4319465.493, 89
Trd, 4319466.093, 91
Trd, 4319467.493, 118
Trd, 4319467.793, 111
Trd, 4319468.193, 124
Trd, 4319468.643, 79
Trd, 4319470.593, 89
Trd, 4319471.143, 91
Trd, 4319471.343, 119
Trd, 4319471.793, 90
Trd, 4319472.943, 85
Trd, 4319473.593, 86
Trd, 4319473.893, 89
Trd, 4319474.543, 100
Trd, 4319476.093, 122
Trd, 4319476.193, 117
Trd, 4319477.743, 106
Trd, 4319478.543, 127
Trd, 4319478.743, 97
Trd, 4319479.493, 104
Trd, 4319480.043, 136
Trd, 4319480.343, 98
Trd, 4319480.893, 98
Trd, 4319484.393, 89
Trd, 4319484.643, 69
Trd, 4319484.693, 86
Trd, 4319485.543, 122
Trd, 4319487.243, 122
Trd, 4319487.393, 98
Trd, 4319488.043, 86
Trd, 4319488.343, 111
Trd, 4319488.643, 130
Trd, 4319489.493, 131
Trd, 4319489.793, 101
Trd, 4319490.793, 96
Trd, 4319490.843, 95
Trd, 4319492.943, 103
Trd, 4319493.493, 101
Trd, 4319493.943, 115
Trd, 4319495.143, 116
Trd, 4319495.243, 86
Trd, 4319496.093, 60
Trd, 4319496.743, 124
Trd, 4319497.143, 88
Trd, 4319498.443, 138
Trd, 4319499.543, 137
Trd, 4319500.643, 125
Trd, 4319501.393, 133
Trd, 4319501.443, 119
Trd, 4319502.193, 136
Trd, 4319503.343, 137
Trd, 4319503.493, 132
Trd, 4319503.593, 93
Trd, 4319505.193, 128
Trd, 4319506.293, 116
Trd, 4319506.993, 116
Trd, 4319507.643, 124
Trd, 4319508.693, 138
Trd, 4319509.193, 119
Trd, 4319509.443, 110
Trd, 4319509.943, 91
Trd, 4319510.843, 137
Trd, 4319511.493, 99
Trd, 4319511.843, 98
Trd, 4319512.443, 80
Trd, 4319512.643, 123
Trd, 4319513.343, 107
Trd, 4319514.293, 85
Trd, 4319515.093, 72
Trd, 4319517.693, 112
Trd, 4319518.793, 118
Trd, 4319518.993, 118
Trd, 4319519.443, 92
Trd, 4319519.843, 89
Trd, 4319520.443, 90
Trd, 4319522.143, 136
Trd, 4319522.443, 107
Trd, 4319522.943, 105
Trd, 4319524.543, 131
Trd, 4319526.743, 132
Trd, 4319527.443, 140
Trd, 4319527.843, 133
Trd, 4319527.943, 126
Trd, 4319530.843, 112
Trd, 4319530.993, 99
Trd, 4319531.343, 115
Trd, 4319531.793, 98
Trd, 4319532.243, 96
Trd, 4319534.743, 104
Trd, 4319535.043, 126
Trd, 4319536.193, 107
Trd, 4319536.343, 114
Trd, 4319536.993, 140
Trd, 4319538.243, 116
Trd, 4319538.693, 133
Trd, 4319539.143, 112
Trd, 4319539.243, 102
Trd, 4319539.943, 133
Trd, 4319541.293, 111
Trd, 4319542.643, 138
Trd, 4319543.793, 122
Trd, 4319544.993, 124
Trd, 4319545.543, 138
Trd, 4319546.543, 132
Trd, 4319547.293, 97
Trd, 4319547.743, 110
Trd, 4319548.743, 126
Trd, 4319549.293, 121
Trd, 4319549.743, 101
Trd, 4319549.843, 111
Trd, 4319550.043, 99
Trd, 4319551.343, 119
Trd, 4319551.993, 105
Trd, 4319553.993, 120
Trd, 4319555.143, 113
Trd, 4319555.393, 112
Trd, 4319555.843, 64
Trd, 4319556.593, 115
Trd, 4319557.643, 134
Trd, 4319558.243, 127
Trd, 4319558.943, 108
Trd, 4319559.793, 113
Trd, 4319559.893, 101
Trd, 4319560.143, 95
Trd, 4319560.643, 115
Trd, 4319560.893, 104
Trd, 4319560.943, 74
Trd, 4319562.993, 135
Trd, 4319564.993, 109
Trd, 4319565.293, 116
Trd, 4319566.993, 130
Trd, 4319567.793, 118
Trd, 4319567.993, 127
Trd, 4319568.543, 120
Trd, 4319568.593, 106
Trd, 4319569.493, 92
Trd, 4319569.993, 101
Trd, 4319570.193, 76
Trd, 4319571.643, 60
Trd, 4319572.093, 129
Trd, 4319573.843, 125
Trd, 4319574.193, 102
Trd, 4319574.293, 98
Trd, 4319574.693, 94
Trd, 4319575.943, 137
Trd, 4319576.343, 102
Trd, 4319576.993, 101
Trd, 4319577.543, 105
Trd, 4319578.193, 103
Trd, 4319578.943, 136
Trd, 4319579.893, 69
Trd, 4319580.293, 102
Trd, 4319580.443, 110
Trd, 4319582.543, 107
Trd, 4319584.343, 136
Trd, 4319584.643, 122
Trd, 4319585.493, 114
Trd, 4319585.543, 100
Trd, 4319585.943, 113
Trd, 4319587.043, 127
Trd, 4319587.843, 117
Trd, 4319588.443, 105
Trd, 4319589.043, 125
Trd, 4319589.543, 110
Trd, 4319591.043, 105
Trd, 4319591.643, 133
Trd, 4319594.243, 125
Trd, 4319594.293, 110
Trd, 4319594.443, 104
Trd, 4319596.393, 128
Trd, 4319596.743, 103
Trd, 4319597.693, 133
Trd, 4319598.743, 122
Trd, 4319600.393, 132
Trd, 4319600.593, 105
Trd, 4319601.793, 113
Trd, 4319602.093, 108
Trd, 4319602.593, 118
Trd, 4319603.243, 123
Trd, 4319603.893, 83
Trd, 4319605.693, 128
Trd, 4319606.343, 116
Trd, 4319607.043, 116
Trd, 4319608.493, 95
Trd, 4319608.743, 120
Trd, 4319609.143, 128
Trd, 4319611.193, 134
Trd, 4319611.843, 106
Trd, 4319612.893, 111
Trd, 4319613.093, 106
Trd, 4319614.343, 126
Trd, 4319614.543, 83
Trd, 4319614.843, 123
Trd, 4319615.993, 113
Trd, 4319616.893, 112
Trd, 4319617.393, 113
Trd, 4319617.843, 98
Trd, 4319619.493, 77
Trd, 4319619.593, 108
Trd, 4319621.043, 124
Trd, 4319621.643, 115
Trd, 4319622.243, 72
Trd, 4319623.843, 137
Trd, 4319624.443, 123
Trd, 4319624.593, 110
Trd, 4319625.093, 129
Trd, 4319626.193, 109
Trd, 4319626.543, 92
Trd, 4319627.543, 125
Trd, 4319628.043, 119
Trd, 4319628.593, 89
Trd, 4319629.493, 115
Trd, 4319629.543, 89
Trd, 4319630.293, 134
Trd, 4319630.893, 66
Trd, 4319632.293, 117
Trd, 4319633.293, 123
Trd, 4319634.193, 124
Trd, 4319634.793, 124
Trd, 4319636.493, 133
Trd, 4319636.693, 118
Trd, 4319637.093, 102
Trd, 4319638.493, 93
Trd, 4319638.593, 85
Trd, 4319639.343, 132
Trd, 4319639.893, 112
Trd, 4319640.743, 109
Trd, 4319641.693, 106
Trd, 4319642.593, 129
Trd, 4319643.243, 102
Trd, 4319643.893, 129
Trd, 4319644.793, 93
Trd, 4319645.243, 84
Trd, 4319645.543, 78
Trd, 4319646.493, 113
Trd, 4319647.743, 123
Trd, 4319647.943, 127
Trd, 4319649.493, 121
Trd, 4319649.993, 107
Trd, 4319650.593, 109
Trd, 4319651.493, 129
Trd, 4319652.843, 99
Trd, 4319653.643, 120
Trd, 4319653.793, 103
Trd, 4319653.943, 97
Trd, 4319655.943, 114
Trd, 4319656.743, 117
Trd, 4319657.243, 115
Trd, 4319658.243, 114
Trd, 4319659.693, 99
Trd, 4319660.343, 109
Trd, 4319661.943, 137
Trd, 4319662.143, 95
Trd, 4319662.793, 99
Trd, 4319662.893, 80
Trd, 4319663.993, 114
Trd, 4319664.743, 100
Trd, 4319666.643, 123
Trd, 4319666.693, 107
Trd, 4319666.743, 89
Trd, 4319666.843, 100
Trd, 4319668.943, 101
Trd, 4319669.943, 134
Trd, 4319670.493, 98
Trd, 4319671.893, 105
Trd, 4319672.243, 90
Trd, 4319674.343, 139
Trd, 4319674.593, 132
Trd, 4319676.293, 132
Trd, 4319676.693, 131
Trd, 4319679.893, 85
Trd, 4319680.443, 78
Trd, 4319680.643, 110
Trd, 4319681.093, 71
Trd, 4319682.343, 118
Trd, 4319682.993, 124
Trd, 4319683.043, 102
Trd, 4319684.143, 109
Trd, 4319684.543, 98
Trd, 4319686.143, 99
Trd, 4319686.343, 87
Trd, 4319687.843, 89
Trd, 4319688.893, 95
Trd, 4319689.593, 108
Trd, 4319689.643, 95
Trd, 4319690.293, 122
Trd, 4319691.343, 114
Trd, 4319692.093, 86
Trd, 4319692.693, 117
Trd, 4319693.393, 78
Trd, 4319694.943, 120
Trd, 4319695.493, 111
Trd, 4319697.143, 138
Trd, 4319697.393, 101
Trd, 4319697.943, 98
Trd, 4319698.293, 83
Trd, 4319698.643, 80
Trd, 4319700.043, 81
Trd, 4319700.843, 124
Trd, 4319701.793, 75
Trd, 4319702.043, 99
Trd, 4319703.943, 84
Trd, 4319704.393, 119
Trd, 4319705.093, 69
Trd, 4319706.393, 136
Trd, 4319707.993, 117
Trd, 4319708.443, 111
Trd, 4319708.593, 102
Trd, 4319708.643, 115
Trd, 4319708.943, 79
Trd, 4319710.543, 74
Trd, 4319711.043, 72
Trd, 4319711.193, 83
Trd, 4319713.643, 127
Trd, 4319714.443, 128
Trd, 4319714.893, 98
Trd, 4319715.043, 90
Trd, 4319716.293, 135
Trd, 4319717.943, 131
Trd, 4319718.643, 115
Trd, 4319719.043, 126
Trd, 4319719.743, 79
Trd, 4319721.193, 95
Trd, 4319721.343, 122
Trd, 4319722.043, 106
Trd, 4319723.343, 136
Trd, 4319725.043, 102
Trd, 4319725.093, 88
Trd, 4319725.393, 84
Trd, 4319726.193, 68
Trd, 4319727.343, 105
Trd, 4319729.143, 94
Trd, 4319729.343, 86
Trd, 4319729.693, 96
Trd, 4319730.143, 76
Trd, 4319730.943, 127
Trd, 4319731.643, 84
Trd, 4319731.993, 82
Trd, 4319733.043, 107
Trd, 4319733.793, 102
Trd, 4319733.843, 131
Trd, 4319734.143, 94
Trd, 4319735.343, 123
Trd, 4319737.493, 122
Trd, 4319737.993, 121
Trd, 4319738.043, 112
Trd, 4319738.343, 78
Trd, 4319739.993, 115
Trd, 4319740.293, 105
Trd, 4319741.343, 117
Trd, 4319742.043, 107
Trd, 4319743.893, 121
Trd, 4319743.993, 105
Trd, 4319744.743, 103
Trd, 4319744.893, 97
Trd, 4319746.243, 78
Trd, 4319747.193, 135
Trd, 4319748.193, 88
Trd, 4319748.593, 135
Trd, 4319748.743, 104
Trd, 4319748.993, 105
Trd, 4319750.393, 94
Trd, 4319750.493, 83
Trd, 4319751.093, 73
Trd, 4319751.493, 67
Trd, 4319751.843, 113
Trd, 4319753.043, 63
Trd, 4319753.343, 111
Trd, 4319755.393, 135
Trd, 4319755.643, 117
Trd, 4319755.743, 105
Trd, 4319756.243, 104
Trd, 4319757.543, 89
Trd, 4319757.943, 74
Trd, 4319758.943, 120
Trd, 4319759.393, 101
Trd, 4319759.643, 90
Trd, 4319760.893, 75
Trd, 4319761.943, 119
Trd, 4319762.043, 137
Trd, 4319762.943, 139
Trd, 4319764.093, 107
Trd, 4319764.143, 96
Trd, 4319764.943, 92
Trd, 4319765.493, 110
Trd, 4319766.393, 99
Trd, 4319766.493, 106
Trd, 4319767.643, 95
Trd, 4319768.093, 125
Trd, 4319769.093, 137
Trd, 4319770.593, 140
Trd, 4319770.993, 124
Trd, 4319771.643, 102
Trd, 4319771.693, 100
Trd, 4319771.943, 129
Trd, 4319772.943, 138
Trd, 4319773.243, 124
Trd, 4319775.043, 118
Trd, 4319775.193, 92
Trd, 4319775.493, 60
Trd, 4319776.743, 128
Trd, 4319777.043, 103
Trd, 4319777.143, 98
Trd, 4319778.393, 80
Trd, 4319779.743, 126
Trd, 4319780.393, 140
Trd, 4319781.443, 139
Trd, 4319781.893, 130
Trd, 4319782.643, 104
Trd, 4319783.543, 113
Trd, 4319784.293, 103
Trd, 4319784.793, 119
Trd, 4319785.843, 88
Trd, 4319786.143, 102
Trd, 4319786.993, 66
Trd, 4319787.143, 113
Trd, 4319788.843, 127
Trd, 4319789.243, 125
Trd, 4319789.293, 111
Trd, 4319789.493, 77
Trd, 4319790.493, 107
Trd, 4319791.243, 97
Trd, 4319791.993, 108
Trd, 4319793.593, 98
Trd, 4319794.443, 121
Trd, 4319795.993, 85
Trd, 4319796.493, 127
Trd, 4319797.243, 88
Trd, 4319797.493, 105
Trd, 4319798.093, 102
Trd, 4319799.043, 128
Trd, 4319799.643, 91
Trd, 4319800.393, 112
Trd, 4319801.243, 95
Trd, 4319802.393, 79
Trd, 4319803.493, 115
Trd, 4319803.943, 93
Trd, 4319803.993, 93
Trd, 4319804.643, 108
Trd, 4319804.943, 112
Trd, 4319805.243, 83
Trd, 4319806.393, 126
Trd, 4319806.643, 119
Trd, 4319808.693, 119
Trd, 4319808.993, 87
Trd, 4319810.343, 103
Trd, 4319810.493, 83
Trd, 4319810.743, 135
Trd, 4319812.293, 113
Trd, 4319812.543, 135
Trd, 4319813.593, 120
Trd, 4319813.943, 94
Trd, 4319814.093, 93
Trd, 4319814.943, 88
Trd, 4319815.343, 67
Trd, 4319816.043, 111
Trd, 4319818.393, 136
Trd, 4319818.993, 112
Trd, 4319820.143, 101
Trd, 4319820.993, 127
Trd, 4319821.643, 125
Trd, 4319823.143, 116
Trd, 4319824.493, 106
Trd, 4319825.693, 96
Trd, 4319826.293, 68
Trd, 4319827.193, 124
Trd, 4319827.393, 104
Trd, 4319827.743, 127
Trd, 4319828.043, 128
Trd, 4319830.093, 133
Trd, 4319830.393, 114
Trd, 4319830.443, 102
Trd, 4319830.993, 120
Trd, 4319832.193, 131
Trd, 4319832.443, 102
Trd, 4319832.943, 95
Trd, 4319833.393, 104
Trd, 4319833.443, 121
Trd, 4319836.143, 88
Trd, 4319836.893, 97
Trd, 4319837.693, 107
Trd, 4319838.843, 74
Trd, 4319839.243, 81
Trd, 4319839.693, 117
Trd, 4319840.043, 73
Trd, 4319841.193, 101
Trd, 4319842.293, 99
Trd, 4319842.593, 100
Trd, 4319843.193, 106
Trd, 4319844.993, 132
Trd, 4319845.493, 129
Trd, 4319847.243, 115
Trd, 4319848.293, 127
Trd, 4319848.343, 118
Trd, 4319848.643, 108
Trd, 4319849.343, 115
Trd, 4319850.343, 132
Trd, 4319851.593, 71
Trd, 4319852.743, 91
Trd, 4319853.993, 119
Trd, 4319854.543, 119
Trd, 4319854.793, 116
Trd, 4319856.093, 119
Trd, 4319857.593, 115
Trd, 4319858.243, 132
Trd, 4319858.743, 116
Trd, 4319859.693, 113
Trd, 4319860.343, 140
Trd, 4319860.393, 104
Trd, 4319861.193, 88
Trd, 4319861.693, 110
Trd, 4319863.843, 83
Trd, 4319864.693, 130
Trd, 4319864.793, 102
Trd, 4319865.593, 104
Trd, 4319866.993, 116
Trd, 4319867.293, 122
Trd, 4319868.593, 108
Trd, 4319869.393, 99
Trd, 4319871.493, 128
Trd, 4319871.943, 116
Trd, 4319872.693, 116
Trd, 4319873.043, 106
Trd, 4319873.793, 122
Trd, 4319874.443, 131
Trd, 4319875.543, 90
Trd, 4319876.393, 79
Trd, 4319877.643, 98
Trd, 4319878.043, 74
Trd, 4319878.143, 136
Trd, 4319879.443, 133
Trd, 4319879.693, 130
Trd, 4319879.943, 113
Trd, 4319883.493, 123
Trd, 4319883.643, 111
Trd, 4319884.743, 136
Trd, 4319886.793, 118
Trd, 4319887.893, 140
Trd, 4319889.193, 119
Trd, 4319889.293, 107
Trd, 4319890.293, 109
Trd, 4319892.493, 134
Trd, 4319892.543, 119
Trd, 4319892.593, 118
Trd, 4319893.593, 107
Trd, 4319893.843, 106
Trd, 4319894.343, 126
Trd, 4319896.043, 115
Trd, 4319896.543, 100
Trd, 4319896.643, 92
Trd, 4319897.393, 100
Trd, 4319899.193, 129
Trd, 4319901.093, 113
Trd, 4319901.593, 132
Trd, 4319901.893, 111
Trd, 4319901.943, 104
Trd, 4319903.493, 114
Trd, 4319903.843, 102
Trd, 4319904.393, 91
Trd, 4319905.243, 82
Trd, 4319905.393, 136
Trd, 4319905.643, 110
Trd, 4319906.293, 126
Trd, 4319908.593, 85
Trd, 4319909.893, 95
Trd, 4319910.393, 87
Trd, 4319910.743, 113
Trd, 4319911.193, 126
Trd, 4319911.243, 118
Trd, 4319912.193, 88
Trd, 4319912.593, 80
Trd, 4319913.243, 90
Trd, 4319915.843, 79
Trd, 4319916.143, 114
Trd, 4319916.343, 83
Trd, 4319917.043, 112
Trd, 4319917.343, 117
Trd, 4319917.843, 78
Trd, 4319919.093, 88
Trd, 4319919.843, 120
Trd, 4319920.393, 106
Trd, 4319921.043, 95
Trd, 4319922.243, 80
Trd, 4319923.693, 138
Trd, 4319924.193, 130
Trd, 4319925.143, 124
Trd, 4319926.043, 113
Trd, 4319926.093, 92
Trd, 4319927.993, 124
Trd, 4319929.543, 135
Trd, 4319929.843, 135
Trd, 4319930.543, 101
Trd, 4319931.743, 92
Trd, 4319933.043, 132
Trd, 4319934.093, 133
Trd, 4319934.493, 120
Trd, 4319934.943, 117
Trd, 4319935.843, 134
Trd, 4319937.093, 119
Trd, 4319937.593, 126
Trd, 4319938.393, 97
Trd, 4319938.893, 123
Trd, 4319940.593, 119
Trd, 4319940.843, 119
Trd, 4319940.893, 112
Trd, 4319942.243, 71
Trd, 4319943.293, 73
Trd, 4319943.593, 121
Trd, 4319944.393, 122
Trd, 4319944.493, 119
Trd, 4319944.793, 98
Trd, 4319945.843, 109
Trd, 4319946.593, 91
Trd, 4319946.943, 103
Trd, 4319947.343, 90
Trd, 4319948.943, 129
Trd, 4319949.893, 122
Trd, 4319951.643, 106
Trd, 4319952.143, 116
Trd, 4319952.243, 92
Trd, 4319954.793, 127
Trd, 4319956.793, 95
Trd, 4319957.293, 87
Trd, 4319957.543, 104
Trd, 4319957.893, 85
Trd, 4319959.243, 86
Trd, 4319959.793, 78
Trd, 4319960.343, 70
Trd, 4319962.143, 125
Trd, 4319962.393, 129
Trd, 4319962.493, 111
Trd, 4319963.943, 119
Trd, 4319963.993, 112
Trd, 4319965.343, 130
Trd, 4319965.993, 132
Trd, 4319966.443, 115
Trd, 4319966.943, 104
Trd, 4319967.693, 83
Trd, 4319968.493, 140
Trd, 4319969.193, 122
Trd, 4319970.193, 111
Trd, 4319970.543, 118
Trd, 4319971.093, 95
Trd, 4319973.343, 131
Trd, 4319974.193, 104
Trd, 4319974.243, 100
Trd, 4319974.943, 114
Trd, 4319975.093, 92
Trd, 4319976.393, 112
Trd, 4319976.593, 91
Trd, 4319976.843, 74
Trd, 4319978.543, 102
Trd, 4319979.393, 86
Trd, 4319979.743, 95
Trd, 4319979.893, 83
Trd, 4319981.443, 113
Trd, 4319981.543, 118
Trd, 4319983.143, 118
Trd, 4319983.743, 114
Trd, 4319983.793, 104
Trd, 4319985.043, 127
Trd, 4319985.143, 121
Trd, 4319986.943, 82
Trd, 4319987.993, 73
Trd, 4319988.843, 130
Trd, 4319989.393, 116
Trd, 4319990.043, 77
Trd, 4319990.793, 98
Trd, 4319991.643, 139
Trd, 4319992.143, 107
Trd, 4319993.393, 100
Trd, 4319993.893, 103
Trd, 4319994.793, 119
Trd, 4319996.243, 139
Trd, 4319998.443, 91
Trd, 4319998.593, 107
