Trd, 4318109.743, 140
Trd, 4318110.193, 140
Trd, 4318111.793, 135
Trd, 4318112.193, 125
Trd, 4318112.243, 123
Trd, 4318112.293, 122
Trd, 4318112.743, 122
Trd, 4318113.243, 138
Trd, 4318113.593, 136
Trd, 4318113.943, 90
Trd, 4318115.943, 140
Trd, 4318116.743, 140
Trd, 4318117.243, 140
Trd, 4318117.693, 140
Trd, 4318119.143, 140
Trd, 4318119.293, 140
Trd, 4318120.143, 140
Trd, 4318122.393, 140
Trd, 4318122.993, 140
Trd, 4318123.443, 140
Trd, 4318123.493, 140
Trd, 4318123.693, 140
Trd, 4318124.093, 140
Trd, 4318125.593, 140
Trd, 4318125.693, 139
Trd, 4318128.343, 140
Trd, 4318129.043, 140
Trd, 4318129.843, 140
Trd, 4318129.893, 140
Trd, 4318130.093, 140
Trd, 4318130.643, 140
Trd, 4318131.143, 140
Trd, 4318132.793, 136
Trd, 4318132.993, 135
Trd, 4318134.643, 101
Trd, 4318135.843, 95
Trd, 4318136.393, 94
Trd, 4318136.643, 117
Trd, 4318136.943, 78
Trd, 4318137.843, 140
Trd, 4318138.043, 91
Trd, 4318139.593, 85
Trd, 4318139.793, 84
Trd, 4318141.493, 97
Trd, 4318142.393, 118
Trd, 4318143.343, 105
Trd, 4318144.243, 140
Trd, 4318144.543, 140
Trd, 4318144.843, 140
Trd, 4318145.493, 122
Trd, 4318145.643, 121
Trd, 4318146.843, 106
Trd, 4318147.943, 136
Trd, 4318149.143, 138
Trd, 4318149.793, 138
Trd, 4318150.793, 140
Trd, 4318151.593, 140
Trd, 4318152.243, 140
Trd, 4318152.843, 140
Trd, 4318153.593, 140
Trd, 4318153.743, 139
Trd, 4318154.543, 140
Trd, 4318154.593, 140
Trd, 4318156.093, 140
Trd, 4318156.543, 140
Trd, 4318157.043, 140
Trd, 4318158.143, 140
Trd, 4318159.743, 140
Trd, 4318159.893, 140
Trd, 4318161.993, 140
Trd, 4318162.043, 140
Trd, 4318162.293, 140
Trd, 4318162.443, 140
Trd, 4318162.643, 139
Trd, 4318162.843, 121
Trd, 4318164.093, 73
Trd, 4318164.293, 72
Trd, 4318164.743, 64
Trd, 4318165.443, 140
Trd, 4318166.243, 140
Trd, 4318167.893, 61
Trd, 4318168.293, 62
Trd, 4318168.643, 62
Trd, 4318168.843, 67
Trd, 4318168.893, 70
Trd, 4318170.043, 140
Trd, 4318170.443, 63
Trd, 4318170.843, 62
Trd, 4318172.243, 98
Trd, 4318172.443, 100
Trd, 4318173.243, 127
Trd, 4318173.743, 128
Trd, 4318174.243, 100
Trd, 4318175.993, 140
Trd, 4318176.443, 140
Trd, 4318176.643, 77
Trd, 4318177.343, 139
Trd, 4318177.643, 76
Trd, 4318179.643, 96
Trd, 4318180.593, 61
Trd, 4318181.093, 118
Trd, 4318182.493, 60
Trd, 4318182.793, 125
Trd, 4318183.743, 140
Trd, 4318184.293, 140
Trd, 4318184.893, 140
Trd, 4318185.043, 140
Trd, 4318185.393, 140
Trd, 4318185.543, 140
Trd, 4318187.543, 140
Trd, 4318188.693, 140
Trd, 4318189.143, 140
Trd, 4318189.443, 140
Trd, 4318190.143, 140
Trd, 4318191.043, 136
Trd, 4318191.993, 140
Trd, 4318192.593, 137
Trd, 4318192.793, 126
Trd, 4318194.843, 128
Trd, 4318194.943, 127
Trd, 4318195.293, 129
Trd, 4318195.643, 122
Trd, 4318196.493, 135
Trd, 4318196.643, 128
Trd, 4318197.543, 64
Trd, 4318198.793, 140
Trd, 4318200.243, 140
Trd, 4318200.493, 140
Trd, 4318202.043, 140
Trd, 4318203.043, 140
Trd, 4318203.843, 140
Trd, 4318204.093, 140
Trd, 4318205.943, 140
Trd, 4318207.043, 140
Trd, 4318207.243, 140
Trd, 4318207.543, 140
Trd, 4318207.693, 140
Trd, 4318208.493, 140
Trd, 4318209.143, 99
Trd, 4318209.993, 126
Trd, 4318211.293, 91
Trd, 4318211.393, 90
Trd, 4318212.043, 118
Trd, 4318212.093, 113
Trd, 4318212.843, 112
Trd, 4318213.243, 82
Trd, 4318213.643, 60
Trd, 4318214.993, 60
Trd, 4318215.843, 60
Trd, 4318218.143, 60
Trd, 4318218.293, 60
Trd, 4318219.143, 64
Trd, 4318219.493, 60
Trd, 4318220.493, 61
Trd, 4318220.993, 61
Trd, 4318221.743, 62
Trd, 4318221.993, 62
Trd, 4318222.293, 85
Trd, 4318222.643, 61
Trd, 4318223.893, 92
Trd, 4318224.343, 109
Trd, 4318224.693, 83
Trd, 4318225.493, 60
Trd, 4318227.893, 62
Trd, 4318228.843, 136
Trd, 4318229.593, 130
Trd, 4318229.643, 127
Trd, 4318230.393, 68
Trd, 4318230.693, 61
Trd, 4318232.193, 60
Trd, 4318232.743, 64
Trd, 4318232.893, 62
Trd, 4318234.493, 138
Trd, 4318234.843, 125
Trd, 4318236.493, 129
Trd, 4318236.593, 128
Trd, 4318237.693, 140
Trd, 4318238.343, 140
Trd, 4318238.443, 122
Trd, 4318239.943, 140
Trd, 4318240.093, 140
Trd, 4318240.343, 138
Trd, 4318241.243, 132
Trd, 4318241.493, 122
Trd, 4318242.393, 128
Trd, 4318244.493, 61
Trd, 4318245.793, 62
Trd, 4318246.843, 69
Trd, 4318247.993, 63
Trd, 4318248.193, 70
Trd, 4318248.693, 67
Trd, 4318249.343, 140
Trd, 4318249.893, 140
Trd, 4318250.193, 140
Trd, 4318250.543, 140
Trd, 4318250.743, 140
Trd, 4318251.743, 140
Trd, 4318251.893, 140
Trd, 4318252.243, 140
Trd, 4318253.693, 140
Trd, 4318254.543, 140
Trd, 4318255.593, 140
Trd, 4318256.443, 139
Trd, 4318257.243, 129
Trd, 4318257.693, 140
Trd, 4318258.793, 129
Trd, 4318259.243, 129
Trd, 4318259.343, 128
Trd, 4318260.193, 140
Trd, 4318260.343, 83
Trd, 4318262.693, 60
Trd, 4318264.393, 60
Trd, 4318266.443, 60
Trd, 4318266.843, 60
Trd, 4318266.993, 60
Trd, 4318267.393, 60
Trd, 4318267.493, 60
Trd, 4318267.693, 65
Trd, 4318268.893, 62
Trd, 4318269.143, 97
Trd, 4318269.543, 60
Trd, 4318271.293, 62
Trd, 4318271.393, 98
Trd, 4318273.543, 97
Trd, 4318273.843, 112
Trd, 4318274.343, 113
Trd, 4318274.693, 114
Trd, 4318274.843, 113
Trd, 4318274.893, 111
Trd, 4318275.643, 140
Trd, 4318276.143, 112
Trd, 4318276.743, 113
Trd, 4318277.193, 114
Trd, 4318278.743, 140
Trd, 4318279.643, 140
Trd, 4318279.793, 140
Trd, 4318281.743, 140
Trd, 4318282.243, 140
Trd, 4318283.243, 140
Trd, 4318283.693, 140
Trd, 4318283.743, 140
Trd, 4318284.193, 138
Trd, 4318284.643, 73
Trd, 4318284.893, 140
Trd, 4318284.993, 139
Trd, 4318287.043, 68
Trd, 4318288.193, 60
Trd, 4318288.743, 60
Trd, 4318292.293, 60
Trd, 4318293.343, 60
Trd, 4318293.443, 60
Trd, 4318293.793, 63
Trd, 4318293.993, 62
Trd, 4318295.093, 65
Trd, 4318295.793, 68
Trd, 4318296.243, 115
Trd, 4318296.593, 74
Trd, 4318297.093, 71
Trd, 4318297.193, 83
Trd, 4318298.043, 127
Trd, 4318298.793, 65
Trd, 4318300.743, 61
Trd, 4318304.343, 60
Trd, 4318304.493, 60
Trd, 4318304.543, 61
Trd, 4318304.743, 62
Trd, 4318305.543, 67
Trd, 4318305.843, 62
Trd, 4318306.293, 63
Trd, 4318307.293, 79
Trd, 4318307.443, 79
Trd, 4318309.543, 138
Trd, 4318309.593, 119
Trd, 4318310.443, 70
Trd, 4318311.393, 108
Trd, 4318311.743, 66
Trd, 4318312.393, 140
Trd, 4318313.193, 66
Trd, 4318313.243, 67
Trd, 4318313.793, 82
Trd, 4318315.143, 62
Trd, 4318317.693, 60
Trd, 4318317.843, 60
Trd, 4318317.993, 60
Trd, 4318318.043, 61
Trd, 4318318.843, 61
Trd, 4318319.393, 138
Trd, 4318319.943, 118
Trd, 4318320.943, 108
Trd, 4318321.193, 82
Trd, 4318321.643, 82
Trd, 4318322.543, 100
Trd, 4318322.943, 81
Trd, 4318323.793, 135
Trd, 4318325.393, 63
Trd, 4318326.743, 65
Trd, 4318328.143, 61
Trd, 4318328.493, 61
Trd, 4318328.943, 65
Trd, 4318330.443, 65
Trd, 4318331.193, 63
Trd, 4318331.993, 63
Trd, 4318332.343, 64
Trd, 4318333.293, 66
Trd, 4318333.443, 64
Trd, 4318333.493, 68
Trd, 4318333.643, 63
Trd, 4318334.543, 66
Trd, 4318336.193, 123
Trd, 4318336.593, 120
Trd, 4318337.893, 140
Trd, 4318338.243, 140
Trd, 4318338.793, 140
Trd, 4318338.943, 140
Trd, 4318339.243, 139
Trd, 4318340.043, 106
Trd, 4318341.193, 89
Trd, 4318342.293, 140
Trd, 4318342.893, 108
Trd, 4318343.143, 125
Trd, 4318345.793, 140
Trd, 4318345.993, 139
Trd, 4318346.893, 140
Trd, 4318347.593, 140
Trd, 4318347.893, 140
Trd, 4318348.343, 140
Trd, 4318348.793, 140
Trd, 4318348.893, 138
Trd, 4318349.743, 140
Trd, 4318351.443, 140
Trd, 4318351.543, 140
Trd, 4318352.893, 140
Trd, 4318353.343, 120
Trd, 4318353.743, 140
Trd, 4318354.693, 140
Trd, 4318354.993, 140
Trd, 4318356.343, 139
Trd, 4318357.543, 137
Trd, 4318357.793, 137
Trd, 4318358.843, 140
Trd, 4318359.343, 140
Trd, 4318359.393, 140
Trd, 4318360.293, 132
Trd, 4318360.343, 131
Trd, 4318363.543, 140
Trd, 4318364.143, 140
Trd, 4318364.293, 140
Trd, 4318364.443, 139
Trd, 4318364.993, 92
Trd, 4318365.393, 132
Trd, 4318365.843, 62
Trd, 4318368.843, 140
Trd, 4318369.143, 140
Trd, 4318369.593, 140
Trd, 4318369.843, 140
Trd, 4318369.993, 117
Trd, 4318370.843, 116
Trd, 4318371.493, 64
Trd, 4318371.743, 138
Trd, 4318373.293, 138
Trd, 4318374.343, 139
Trd, 4318374.843, 138
Trd, 4318376.593, 140
Trd, 4318377.243, 140
Trd, 4318377.543, 140
Trd, 4318377.843, 137
Trd, 4318378.343, 111
Trd, 4318379.143, 134
Trd, 4318379.593, 134
Trd, 4318381.943, 140
Trd, 4318382.143, 140
Trd, 4318382.343, 140
Trd, 4318383.843, 140
Trd, 4318384.093, 140
Trd, 4318385.643, 140
Trd, 4318387.043, 140
Trd, 4318387.443, 140
Trd, 4318387.893, 140
Trd, 4318388.843, 140
Trd, 4318389.393, 140
Trd, 4318389.693, 135
Trd, 4318392.093, 140
Trd, 4318392.243, 140
Trd, 4318392.393, 140
Trd, 4318393.293, 140
Trd, 4318393.893, 140
Trd, 4318393.993, 115
Trd, 4318394.993, 140
Trd, 4318395.843, 140
Trd, 4318396.343, 140
Trd, 4318397.393, 140
Trd, 4318397.743, 139
Trd, 4318399.343, 102
Trd, 4318399.593, 101
Trd, 4318400.343, 136
Trd, 4318401.393, 140
Trd, 4318402.243, 140
Trd, 4318403.343, 140
Trd, 4318403.993, 140
Trd, 4318404.543, 129
Trd, 4318405.093, 71
Trd, 4318405.693, 62
Trd, 4318406.093, 63
Trd, 4318406.193, 61
Trd, 4318407.043, 106
Trd, 4318407.443, 139
Trd, 4318409.643, 140
Trd, 4318411.443, 60
Trd, 4318412.493, 61
Trd, 4318412.593, 60
Trd, 4318414.193, 64
Trd, 4318414.443, 68
Trd, 4318414.593, 102
Trd, 4318414.743, 119
Trd, 4318415.143, 98
Trd, 4318416.593, 74
Trd, 4318418.043, 82
Trd, 4318418.393, 107
Trd, 4318418.993, 127
Trd, 4318419.043, 125
Trd, 4318419.793, 114
Trd, 4318420.493, 101
Trd, 4318420.843, 61
Trd, 4318420.993, 138
Trd, 4318422.343, 60
Trd, 4318423.593, 60
Trd, 4318423.893, 61
Trd, 4318424.843, 62
Trd, 4318424.943, 64
Trd, 4318425.793, 105
Trd, 4318425.993, 128
Trd, 4318426.243, 114
Trd, 4318426.593, 64
Trd, 4318426.693, 62
Trd, 4318427.493, 140
Trd, 4318428.593, 140
Trd, 4318429.243, 140
Trd, 4318429.893, 140
Trd, 4318430.943, 140
Trd, 4318433.243, 140
Trd, 4318433.843, 140
Trd, 4318433.893, 140
Trd, 4318434.193, 139
Trd, 4318436.693, 140
Trd, 4318437.143, 140
Trd, 4318437.843, 140
Trd, 4318438.293, 140
Trd, 4318438.693, 140
Trd, 4318439.443, 140
Trd, 4318440.243, 140
Trd, 4318440.943, 135
Trd, 4318441.143, 134
Trd, 4318442.943, 127
Trd, 4318443.293, 140
Trd, 4318443.893, 138
Trd, 4318444.493, 123
Trd, 4318445.243, 126
Trd, 4318446.193, 130
Trd, 4318446.593, 133
Trd, 4318446.943, 127
Trd, 4318447.693, 127
Trd, 4318447.793, 73
Trd, 4318449.793, 88
Trd, 4318450.293, 99
Trd, 4318450.493, 88
Trd, 4318451.343, 60
Trd, 4318452.493, 62
Trd, 4318454.393, 60
Trd, 4318454.843, 60
Trd, 4318454.993, 61
Trd, 4318457.143, 60
Trd, 4318457.493, 60
Trd, 4318458.443, 63
Trd, 4318458.793, 68
Trd, 4318459.093, 108
Trd, 4318459.393, 66
Trd, 4318459.493, 63
Trd, 4318460.243, 80
Trd, 4318462.243, 75
Trd, 4318463.843, 140
Trd, 4318464.043, 140
Trd, 4318464.543, 140
Trd, 4318465.593, 140
Trd, 4318465.993, 140
Trd, 4318466.993, 140
Trd, 4318467.193, 140
Trd, 4318467.593, 140
Trd, 4318468.743, 140
Trd, 4318469.943, 140
Trd, 4318470.443, 140
Trd, 4318471.093, 140
Trd, 4318471.143, 140
Trd, 4318473.493, 140
Trd, 4318473.693, 140
Trd, 4318473.893, 130
Trd, 4318474.143, 131
Trd, 4318475.093, 140
Trd, 4318476.343, 140
Trd, 4318476.893, 140
Trd, 4318478.143, 140
Trd, 4318478.543, 138
Trd, 4318479.193, 87
Trd, 4318479.343, 89
Trd, 4318480.643, 140
Trd, 4318481.093, 132
Trd, 4318481.143, 79
Trd, 4318482.093, 128
Trd, 4318482.543, 98
Trd, 4318483.093, 140
Trd, 4318484.893, 140
Trd, 4318485.193, 140
Trd, 4318486.793, 140
Trd, 4318487.643, 140
Trd, 4318488.243, 140
Trd, 4318488.343, 140
Trd, 4318488.793, 140
Trd, 4318489.693, 140
Trd, 4318490.843, 105
Trd, 4318491.093, 133
Trd, 4318491.143, 118
Trd, 4318492.943, 140
Trd, 4318493.493, 140
Trd, 4318494.493, 140
Trd, 4318495.743, 140
Trd, 4318495.843, 140
Trd, 4318496.243, 140
Trd, 4318497.343, 139
Trd, 4318497.843, 108
Trd, 4318499.543, 140
Trd, 4318499.593, 140
Trd, 4318499.943, 140
Trd, 4318501.043, 111
Trd, 4318501.393, 140
Trd, 4318503.443, 140
Trd, 4318503.843, 140
Trd, 4318504.743, 140
Trd, 4318504.793, 137
Trd, 4318505.393, 138
Trd, 4318505.443, 85
Trd, 4318506.193, 140
Trd, 4318507.943, 140
Trd, 4318508.293, 115
Trd, 4318509.093, 140
Trd, 4318509.793, 130
Trd, 4318510.043, 122
Trd, 4318511.343, 131
Trd, 4318511.393, 115
Trd, 4318513.493, 140
Trd, 4318513.793, 140
Trd, 4318514.993, 140
Trd, 4318515.643, 140
Trd, 4318515.893, 140
Trd, 4318516.893, 140
Trd, 4318518.693, 140
Trd, 4318518.843, 140
Trd, 4318518.993, 140
Trd, 4318519.393, 136
Trd, 4318519.693, 86
Trd, 4318520.543, 107
Trd, 4318523.243, 139
Trd, 4318523.743, 115
Trd, 4318523.793, 122
Trd, 4318525.143, 113
Trd, 4318525.843, 113
Trd, 4318526.543, 112
Trd, 4318527.243, 116
Trd, 4318527.443, 95
Trd, 4318527.693, 92
Trd, 4318528.093, 128
Trd, 4318528.243, 90
Trd, 4318531.143, 140
Trd, 4318531.743, 140
Trd, 4318532.043, 140
Trd, 4318532.143, 140
Trd, 4318532.693, 134
Trd, 4318533.243, 140
Trd, 4318533.943, 71
Trd, 4318537.093, 140
Trd, 4318537.293, 140
Trd, 4318537.443, 140
Trd, 4318538.343, 140
Trd, 4318538.493, 140
Trd, 4318538.793, 139
Trd, 4318538.993, 68
Trd, 4318540.343, 135
Trd, 4318540.843, 134
Trd, 4318540.943, 133
Trd, 4318542.143, 106
Trd, 4318542.443, 71
Trd, 4318543.343, 121
Trd, 4318544.443, 121
Trd, 4318545.893, 109
Trd, 4318546.193, 107
Trd, 4318546.793, 140
Trd, 4318547.243, 139
Trd, 4318547.443, 120
Trd, 4318548.543, 112
Trd, 4318548.993, 109
Trd, 4318549.193, 67
Trd, 4318549.793, 140
Trd, 4318552.043, 129
Trd, 4318552.693, 129
Trd, 4318553.293, 126
Trd, 4318553.543, 126
Trd, 4318553.893, 126
Trd, 4318554.593, 140
Trd, 4318555.843, 140
Trd, 4318556.593, 140
Trd, 4318556.843, 140
Trd, 4318557.643, 140
Trd, 4318558.593, 140
Trd, 4318558.693, 140
Trd, 4318559.943, 140
Trd, 4318560.093, 140
Trd, 4318561.043, 140
Trd, 4318561.793, 140
Trd, 4318562.593, 140
Trd, 4318564.093, 140
Trd, 4318564.443, 140
Trd, 4318564.843, 139
Trd, 4318565.043, 103
Trd, 4318566.393, 138
Trd, 4318566.743, 138
Trd, 4318567.293, 137
Trd, 4318567.543, 137
Trd, 4318568.393, 140
Trd, 4318570.293, 132
Trd, 4318570.893, 133
Trd, 4318570.993, 132
Trd, 4318571.243, 84
Trd, 4318571.543, 69
Trd, 4318571.843, 140
Trd, 4318572.893, 140
Trd, 4318574.043, 124
Trd, 4318574.343, 125
Trd, 4318575.443, 140
Trd, 4318576.043, 139
Trd, 4318576.943, 140
Trd, 4318577.943, 140
Trd, 4318578.143, 140
Trd, 4318578.843, 139
Trd, 4318579.543, 130
Trd, 4318579.593, 126
Trd, 4318579.643, 78
Trd, 4318580.793, 100
Trd, 4318582.793, 99
Trd, 4318583.643, 62
Trd, 4318583.993, 62
Trd, 4318584.043, 128
Trd, 4318584.343, 64
Trd, 4318585.593, 138
Trd, 4318586.643, 140
Trd, 4318588.193, 140
Trd, 4318588.343, 140
Trd, 4318588.793, 140
Trd, 4318589.143, 140
Trd, 4318589.493, 140
Trd, 4318590.343, 140
Trd, 4318592.093, 131
Trd, 4318593.343, 136
Trd, 4318594.093, 137
Trd, 4318595.593, 126
Trd, 4318596.093, 90
Trd, 4318596.443, 71
Trd, 4318596.693, 140
Trd, 4318597.193, 140
Trd, 4318598.043, 140
Trd, 4318599.193, 140
Trd, 4318599.693, 140
Trd, 4318600.193, 122
Trd, 4318600.393, 134
Trd, 4318600.993, 128
Trd, 4318602.343, 139
Trd, 4318602.593, 139
Trd, 4318603.393, 140
Trd, 4318603.443, 140
Trd, 4318605.693, 140
Trd, 4318606.293, 139
Trd, 4318606.843, 138
Trd, 4318607.343, 140
Trd, 4318608.293, 140
Trd, 4318609.293, 140
Trd, 4318610.143, 140
Trd, 4318610.443, 140
Trd, 4318610.993, 140
Trd, 4318611.443, 140
Trd, 4318612.493, 111
Trd, 4318612.693, 123
Trd, 4318614.393, 139
Trd, 4318615.093, 139
Trd, 4318615.543, 138
Trd, 4318616.543, 90
Trd, 4318617.443, 108
Trd, 4318617.693, 90
Trd, 4318617.843, 89
Trd, 4318618.793, 61
Trd, 4318619.243, 130
Trd, 4318620.193, 60
Trd, 4318621.343, 140
Trd, 4318622.443, 140
Trd, 4318623.993, 140
Trd, 4318624.593, 140
Trd, 4318624.993, 140
Trd, 4318625.493, 138
Trd, 4318625.743, 134
Trd, 4318625.843, 99
Trd, 4318626.293, 107
Trd, 4318626.393, 108
Trd, 4318629.143, 140
Trd, 4318629.393, 135
Trd, 4318631.593, 140
Trd, 4318632.343, 140
Trd, 4318632.643, 140
Trd, 4318633.643, 140
Trd, 4318633.893, 140
Trd, 4318635.593, 140
Trd, 4318636.043, 140
Trd, 4318637.193, 140
Trd, 4318637.243, 140
Trd, 4318637.293, 140
Trd, 4318638.043, 140
Trd, 4318638.343, 140
Trd, 4318638.943, 140
Trd, 4318640.193, 140
Trd, 4318640.943, 140
Trd, 4318641.393, 138
Trd, 4318642.143, 120
Trd, 4318642.843, 106
Trd, 4318643.793, 105
Trd, 4318644.343, 83
Trd, 4318644.443, 106
Trd, 4318644.693, 114
Trd, 4318645.243, 137
Trd, 4318645.393, 126
Trd, 4318646.743, 60
Trd, 4318646.793, 68
Trd, 4318648.143, 70
Trd, 4318648.543, 76
Trd, 4318648.593, 77
Trd, 4318648.943, 117
Trd, 4318649.743, 135
Trd, 4318650.293, 128
Trd, 4318650.843, 127
Trd, 4318652.093, 127
Trd, 4318652.893, 140
Trd, 4318654.093, 140
Trd, 4318654.393, 140
Trd, 4318654.993, 94
Trd, 4318659.543, 140
Trd, 4318659.593, 140
Trd, 4318659.993, 140
Trd, 4318660.193, 140
Trd, 4318661.393, 140
Trd, 4318661.443, 140
Trd, 4318661.793, 139
Trd, 4318662.843, 140
Trd, 4318664.543, 118
Trd, 4318664.643, 104
Trd, 4318665.593, 105
Trd, 4318666.643, 140
Trd, 4318666.793, 140
Trd, 4318667.393, 140
Trd, 4318668.043, 140
Trd, 4318668.643, 140
Trd, 4318668.693, 140
Trd, 4318671.093, 140
Trd, 4318671.143, 140
Trd, 4318671.593, 122
Trd, 4318672.093, 118
Trd, 4318672.343, 118
Trd, 4318672.743, 117
Trd, 4318674.093, 128
Trd, 4318674.293, 128
Trd, 4318674.793, 61
Trd, 4318674.993, 106
Trd, 4318675.643, 117
Trd, 4318676.593, 60
Trd, 4318676.943, 60
Trd, 4318677.593, 61
Trd, 4318678.693, 66
Trd, 4318679.893, 75
Trd, 4318680.643, 76
Trd, 4318680.843, 126
Trd, 4318682.193, 87
Trd, 4318682.243, 85
Trd, 4318683.043, 140
Trd, 4318683.343, 107
Trd, 4318685.293, 140
Trd, 4318687.193, 140
Trd, 4318687.293, 139
Trd, 4318687.393, 129
Trd, 4318688.143, 117
Trd, 4318688.343, 116
Trd, 4318688.443, 115
Trd, 4318688.943, 139
Trd, 4318690.993, 140
Trd, 4318691.943, 140
Trd, 4318693.243, 140
Trd, 4318693.843, 140
Trd, 4318693.893, 138
Trd, 4318694.893, 127
Trd, 4318695.393, 120
Trd, 4318696.943, 135
Trd, 4318697.343, 137
Trd, 4318697.493, 136
Trd, 4318698.593, 140
Trd, 4318699.243, 140
Trd, 4318699.793, 140
Trd, 4318701.593, 140
Trd, 4318703.143, 140
Trd, 4318703.243, 140
Trd, 4318703.693, 140
Trd, 4318704.743, 140
Trd, 4318705.043, 140
Trd, 4318705.643, 120
Trd, 4318707.093, 140
Trd, 4318707.443, 140
Trd, 4318708.943, 140
Trd, 4318710.343, 140
Trd, 4318711.793, 140
Trd, 4318712.193, 140
Trd, 4318712.493, 140
Trd, 4318713.143, 140
Trd, 4318713.443, 140
Trd, 4318714.693, 140
Trd, 4318715.143, 140
Trd, 4318715.593, 134
Trd, 4318715.843, 133
Trd, 4318716.693, 139
Trd, 4318718.243, 60
Trd, 4318718.293, 64
Trd, 4318718.893, 124
Trd, 4318719.493, 140
Trd, 4318719.993, 140
Trd, 4318720.493, 140
Trd, 4318721.493, 140
Trd, 4318721.693, 140
Trd, 4318722.793, 140
Trd, 4318723.143, 140
Trd, 4318723.793, 140
Trd, 4318723.843, 138
Trd, 4318724.843, 139
Trd, 4318726.043, 120
Trd, 4318726.293, 106
Trd, 4318729.393, 140
Trd, 4318729.643, 140
Trd, 4318730.243, 140
Trd, 4318731.243, 140
Trd, 4318731.293, 140
Trd, 4318732.093, 140
Trd, 4318733.443, 140
Trd, 4318733.643, 140
Trd, 4318733.993, 139
Trd, 4318735.143, 140
Trd, 4318736.543, 140
Trd, 4318737.343, 140
Trd, 4318739.493, 140
Trd, 4318740.143, 140
Trd, 4318740.693, 140
Trd, 4318740.743, 140
Trd, 4318741.843, 140
Trd, 4318743.043, 140
Trd, 4318743.443, 140
Trd, 4318743.693, 140
Trd, 4318743.943, 140
Trd, 4318745.843, 140
Trd, 4318746.243, 138
Trd, 4318748.093, 140
Trd, 4318748.343, 139
Trd, 4318749.593, 139
Trd, 4318749.943, 140
Trd, 4318750.693, 140
Trd, 4318751.043, 140
Trd, 4318751.443, 138
Trd, 4318752.743, 106
Trd, 4318752.993, 94
Trd, 4318753.543, 120
Trd, 4318754.343, 122
Trd, 4318754.793, 120
Trd, 4318756.943, 140
Trd, 4318757.293, 140
Trd, 4318757.493, 140
Trd, 4318757.893, 140
Trd, 4318759.243, 140
Trd, 4318761.093, 140
Trd, 4318762.893, 140
Trd, 4318763.143, 140
Trd, 4318763.843, 140
Trd, 4318764.343, 140
Trd, 4318765.543, 140
Trd, 4318765.693, 140
Trd, 4318766.093, 140
Trd, 4318766.193, 140
Trd, 4318766.393, 140
Trd, 4318768.343, 121
Trd, 4318768.743, 123
Trd, 4318769.643, 139
Trd, 4318770.293, 137
Trd, 4318770.393, 136
Trd, 4318772.843, 140
Trd, 4318773.193, 139
Trd, 4318773.543, 140
Trd, 4318774.293, 138
Trd, 4318775.393, 135
Trd, 4318776.193, 134
Trd, 4318777.443, 134
Trd, 4318777.743, 133
Trd, 4318779.093, 120
Trd, 4318779.293, 137
Trd, 4318779.943, 123
Trd, 4318780.693, 139
Trd, 4318780.843, 139
Trd, 4318781.343, 138
Trd, 4318781.443, 130
Trd, 4318783.843, 140
Trd, 4318784.293, 140
Trd, 4318784.643, 140
Trd, 4318785.893, 140
Trd, 4318786.693, 140
Trd, 4318787.293, 140
Trd, 4318787.693, 140
Trd, 4318788.393, 140
Trd, 4318788.443, 138
Trd, 4318789.293, 122
Trd, 4318789.543, 110
Trd, 4318790.443, 140
Trd, 4318791.043, 140
Trd, 4318791.343, 140
Trd, 4318792.843, 81
Trd, 4318792.993, 120
Trd, 4318794.343, 60
Trd, 4318795.643, 119
Trd, 4318796.643, 140
Trd, 4318796.993, 140
Trd, 4318797.743, 140
Trd, 4318798.193, 140
Trd, 4318798.343, 140
Trd, 4318798.443, 140
Trd, 4318799.793, 119
Trd, 4318800.143, 63
Trd, 4318800.493, 60
Trd, 4318801.093, 70
Trd, 4318802.193, 139
Trd, 4318802.443, 139
Trd, 4318802.793, 139
Trd, 4318802.993, 137
Trd, 4318803.793, 71
Trd, 4318805.093, 73
Trd, 4318806.743, 140
Trd, 4318806.793, 140
Trd, 4318807.593, 127
Trd, 4318807.793, 87
Trd, 4318807.893, 137
Trd, 4318809.743, 94
Trd, 4318809.793, 92
Trd, 4318810.043, 76
Trd, 4318810.393, 125
Trd, 4318812.043, 95
Trd, 4318812.493, 139
Trd, 4318812.693, 137
Trd, 4318814.693, 140
Trd, 4318814.893, 140
Trd, 4318815.193, 140
Trd, 4318816.343, 140
Trd, 4318817.293, 140
Trd, 4318818.793, 140
Trd, 4318820.143, 140
Trd, 4318820.843, 140
Trd, 4318821.693, 140
Trd, 4318822.043, 140
Trd, 4318822.293, 140
Trd, 4318822.643, 140
Trd, 4318822.993, 140
Trd, 4318824.693, 140
Trd, 4318825.093, 140
Trd, 4318825.293, 140
Trd, 4318825.943, 140
Trd, 4318826.043, 140
Trd, 4318826.793, 126
Trd, 4318828.243, 129
Trd, 4318830.043, 140
Trd, 4318830.343, 140
Trd, 4318831.243, 130
Trd, 4318831.643, 140
Trd, 4318832.693, 140
Trd, 4318832.893, 139
Trd, 4318833.443, 107
Trd, 4318834.943, 140
Trd, 4318836.193, 139
Trd, 4318836.493, 138
Trd, 4318836.793, 138
Trd, 4318836.843, 102
Trd, 4318837.843, 86
Trd, 4318838.393, 140
Trd, 4318839.243, 88
Trd, 4318839.743, 89
Trd, 4318839.993, 91
Trd, 4318841.193, 130
Trd, 4318842.043, 127
Trd, 4318842.793, 128
Trd, 4318842.893, 129
Trd, 4318843.193, 60
Trd, 4318844.643, 128
Trd, 4318844.993, 128
Trd, 4318845.993, 139
Trd, 4318848.443, 140
Trd, 4318848.593, 140
Trd, 4318849.893, 140
Trd, 4318850.393, 140
Trd, 4318851.043, 140
Trd, 4318851.093, 140
Trd, 4318851.243, 135
Trd, 4318852.643, 138
Trd, 4318852.743, 105
Trd, 4318852.943, 72
Trd, 4318855.193, 140
Trd, 4318855.993, 140
Trd, 4318856.093, 140
Trd, 4318856.693, 139
Trd, 4318857.943, 140
Trd, 4318858.193, 140
Trd, 4318858.893, 139
Trd, 4318859.993, 140
Trd, 4318860.443, 138
Trd, 4318860.493, 114
Trd, 4318861.593, 71
Trd, 4318862.593, 72
Trd, 4318864.943, 114
Trd, 4318866.093, 137
Trd, 4318866.793, 140
Trd, 4318867.193, 139
Trd, 4318867.993, 140
Trd, 4318868.343, 138
Trd, 4318869.243, 118
Trd, 4318869.993, 132
Trd, 4318871.593, 140
Trd, 4318872.143, 140
Trd, 4318872.993, 140
Trd, 4318873.693, 140
Trd, 4318874.243, 125
Trd, 4318874.393, 101
Trd, 4318874.743, 140
Trd, 4318875.693, 140
Trd, 4318876.243, 140
Trd, 4318876.993, 140
Trd, 4318877.443, 140
Trd, 4318879.543, 140
Trd, 4318880.343, 140
Trd, 4318881.093, 140
Trd, 4318881.293, 140
Trd, 4318882.343, 140
Trd, 4318883.143, 140
Trd, 4318884.243, 140
Trd, 4318885.043, 121
Trd, 4318885.643, 95
Trd, 4318886.243, 137
Trd, 4318887.743, 115
Trd, 4318888.593, 140
Trd, 4318888.793, 140
Trd, 4318889.243, 140
Trd, 4318890.993, 140
Trd, 4318891.293, 140
Trd, 4318892.143, 139
Trd, 4318892.443, 140
Trd, 4318892.943, 139
Trd, 4318893.193, 115
Trd, 4318893.643, 128
Trd, 4318894.593, 140
Trd, 4318894.793, 140
Trd, 4318896.143, 140
Trd, 4318896.293, 140
Trd, 4318898.143, 140
Trd, 4318898.443, 140
Trd, 4318898.843, 140
Trd, 4318899.693, 140
Trd, 4318899.743, 140
Trd, 4318901.443, 124
Trd, 4318901.643, 122
Trd, 4318902.493, 117
Trd, 4318902.543, 116
Trd, 4318903.093, 116
Trd, 4318905.443, 140
Trd, 4318905.593, 140
Trd, 4318906.243, 140
Trd, 4318906.693, 139
Trd, 4318908.243, 140
Trd, 4318908.393, 140
Trd, 4318909.293, 140
Trd, 4318910.143, 140
Trd, 4318912.393, 140
Trd, 4318914.343, 140
Trd, 4318914.593, 140
Trd, 4318914.793, 140
Trd, 4318914.893, 137
Trd, 4318915.343, 134
Trd, 4318916.943, 137
Trd, 4318917.243, 129
Trd, 4318918.743, 140
Trd, 4318919.243, 140
Trd, 4318919.493, 140
Trd, 4318919.593, 140
Trd, 4318921.593, 140
Trd, 4318921.843, 140
Trd, 4318922.043, 131
Trd, 4318923.843, 140
Trd, 4318924.243, 140
Trd, 4318924.843, 140
Trd, 4318925.843, 140
Trd, 4318926.793, 140
Trd, 4318927.743, 140
Trd, 4318927.793, 138
Trd, 4318928.693, 140
Trd, 4318929.093, 140
Trd, 4318929.693, 138
Trd, 4318932.193, 140
Trd, 4318932.743, 140
Trd, 4318933.343, 140
Trd, 4318934.543, 140
Trd, 4318934.893, 140
Trd, 4318935.393, 140
Trd, 4318936.043, 124
Trd, 4318936.693, 140
Trd, 4318938.043, 126
Trd, 4318938.743, 137
Trd, 4318938.793, 110
Trd, 4318940.543, 112
Trd, 4318941.243, 111
Trd, 4318942.093, 80
Trd, 4318942.443, 110
Trd, 4318942.843, 79
Trd, 4318944.743, 135
Trd, 4318945.193, 139
Trd, 4318945.893, 139
Trd, 4318945.943, 138
Trd, 4318946.443, 114
Trd, 4318946.743, 140
Trd, 4318947.143, 61
Trd, 4318947.393, 62
Trd, 4318948.493, 65
Trd, 4318951.393, 61
Trd, 4318952.893, 60
Trd, 4318953.893, 66
Trd, 4318954.043, 75
Trd, 4318954.743, 73
Trd, 4318955.243, 63
Trd, 4318955.543, 67
Trd, 4318956.493, 106
Trd, 4318957.843, 63
Trd, 4318958.743, 63
Trd, 4318960.843, 140
Trd, 4318960.893, 140
Trd, 4318961.093, 140
Trd, 4318962.643, 140
Trd, 4318962.693, 140
Trd, 4318964.643, 140
Trd, 4318964.943, 140
Trd, 4318965.043, 140
Trd, 4318965.143, 140
Trd, 4318965.543, 140
Trd, 4318965.593, 116
Trd, 4318965.993, 93
Trd, 4318969.293, 140
Trd, 4318969.443, 140
Trd, 4318970.893, 140
Trd, 4318971.093, 140
Trd, 4318971.393, 140
Trd, 4318971.543, 140
Trd, 4318971.643, 140
Trd, 4318972.243, 140
Trd, 4318972.993, 111
Trd, 4318973.043, 98
Trd, 4318973.693, 140
Trd, 4318975.593, 138
Trd, 4318976.493, 140
Trd, 4318977.593, 135
Trd, 4318979.493, 138
Trd, 4318979.943, 137
Trd, 4318979.993, 136
Trd, 4318980.943, 134
Trd, 4318981.093, 134
Trd, 4318982.293, 124
Trd, 4318982.593, 124
Trd, 4318983.593, 82
Trd, 4318984.643, 61
Trd, 4318984.893, 81
Trd, 4318985.643, 66
Trd, 4318986.293, 120
Trd, 4318986.343, 60
Trd, 4318987.743, 106
Trd, 4318987.793, 118
Trd, 4318989.143, 118
Trd, 4318989.493, 140
Trd, 4318989.943, 140
Trd, 4318990.893, 140
Trd, 4318991.493, 136
Trd, 4318991.643, 134
Trd, 4318991.843, 74
Trd, 4318994.093, 98
Trd, 4318994.343, 123
Trd, 4318994.443, 74
Trd, 4318995.043, 126
Trd, 4318995.543, 127
Trd, 4318996.043, 136
Trd, 4318996.593, 131
Trd, 4318998.693, 140
Trd, 4318999.343, 140
Trd, 4319000.243, 140
Trd, 4319000.593, 140
Trd, 4319000.693, 140
Trd, 4319001.093, 140
Trd, 4319001.593, 140
Trd, 4319002.143, 140
Trd, 4319002.343, 139
Trd, 4319002.893, 137
Trd, 4319004.843, 140
Trd, 4319005.443, 140
Trd, 4319005.493, 140
Trd, 4319006.043, 140
Trd, 4319007.643, 140
Trd, 4319008.543, 140
Trd, 4319008.893, 140
Trd, 4319009.543, 140
Trd, 4319010.093, 137
Trd, 4319010.643, 140
Trd, 4319011.093, 129
Trd, 4319012.093, 137
Trd, 4319012.643, 138
Trd, 4319013.093, 91
Trd, 4319013.143, 61
Trd, 4319014.993, 104
Trd, 4319015.743, 130
Trd, 4319016.043, 140
Trd, 4319016.143, 139
Trd, 4319017.193, 132
Trd, 4319017.643, 134
Trd, 4319018.293, 134
Trd, 4319018.593, 135
Trd, 4319019.993, 135
Trd, 4319021.043, 140
Trd, 4319021.343, 140
Trd, 4319021.643, 140
Trd, 4319021.993, 138
Trd, 4319023.393, 115
Trd, 4319024.493, 140
Trd, 4319024.893, 140
Trd, 4319025.243, 140
Trd, 4319025.343, 140
Trd, 4319026.043, 135
Trd, 4319026.893, 139
Trd, 4319027.243, 122
Trd, 4319028.093, 110
Trd, 4319028.443, 140
Trd, 4319028.693, 140
Trd, 4319032.693, 140
Trd, 4319033.093, 140
Trd, 4319033.143, 140
Trd, 4319033.543, 140
Trd, 4319033.893, 140
Trd, 4319035.793, 60
Trd, 4319036.193, 60
Trd, 4319036.343, 64
Trd, 4319037.693, 61
Trd, 4319037.843, 62
Trd, 4319038.393, 62
Trd, 4319039.643, 64
Trd, 4319041.293, 62
Trd, 4319043.243, 60
Trd, 4319043.343, 62
Trd, 4319043.493, 62
Trd, 4319043.843, 64
Trd, 4319044.293, 61
Trd, 4319045.693, 60
Trd, 4319046.193, 66
Trd, 4319046.293, 80
Trd, 4319047.593, 96
Trd, 4319047.693, 95
Trd, 4319047.793, 135
Trd, 4319048.843, 140
Trd, 4319049.293, 140
Trd, 4319050.693, 140
Trd, 4319051.693, 140
Trd, 4319052.543, 123
Trd, 4319052.893, 140
Trd, 4319053.643, 117
Trd, 4319053.843, 109
Trd, 4319055.643, 140
Trd, 4319055.843, 137
Trd, 4319056.493, 90
Trd, 4319057.643, 137
Trd, 4319059.093, 140
Trd, 4319059.643, 139
Trd, 4319060.543, 140
Trd, 4319060.643, 140
Trd, 4319061.193, 140
Trd, 4319061.643, 111
Trd, 4319062.293, 110
Trd, 4319062.343, 108
Trd, 4319062.643, 108
Trd, 4319064.443, 140
Trd, 4319064.893, 140
Trd, 4319065.243, 140
Trd, 4319066.943, 99
Trd, 4319066.993, 130
Trd, 4319067.193, 98
Trd, 4319067.743, 117
Trd, 4319069.943, 140
Trd, 4319070.093, 140
Trd, 4319070.243, 139
Trd, 4319070.743, 140
Trd, 4319070.993, 140
Trd, 4319072.993, 124
Trd, 4319073.743, 135
Trd, 4319074.893, 140
Trd, 4319074.993, 140
Trd, 4319077.593, 140
Trd, 4319078.243, 140
Trd, 4319078.343, 140
Trd, 4319078.543, 140
Trd, 4319079.693, 139
Trd, 4319080.093, 134
Trd, 4319080.443, 138
Trd, 4319080.793, 128
Trd, 4319081.493, 124
Trd, 4319082.093, 140
Trd, 4319084.043, 140
Trd, 4319084.343, 140
Trd, 4319086.043, 140
Trd, 4319086.343, 140
Trd, 4319086.393, 140
Trd, 4319087.243, 140
Trd, 4319088.093, 140
Trd, 4319088.393, 139
Trd, 4319088.693, 111
Trd, 4319090.193, 117
Trd, 4319090.793, 126
Trd, 4319092.243, 140
Trd, 4319092.993, 140
Trd, 4319093.043, 140
Trd, 4319093.343, 140
Trd, 4319094.043, 140
Trd, 4319094.393, 140
Trd, 4319095.093, 134
Trd, 4319097.443, 140
Trd, 4319097.543, 140
Trd, 4319098.693, 140
Trd, 4319098.793, 140
Trd, 4319099.543, 136
Trd, 4319100.193, 140
Trd, 4319101.793, 132
Trd, 4319102.093, 140
Trd, 4319102.393, 133
Trd, 4319102.843, 132
Trd, 4319103.493, 116
Trd, 4319103.593, 116
Trd, 4319103.793, 115
Trd, 4319105.893, 140
Trd, 4319106.593, 140
Trd, 4319106.993, 140
Trd, 4319108.143, 139
Trd, 4319108.293, 138
Trd, 4319109.143, 140
Trd, 4319109.593, 140
Trd, 4319110.293, 140
Trd, 4319111.543, 140
Trd, 4319111.943, 140
Trd, 4319112.243, 140
Trd, 4319113.393, 140
Trd, 4319113.793, 121
Trd, 4319116.493, 136
Trd, 4319117.143, 134
Trd, 4319117.293, 134
Trd, 4319117.543, 133
Trd, 4319117.943, 116
Trd, 4319118.593, 60
Trd, 4319118.643, 62
Trd, 4319118.993, 71
Trd, 4319119.943, 63
Trd, 4319120.993, 140
Trd, 4319121.093, 140
Trd, 4319121.793, 140
Trd, 4319123.843, 140
Trd, 4319124.243, 140
Trd, 4319124.293, 140
Trd, 4319124.843, 140
Trd, 4319124.943, 139
Trd, 4319125.793, 139
Trd, 4319126.043, 138
Trd, 4319126.693, 140
Trd, 4319127.643, 140
Trd, 4319128.493, 140
Trd, 4319129.393, 140
Trd, 4319129.593, 140
Trd, 4319130.243, 137
Trd, 4319131.943, 118
Trd, 4319132.093, 117
Trd, 4319132.243, 140
Trd, 4319133.443, 140
Trd, 4319135.393, 140
Trd, 4319135.943, 140
Trd, 4319136.643, 140
Trd, 4319136.793, 140
Trd, 4319137.343, 140
Trd, 4319138.193, 128
Trd, 4319139.693, 117
Trd, 4319139.893, 96
Trd, 4319140.293, 136
Trd, 4319140.443, 137
Trd, 4319140.893, 75
Trd, 4319142.193, 109
Trd, 4319143.993, 140
Trd, 4319144.193, 139
Trd, 4319145.143, 79
Trd, 4319145.593, 140
Trd, 4319146.143, 95
Trd, 4319146.443, 97
Trd, 4319147.993, 140
Trd, 4319148.093, 140
Trd, 4319150.343, 113
Trd, 4319150.993, 110
Trd, 4319152.893, 138
Trd, 4319153.793, 140
Trd, 4319154.193, 133
Trd, 4319155.043, 133
Trd, 4319156.043, 140
Trd, 4319156.193, 140
Trd, 4319156.943, 140
Trd, 4319156.993, 125
Trd, 4319157.293, 112
Trd, 4319158.443, 67
Trd, 4319159.593, 94
Trd, 4319159.793, 77
Trd, 4319159.843, 61
Trd, 4319161.093, 66
Trd, 4319163.543, 60
Trd, 4319163.593, 60
Trd, 4319163.693, 61
Trd, 4319164.143, 61
Trd, 4319164.243, 123
Trd, 4319164.743, 140
Trd, 4319165.343, 140
Trd, 4319166.143, 140
Trd, 4319167.293, 70
Trd, 4319167.493, 77
Trd, 4319168.343, 136
Trd, 4319168.443, 121
Trd, 4319170.743, 60
Trd, 4319171.093, 60
Trd, 4319171.643, 62
Trd, 4319173.193, 60
Trd, 4319173.993, 60
Trd, 4319175.093, 60
Trd, 4319175.193, 60
Trd, 4319175.443, 62
Trd, 4319176.793, 67
Trd, 4319177.943, 92
Trd, 4319178.993, 139
Trd, 4319179.593, 139
Trd, 4319180.593, 140
Trd, 4319181.193, 140
Trd, 4319182.293, 140
Trd, 4319182.743, 140
Trd, 4319183.043, 135
Trd, 4319183.143, 96
Trd, 4319184.293, 140
Trd, 4319184.543, 137
Trd, 4319185.593, 140
Trd, 4319185.843, 139
Trd, 4319186.793, 122
Trd, 4319188.443, 103
Trd, 4319189.793, 140
Trd, 4319189.843, 134
Trd, 4319190.093, 133
Trd, 4319190.743, 132
Trd, 4319190.793, 129
Trd, 4319192.343, 116
Trd, 4319193.443, 140
Trd, 4319194.143, 140
Trd, 4319195.493, 140
Trd, 4319195.593, 140
Trd, 4319195.693, 140
Trd, 4319195.893, 140
Trd, 4319196.193, 139
Trd, 4319196.743, 68
Trd, 4319196.843, 92
Trd, 4319199.193, 111
Trd, 4319199.593, 128
Trd, 4319199.993, 89
Trd, 4319200.543, 127
Trd, 4319200.893, 111
Trd, 4319200.993, 83
Trd, 4319201.493, 62
Trd, 4319202.493, 125
Trd, 4319204.143, 60
Trd, 4319204.943, 60
Trd, 4319205.893, 69
Trd, 4319206.343, 93
Trd, 4319208.793, 61
Trd, 4319208.893, 60
Trd, 4319209.793, 62
Trd, 4319210.293, 62
Trd, 4319210.343, 63
Trd, 4319210.443, 64
Trd, 4319210.643, 122
Trd, 4319212.693, 69
Trd, 4319214.143, 60
Trd, 4319214.243, 60
Trd, 4319216.043, 65
Trd, 4319217.193, 65
Trd, 4319217.493, 64
Trd, 4319218.043, 60
Trd, 4319218.893, 61
Trd, 4319219.343, 61
Trd, 4319220.393, 63
Trd, 4319220.793, 64
Trd, 4319223.043, 92
Trd, 4319224.093, 93
Trd, 4319224.493, 96
Trd, 4319224.843, 110
Trd, 4319225.043, 109
Trd, 4319225.393, 138
Trd, 4319225.893, 129
Trd, 4319227.243, 140
Trd, 4319227.843, 140
Trd, 4319228.543, 140
Trd, 4319228.793, 140
Trd, 4319228.993, 109
Trd, 4319229.293, 140
Trd, 4319229.793, 63
Trd, 4319230.393, 60
Trd, 4319232.143, 108
Trd, 4319232.193, 107
Trd, 4319232.243, 80
Trd, 4319233.343, 140
Trd, 4319234.793, 140
Trd, 4319235.993, 140
Trd, 4319237.393, 140
Trd, 4319237.693, 140
Trd, 4319238.093, 140
Trd, 4319238.893, 140
Trd, 4319239.443, 140
Trd, 4319241.643, 140
Trd, 4319241.693, 140
Trd, 4319243.393, 140
Trd, 4319243.643, 140
Trd, 4319244.393, 96
Trd, 4319245.593, 140
Trd, 4319247.743, 140
Trd, 4319248.093, 140
Trd, 4319248.343, 138
Trd, 4319249.193, 140
Trd, 4319249.493, 140
Trd, 4319249.743, 139
Trd, 4319250.493, 91
Trd, 4319251.093, 139
Trd, 4319253.193, 140
Trd, 4319253.243, 140
Trd, 4319253.743, 140
Trd, 4319254.993, 140
Trd, 4319255.943, 140
Trd, 4319256.543, 140
Trd, 4319256.943, 140
Trd, 4319258.043, 140
Trd, 4319258.443, 139
Trd, 4319258.943, 140
Trd, 4319259.043, 138
Trd, 4319261.193, 134
Trd, 4319261.243, 127
Trd, 4319261.393, 127
Trd, 4319262.193, 97
Trd, 4319262.543, 116
Trd, 4319263.193, 113
Trd, 4319264.093, 140
Trd, 4319265.993, 137
Trd, 4319266.043, 135
Trd, 4319266.893, 134
Trd, 4319266.993, 124
Trd, 4319267.393, 67
Trd, 4319267.593, 63
Trd, 4319268.543, 100
Trd, 4319269.893, 140
Trd, 4319271.193, 140
Trd, 4319271.393, 140
Trd, 4319271.693, 140
Trd, 4319272.343, 124
Trd, 4319273.293, 139
Trd, 4319274.343, 135
Trd, 4319274.993, 125
Trd, 4319275.393, 138
Trd, 4319275.493, 125
Trd, 4319275.893, 136
Trd, 4319275.943, 124
Trd, 4319276.843, 118
Trd, 4319278.943, 61
Trd, 4319279.143, 62
Trd, 4319280.693, 110
Trd, 4319281.193, 115
Trd, 4319281.293, 111
Trd, 4319282.143, 113
Trd, 4319283.343, 140
Trd, 4319284.393, 115
Trd, 4319284.693, 136
Trd, 4319284.843, 136
Trd, 4319285.243, 114
Trd, 4319285.743, 90
Trd, 4319286.843, 140
Trd, 4319289.193, 140
Trd, 4319289.443, 140
Trd, 4319290.643, 140
Trd, 4319290.743, 140
Trd, 4319291.493, 140
Trd, 4319292.493, 140
Trd, 4319292.993, 140
Trd, 4319293.293, 140
Trd, 4319294.443, 140
Trd, 4319295.693, 105
Trd, 4319296.193, 139
Trd, 4319296.943, 108
Trd, 4319297.393, 106
Trd, 4319297.493, 101
Trd, 4319297.793, 137
Trd, 4319298.493, 121
Trd, 4319298.643, 121
Trd, 4319301.243, 140
Trd, 4319302.243, 140
Trd, 4319304.193, 140
Trd, 4319304.443, 140
Trd, 4319304.493, 139
Trd, 4319304.643, 138
Trd, 4319305.143, 135
Trd, 4319305.893, 72
Trd, 4319306.143, 73
Trd, 4319306.393, 74
Trd, 4319306.993, 68
Trd, 4319308.543, 61
Trd, 4319308.693, 64
Trd, 4319309.343, 62
Trd, 4319311.143, 61
Trd, 4319311.293, 61
Trd, 4319311.493, 62
Trd, 4319312.793, 68
Trd, 4319313.293, 129
Trd, 4319313.943, 89
Trd, 4319314.993, 115
Trd, 4319315.793, 137
Trd, 4319316.493, 98
Trd, 4319316.993, 98
Trd, 4319317.043, 97
Trd, 4319317.143, 102
Trd, 4319318.193, 80
Trd, 4319318.493, 79
Trd, 4319320.643, 140
Trd, 4319322.693, 140
Trd, 4319323.093, 139
Trd, 4319323.143, 137
Trd, 4319323.743, 136
Trd, 4319324.243, 135
Trd, 4319325.693, 140
Trd, 4319326.893, 136
Trd, 4319326.943, 134
Trd, 4319327.443, 106
Trd, 4319328.043, 86
Trd, 4319328.543, 140
Trd, 4319330.493, 140
Trd, 4319330.893, 140
Trd, 4319331.643, 105
Trd, 4319331.793, 104
Trd, 4319331.943, 103
Trd, 4319332.793, 140
Trd, 4319332.943, 140
Trd, 4319334.993, 120
Trd, 4319335.593, 110
Trd, 4319336.893, 140
Trd, 4319337.193, 140
Trd, 4319337.993, 140
Trd, 4319338.143, 139
Trd, 4319339.593, 140
Trd, 4319339.643, 139
Trd, 4319340.793, 139
Trd, 4319341.193, 140
Trd, 4319341.793, 134
Trd, 4319342.643, 133
Trd, 4319343.243, 122
Trd, 4319343.793, 118
Trd, 4319343.893, 129
Trd, 4319344.143, 116
Trd, 4319345.143, 140
Trd, 4319345.893, 139
Trd, 4319346.543, 123
Trd, 4319347.793, 91
Trd, 4319348.793, 72
Trd, 4319349.943, 130
Trd, 4319351.243, 60
Trd, 4319352.443, 60
Trd, 4319352.643, 60
Trd, 4319353.393, 62
Trd, 4319353.643, 63
Trd, 4319353.993, 61
Trd, 4319355.593, 65
Trd, 4319357.093, 87
Trd, 4319357.593, 76
Trd, 4319357.643, 81
Trd, 4319358.393, 104
Trd, 4319359.543, 83
Trd, 4319359.743, 82
Trd, 4319359.993, 94
Trd, 4319360.193, 80
Trd, 4319360.993, 97
Trd, 4319361.843, 75
Trd, 4319361.893, 73
Trd, 4319363.443, 140
Trd, 4319363.643, 139
Trd, 4319364.693, 139
Trd, 4319365.043, 139
Trd, 4319366.043, 61
Trd, 4319366.543, 112
Trd, 4319367.493, 136
Trd, 4319368.793, 140
Trd, 4319369.743, 140
Trd, 4319369.793, 139
Trd, 4319370.543, 137
Trd, 4319370.943, 102
Trd, 4319371.943, 74
Trd, 4319373.743, 140
Trd, 4319374.393, 140
Trd, 4319374.643, 140
Trd, 4319375.043, 140
Trd, 4319376.293, 140
Trd, 4319376.943, 140
Trd, 4319377.143, 140
Trd, 4319377.493, 140
Trd, 4319378.093, 115
Trd, 4319379.643, 121
Trd, 4319379.693, 119
Trd, 4319380.193, 113
Trd, 4319381.343, 135
Trd, 4319381.443, 78
Trd, 4319383.443, 86
Trd, 4319383.743, 94
Trd, 4319383.843, 85
Trd, 4319383.943, 83
Trd, 4319384.093, 140
Trd, 4319386.743, 140
Trd, 4319388.043, 140
Trd, 4319388.143, 140
Trd, 4319388.743, 140
Trd, 4319389.093, 140
Trd, 4319389.393, 140
Trd, 4319389.543, 140
Trd, 4319391.143, 140
Trd, 4319391.993, 140
Trd, 4319392.493, 140
Trd, 4319393.193, 139
Trd, 4319393.693, 140
Trd, 4319395.443, 140
Trd, 4319395.843, 140
Trd, 4319396.493, 140
Trd, 4319397.543, 140
Trd, 4319397.643, 139
Trd, 4319398.693, 140
Trd, 4319398.893, 140
Trd, 4319400.343, 133
Trd, 4319400.743, 140
Trd, 4319401.143, 139
Trd, 4319401.243, 138
Trd, 4319405.343, 140
Trd, 4319406.593, 140
Trd, 4319406.993, 140
Trd, 4319407.643, 140
Trd, 4319407.893, 140
Trd, 4319408.693, 139
Trd, 4319408.743, 127
Trd, 4319410.643, 99
Trd, 4319410.793, 98
Trd, 4319410.893, 72
Trd, 4319411.193, 72
Trd, 4319411.343, 135
Trd, 4319411.593, 71
Trd, 4319412.093, 95
Trd, 4319413.593, 69
Trd, 4319413.893, 70
Trd, 4319414.043, 100
Trd, 4319415.543, 61
Trd, 4319417.143, 123
Trd, 4319417.493, 123
Trd, 4319418.043, 140
Trd, 4319418.443, 140
Trd, 4319419.543, 140
Trd, 4319419.643, 140
Trd, 4319421.443, 140
Trd, 4319421.493, 139
Trd, 4319422.293, 140
Trd, 4319422.543, 137
Trd, 4319423.893, 136
Trd, 4319424.393, 128
Trd, 4319425.243, 132
Trd, 4319425.843, 131
Trd, 4319427.693, 140
Trd, 4319428.093, 140
Trd, 4319428.693, 140
Trd, 4319429.243, 140
Trd, 4319430.193, 140
Trd, 4319430.743, 138
Trd, 4319431.343, 108
Trd, 4319431.893, 140
Trd, 4319432.893, 137
Trd, 4319433.693, 138
Trd, 4319433.943, 134
Trd, 4319434.443, 75
Trd, 4319434.943, 75
Trd, 4319436.043, 86
Trd, 4319436.093, 88
Trd, 4319436.643, 76
Trd, 4319438.793, 116
Trd, 4319439.543, 83
Trd, 4319439.693, 140
Trd, 4319440.043, 83
Trd, 4319441.043, 125
Trd, 4319441.193, 62
Trd, 4319442.093, 60
Trd, 4319442.793, 61
Trd, 4319444.143, 60
Trd, 4319445.043, 60
Trd, 4319447.193, 63
Trd, 4319448.143, 63
Trd, 4319448.293, 69
Trd, 4319448.643, 68
Trd, 4319448.693, 85
Trd, 4319448.993, 67
Trd, 4319449.043, 62
Trd, 4319449.293, 63
Trd, 4319449.793, 62
Trd, 4319450.793, 140
Trd, 4319451.843, 140
Trd, 4319451.993, 140
Trd, 4319453.393, 140
Trd, 4319454.243, 140
Trd, 4319454.493, 140
Trd, 4319455.693, 140
Trd, 4319457.893, 140
Trd, 4319458.393, 140
Trd, 4319458.843, 140
Trd, 4319459.093, 140
Trd, 4319459.243, 140
Trd, 4319459.743, 140
Trd, 4319460.393, 140
Trd, 4319460.593, 132
Trd, 4319460.843, 114
Trd, 4319463.193, 140
Trd, 4319463.443, 140
Trd, 4319463.593, 138
Trd, 4319464.193, 117
Trd, 4319464.943, 128
Trd, 4319465.293, 124
Trd, 4319465.793, 97
Trd, 4319466.643, 131
Trd, 4319467.343, 123
Trd, 4319467.893, 123
Trd, 4319467.993, 131
Trd, 4319469.293, 126
Trd, 4319469.993, 122
Trd, 4319470.693, 129
Trd, 4319470.943, 111
Trd, 4319472.293, 136
Trd, 4319472.343, 130
Trd, 4319474.243, 60
Trd, 4319474.443, 99
Trd, 4319476.143, 62
Trd, 4319477.293, 63
Trd, 4319479.293, 60
Trd, 4319479.643, 60
Trd, 4319480.343, 60
Trd, 4319480.943, 60
Trd, 4319481.393, 60
Trd, 4319481.943, 68
Trd, 4319483.043, 69
Trd, 4319483.143, 68
Trd, 4319483.193, 90
Trd, 4319484.093, 82
Trd, 4319484.193, 81
Trd, 4319487.593, 140
Trd, 4319487.993, 140
Trd, 4319489.093, 140
Trd, 4319489.693, 140
Trd, 4319489.993, 140
Trd, 4319490.343, 140
Trd, 4319490.743, 140
Trd, 4319490.893, 140
Trd, 4319490.993, 138
Trd, 4319491.893, 140
Trd, 4319492.543, 140
Trd, 4319493.143, 140
Trd, 4319493.843, 72
Trd, 4319495.743, 122
Trd, 4319496.893, 116
Trd, 4319497.443, 84
Trd, 4319497.493, 82
Trd, 4319497.543, 78
Trd, 4319498.093, 119
Trd, 4319499.793, 140
Trd, 4319500.793, 140
Trd, 4319500.843, 140
Trd, 4319501.143, 138
Trd, 4319501.293, 89
Trd, 4319501.593, 63
Trd, 4319502.093, 66
Trd, 4319503.193, 60
Trd, 4319506.243, 60
Trd, 4319508.343, 60
Trd, 4319508.693, 61
Trd, 4319508.993, 60
Trd, 4319510.043, 91
Trd, 4319510.093, 88
Trd, 4319510.293, 82
Trd, 4319510.743, 114
Trd, 4319513.143, 63
Trd, 4319513.243, 62
Trd, 4319513.393, 65
Trd, 4319513.593, 62
Trd, 4319513.643, 71
Trd, 4319515.293, 72
Trd, 4319515.943, 94
Trd, 4319516.043, 98
Trd, 4319516.793, 96
Trd, 4319517.393, 132
Trd, 4319517.493, 130
Trd, 4319520.493, 140
Trd, 4319520.793, 140
Trd, 4319520.943, 140
Trd, 4319521.293, 140
Trd, 4319521.493, 140
Trd, 4319522.693, 140
Trd, 4319522.893, 138
Trd, 4319523.443, 126
Trd, 4319524.943, 132
Trd, 4319526.193, 140
Trd, 4319527.343, 140
Trd, 4319527.393, 138
Trd, 4319528.993, 139
Trd, 4319529.143, 140
Trd, 4319529.343, 139
Trd, 4319529.793, 140
Trd, 4319530.343, 138
Trd, 4319530.393, 135
Trd, 4319530.893, 124
Trd, 4319531.993, 138
Trd, 4319534.143, 140
Trd, 4319534.243, 140
Trd, 4319534.793, 139
Trd, 4319535.293, 139
Trd, 4319535.893, 140
Trd, 4319536.493, 140
Trd, 4319537.193, 137
Trd, 4319538.093, 110
Trd, 4319538.993, 134
Trd, 4319539.043, 132
Trd, 4319539.343, 105
Trd, 4319540.543, 140
Trd, 4319541.993, 140
Trd, 4319542.893, 140
Trd, 4319544.443, 140
Trd, 4319544.543, 140
Trd, 4319544.893, 140
Trd, 4319545.593, 140
Trd, 4319546.193, 140
Trd, 4319546.493, 140
Trd, 4319548.593, 140
Trd, 4319549.343, 138
Trd, 4319550.443, 140
Trd, 4319551.143, 140
Trd, 4319551.243, 140
Trd, 4319551.443, 140
Trd, 4319551.493, 135
Trd, 4319553.693, 140
Trd, 4319553.943, 140
Trd, 4319555.393, 140
Trd, 4319555.993, 140
Trd, 4319556.743, 140
Trd, 4319557.093, 140
Trd, 4319557.343, 140
Trd, 4319558.493, 140
Trd, 4319559.043, 140
Trd, 4319559.493, 140
Trd, 4319560.343, 140
Trd, 4319561.243, 140
Trd, 4319561.943, 140
Trd, 4319562.843, 140
Trd, 4319564.693, 140
Trd, 4319564.743, 140
Trd, 4319565.093, 140
Trd, 4319566.093, 140
Trd, 4319566.993, 140
Trd, 4319567.693, 140
Trd, 4319568.843, 135
Trd, 4319569.043, 134
Trd, 4319569.093, 120
Trd, 4319570.043, 139
Trd, 4319570.743, 93
Trd, 4319571.343, 140
Trd, 4319572.293, 91
Trd, 4319572.793, 90
Trd, 4319573.043, 90
Trd, 4319575.343, 140
Trd, 4319575.493, 139
Trd, 4319576.293, 110
Trd, 4319577.093, 133
Trd, 4319578.093, 110
Trd, 4319579.643, 97
Trd, 4319580.043, 136
Trd, 4319580.543, 137
Trd, 4319580.893, 124
Trd, 4319582.543, 106
Trd, 4319582.743, 110
Trd, 4319582.843, 111
Trd, 4319583.493, 113
Trd, 4319583.743, 112
Trd, 4319585.443, 119
Trd, 4319585.543, 133
Trd, 4319586.843, 139
Trd, 4319587.343, 123
Trd, 4319589.293, 140
Trd, 4319589.843, 140
Trd, 4319590.643, 140
Trd, 4319590.893, 140
Trd, 4319590.943, 140
Trd, 4319593.143, 140
Trd, 4319593.243, 140
Trd, 4319593.643, 140
Trd, 4319593.793, 140
Trd, 4319594.243, 131
Trd, 4319594.293, 129
Trd, 4319594.743, 137
Trd, 4319595.393, 129
Trd, 4319596.293, 125
Trd, 4319597.793, 119
Trd, 4319598.243, 127
Trd, 4319598.393, 121
Trd, 4319598.943, 128
Trd, 4319599.743, 140
Trd, 4319599.793, 130
Trd, 4319600.143, 122
Trd, 4319600.693, 136
Trd, 4319602.293, 140
Trd, 4319603.243, 140
Trd, 4319603.743, 140
Trd, 4319604.593, 140
Trd, 4319604.943, 140
Trd, 4319605.143, 114
Trd, 4319607.643, 140
Trd, 4319607.993, 140
Trd, 4319608.143, 140
Trd, 4319610.193, 139
Trd, 4319610.243, 125
Trd, 4319610.343, 124
Trd, 4319611.093, 125
Trd, 4319612.343, 126
Trd, 4319613.543, 113
Trd, 4319614.143, 133
Trd, 4319614.593, 114
Trd, 4319614.693, 113
Trd, 4319615.893, 71
Trd, 4319617.093, 140
Trd, 4319617.143, 140
Trd, 4319617.593, 136
Trd, 4319617.943, 121
Trd, 4319619.043, 140
Trd, 4319619.143, 140
Trd, 4319619.293, 140
Trd, 4319619.743, 140
Trd, 4319620.193, 138
Trd, 4319620.293, 138
Trd, 4319623.493, 140
Trd, 4319625.993, 140
Trd, 4319626.193, 140
Trd, 4319626.793, 140
Trd, 4319627.043, 140
Trd, 4319627.793, 140
Trd, 4319628.093, 139
Trd, 4319628.993, 126
Trd, 4319629.193, 118
Trd, 4319629.293, 116
Trd, 4319629.743, 140
Trd, 4319630.793, 140
Trd, 4319632.243, 140
Trd, 4319632.993, 140
Trd, 4319633.393, 140
Trd, 4319633.493, 140
Trd, 4319634.093, 125
Trd, 4319634.843, 125
Trd, 4319636.043, 140
Trd, 4319636.693, 140
Trd, 4319637.943, 140
Trd, 4319638.443, 140
Trd, 4319639.043, 140
Trd, 4319639.143, 140
Trd, 4319639.993, 140
Trd, 4319640.493, 139
Trd, 4319641.093, 61
Trd, 4319642.143, 60
Trd, 4319642.843, 65
Trd, 4319642.943, 67
Trd, 4319644.643, 73
Trd, 4319645.393, 109
Trd, 4319645.443, 116
Trd, 4319645.543, 108
Trd, 4319646.993, 140
Trd, 4319649.093, 140
Trd, 4319649.243, 140
Trd, 4319649.493, 140
Trd, 4319650.143, 125
Trd, 4319650.643, 127
Trd, 4319650.993, 140
Trd, 4319651.093, 128
Trd, 4319652.093, 110
Trd, 4319652.793, 112
Trd, 4319652.943, 109
Trd, 4319653.393, 99
Trd, 4319654.143, 131
Trd, 4319654.443, 74
Trd, 4319654.793, 73
Trd, 4319655.893, 134
Trd, 4319658.543, 65
Trd, 4319658.893, 66
Trd, 4319659.493, 62
Trd, 4319659.643, 89
Trd, 4319659.943, 71
Trd, 4319661.643, 61
Trd, 4319663.493, 115
Trd, 4319663.593, 65
Trd, 4319665.243, 140
Trd, 4319665.843, 140
Trd, 4319665.993, 140
Trd, 4319667.693, 140
Trd, 4319668.193, 140
Trd, 4319669.043, 140
Trd, 4319669.243, 140
Trd, 4319669.593, 140
Trd, 4319669.893, 139
Trd, 4319670.843, 124
Trd, 4319671.143, 138
Trd, 4319671.243, 109
Trd, 4319672.343, 140
Trd, 4319673.143, 129
Trd, 4319673.243, 121
Trd, 4319674.993, 131
Trd, 4319677.243, 140
Trd, 4319677.343, 140
Trd, 4319677.393, 140
Trd, 4319678.393, 140
Trd, 4319679.043, 140
Trd, 4319679.393, 140
Trd, 4319679.443, 140
Trd, 4319680.193, 140
Trd, 4319681.693, 140
Trd, 4319681.793, 138
Trd, 4319682.343, 140
Trd, 4319683.493, 140
Trd, 4319683.843, 140
Trd, 4319684.393, 140
Trd, 4319684.843, 140
Trd, 4319685.493, 140
Trd, 4319685.993, 140
Trd, 4319687.393, 140
Trd, 4319688.643, 140
Trd, 4319689.493, 140
Trd, 4319691.543, 140
Trd, 4319691.593, 140
Trd, 4319693.743, 140
Trd, 4319693.893, 140
Trd, 4319693.993, 140
Trd, 4319694.493, 140
Trd, 4319694.943, 140
Trd, 4319695.543, 140
Trd, 4319696.193, 140
Trd, 4319696.593, 109
Trd, 4319697.043, 140
Trd, 4319698.843, 140
Trd, 4319699.843, 140
Trd, 4319700.843, 140
Trd, 4319701.643, 126
Trd, 4319702.893, 85
Trd, 4319703.043, 137
Trd, 4319703.093, 81
Trd, 4319703.743, 89
Trd, 4319703.943, 117
Trd, 4319704.843, 90
Trd, 4319705.293, 67
Trd, 4319705.693, 69
Trd, 4319706.843, 88
Trd, 4319708.143, 122
Trd, 4319708.293, 121
Trd, 4319708.443, 119
Trd, 4319709.843, 139
Trd, 4319710.693, 62
Trd, 4319711.943, 61
Trd, 4319711.993, 65
Trd, 4319712.743, 130
Trd, 4319713.143, 130
Trd, 4319713.343, 127
Trd, 4319715.643, 91
Trd, 4319715.843, 88
Trd, 4319716.343, 99
Trd, 4319718.143, 75
Trd, 4319718.793, 81
Trd, 4319718.893, 89
Trd, 4319719.193, 78
Trd, 4319721.293, 140
Trd, 4319722.243, 140
Trd, 4319722.393, 140
Trd, 4319722.493, 140
Trd, 4319723.093, 140
Trd, 4319724.493, 140
Trd, 4319724.693, 140
Trd, 4319725.943, 140
Trd, 4319726.393, 140
Trd, 4319726.793, 128
Trd, 4319727.543, 126
Trd, 4319728.143, 135
Trd, 4319729.343, 136
Trd, 4319729.543, 133
Trd, 4319729.993, 137
Trd, 4319730.193, 134
Trd, 4319730.343, 137
Trd, 4319732.243, 140
Trd, 4319732.943, 140
Trd, 4319733.643, 140
Trd, 4319734.243, 140
Trd, 4319735.293, 140
Trd, 4319735.543, 140
Trd, 4319737.543, 140
Trd, 4319738.293, 140
Trd, 4319739.093, 140
Trd, 4319739.143, 139
Trd, 4319740.993, 140
Trd, 4319741.143, 139
Trd, 4319741.593, 137
Trd, 4319741.693, 133
Trd, 4319742.493, 140
Trd, 4319744.493, 140
Trd, 4319745.093, 140
Trd, 4319745.393, 140
Trd, 4319747.843, 126
Trd, 4319748.043, 126
Trd, 4319748.943, 140
Trd, 4319749.043, 140
Trd, 4319750.243, 133
Trd, 4319750.843, 140
Trd, 4319751.043, 139
Trd, 4319751.743, 137
Trd, 4319753.443, 140
Trd, 4319753.943, 140
Trd, 4319755.493, 115
Trd, 4319756.243, 139
Trd, 4319757.243, 140
Trd, 4319757.793, 140
Trd, 4319758.093, 140
Trd, 4319759.143, 140
Trd, 4319759.643, 140
Trd, 4319761.043, 139
Trd, 4319762.243, 139
Trd, 4319762.843, 140
Trd, 4319762.993, 140
Trd, 4319763.393, 140
Trd, 4319766.043, 140
Trd, 4319766.193, 140
Trd, 4319766.243, 138
Trd, 4319766.643, 104
Trd, 4319769.843, 140
Trd, 4319770.043, 140
Trd, 4319770.243, 140
Trd, 4319770.343, 140
Trd, 4319770.393, 140
Trd, 4319770.893, 140
Trd, 4319771.043, 140
Trd, 4319771.643, 138
Trd, 4319772.943, 137
Trd, 4319774.143, 123
Trd, 4319774.543, 96
Trd, 4319775.193, 96
Trd, 4319775.443, 130
Trd, 4319775.993, 135
Trd, 4319776.993, 140
Trd, 4319779.193, 140
Trd, 4319779.343, 140
Trd, 4319780.193, 140
Trd, 4319780.543, 140
Trd, 4319780.693, 140
Trd, 4319783.093, 140
Trd, 4319783.893, 140
Trd, 4319784.193, 140
Trd, 4319784.493, 139
Trd, 4319785.793, 125
Trd, 4319786.343, 82
Trd, 4319787.043, 64
Trd, 4319787.693, 65
Trd, 4319787.793, 87
Trd, 4319788.393, 64
Trd, 4319789.643, 140
Trd, 4319789.793, 139
Trd, 4319790.343, 127
Trd, 4319791.993, 75
Trd, 4319792.293, 75
Trd, 4319793.693, 106
Trd, 4319793.743, 105
Trd, 4319793.993, 80
Trd, 4319794.493, 80
Trd, 4319794.843, 79
Trd, 4319795.493, 81
Trd, 4319795.743, 61
Trd, 4319798.243, 60
Trd, 4319798.543, 60
Trd, 4319798.693, 139
Trd, 4319800.793, 120
Trd, 4319801.093, 68
Trd, 4319801.693, 71
Trd, 4319802.793, 129
Trd, 4319803.743, 135
Trd, 4319803.893, 134
Trd, 4319804.193, 85
Trd, 4319805.193, 115
Trd, 4319805.393, 87
Trd, 4319805.543, 134
Trd, 4319805.693, 74
Trd, 4319806.343, 89
Trd, 4319806.743, 102
Trd, 4319808.143, 67
Trd, 4319808.443, 82
Trd, 4319811.043, 60
Trd, 4319811.343, 61
Trd, 4319812.443, 60
Trd, 4319813.743, 60
Trd, 4319814.643, 60
Trd, 4319815.743, 62
Trd, 4319815.893, 98
Trd, 4319816.643, 61
Trd, 4319817.143, 62
Trd, 4319817.543, 63
Trd, 4319817.693, 61
Trd, 4319818.543, 73
Trd, 4319819.793, 64
Trd, 4319820.643, 73
Trd, 4319821.793, 63
Trd, 4319822.643, 61
Trd, 4319822.843, 60
Trd, 4319823.593, 76
Trd, 4319823.743, 63
Trd, 4319824.593, 60
Trd, 4319826.393, 64
Trd, 4319826.693, 65
Trd, 4319827.093, 66
Trd, 4319827.193, 65
Trd, 4319827.493, 66
Trd, 4319827.643, 104
Trd, 4319829.193, 140
Trd, 4319829.343, 135
Trd, 4319830.293, 110
Trd, 4319831.343, 60
Trd, 4319831.593, 93
Trd, 4319832.843, 135
Trd, 4319833.343, 133
Trd, 4319833.543, 134
Trd, 4319833.743, 133
Trd, 4319834.443, 135
Trd, 4319835.193, 138
Trd, 4319835.343, 133
Trd, 4319835.393, 120
Trd, 4319837.143, 60
Trd, 4319837.643, 60
Trd, 4319839.093, 60
Trd, 4319839.193, 130
Trd, 4319840.543, 136
Trd, 4319841.093, 138
Trd, 4319841.193, 136
Trd, 4319841.343, 134
Trd, 4319842.893, 61
Trd, 4319843.143, 60
Trd, 4319844.193, 139
Trd, 4319844.643, 136
Trd, 4319845.193, 81
Trd, 4319845.893, 61
Trd, 4319847.193, 61
Trd, 4319848.493, 78
Trd, 4319848.943, 81
Trd, 4319849.243, 82
Trd, 4319851.293, 140
Trd, 4319851.343, 140
Trd, 4319851.693, 140
Trd, 4319852.243, 140
Trd, 4319853.543, 140
Trd, 4319854.143, 140
Trd, 4319854.493, 140
Trd, 4319855.343, 140
Trd, 4319857.193, 140
Trd, 4319858.843, 140
Trd, 4319859.343, 140
Trd, 4319859.893, 140
Trd, 4319859.943, 140
Trd, 4319861.843, 140
Trd, 4319863.393, 140
Trd, 4319863.693, 140
Trd, 4319864.293, 140
Trd, 4319865.443, 140
Trd, 4319865.743, 140
Trd, 4319867.293, 140
Trd, 4319867.893, 140
Trd, 4319868.443, 139
Trd, 4319869.243, 140
Trd, 4319870.993, 140
Trd, 4319871.043, 140
Trd, 4319871.343, 140
Trd, 4319872.893, 140
Trd, 4319872.993, 140
Trd, 4319873.193, 140
Trd, 4319874.693, 132
Trd, 4319876.843, 137
Trd, 4319876.993, 138
Trd, 4319878.493, 140
Trd, 4319878.543, 140
Trd, 4319878.743, 140
Trd, 4319879.343, 140
Trd, 4319880.643, 140
Trd, 4319880.893, 140
Trd, 4319881.293, 140
Trd, 4319881.993, 140
Trd, 4319882.093, 137
Trd, 4319882.643, 82
Trd, 4319884.043, 140
Trd, 4319884.343, 113
Trd, 4319885.443, 114
Trd, 4319885.893, 83
Trd, 4319886.793, 118
Trd, 4319887.343, 140
Trd, 4319887.543, 139
Trd, 4319888.843, 138
Trd, 4319889.443, 138
Trd, 4319889.793, 94
Trd, 4319890.793, 139
Trd, 4319890.893, 97
Trd, 4319891.393, 61
Trd, 4319892.293, 63
Trd, 4319895.143, 69
Trd, 4319896.893, 62
Trd, 4319897.443, 65
Trd, 4319897.593, 63
Trd, 4319900.243, 62
Trd, 4319901.093, 109
Trd, 4319901.543, 111
Trd, 4319901.793, 121
Trd, 4319901.993, 111
Trd, 4319902.243, 110
Trd, 4319902.693, 89
Trd, 4319903.293, 119
Trd, 4319903.543, 86
Trd, 4319904.493, 81
Trd, 4319905.443, 66
Trd, 4319905.693, 67
Trd, 4319908.693, 62
Trd, 4319909.093, 63
Trd, 4319909.143, 68
Trd, 4319909.343, 134
Trd, 4319910.593, 95
Trd, 4319911.093, 96
Trd, 4319911.743, 99
Trd, 4319911.943, 105
Trd, 4319913.493, 133
Trd, 4319914.493, 67
Trd, 4319914.743, 140
Trd, 4319915.193, 140
Trd, 4319915.643, 140
Trd, 4319916.293, 94
Trd, 4319916.443, 94
Trd, 4319916.593, 111
Trd, 4319916.943, 64
Trd, 4319918.243, 140
Trd, 4319919.943, 140
Trd, 4319920.093, 139
Trd, 4319920.443, 138
Trd, 4319921.693, 62
Trd, 4319921.843, 60
Trd, 4319922.043, 72
Trd, 4319922.493, 138
Trd, 4319922.693, 67
Trd, 4319924.643, 96
Trd, 4319926.493, 127
Trd, 4319927.593, 86
Trd, 4319928.243, 140
Trd, 4319928.843, 103
Trd, 4319929.093, 102
Trd, 4319929.193, 114
Trd, 4319929.343, 115
Trd, 4319930.343, 122
Trd, 4319932.343, 60
Trd, 4319932.393, 60
Trd, 4319934.043, 60
Trd, 4319934.693, 62
Trd, 4319935.593, 62
Trd, 4319937.993, 60
Trd, 4319938.193, 61
Trd, 4319938.943, 62
Trd, 4319939.493, 62
Trd, 4319939.543, 64
Trd, 4319939.993, 66
Trd, 4319941.843, 126
Trd, 4319942.093, 126
Trd, 4319942.393, 124
Trd, 4319942.893, 76
Trd, 4319943.593, 80
Trd, 4319944.343, 140
Trd, 4319945.393, 140
Trd, 4319945.643, 139
Trd, 4319946.643, 106
Trd, 4319948.543, 115
Trd, 4319948.943, 115
Trd, 4319948.993, 130
Trd, 4319949.543, 114
Trd, 4319949.843, 113
Trd, 4319951.243, 127
Trd, 4319951.343, 126
Trd, 4319952.093, 107
Trd, 4319952.143, 106
Trd, 4319952.193, 105
Trd, 4319954.343, 140
Trd, 4319954.543, 140
Trd, 4319954.843, 140
Trd, 4319955.793, 140
Trd, 4319957.343, 139
Trd, 4319958.243, 140
Trd, 4319958.843, 140
Trd, 4319959.693, 140
Trd, 4319959.893, 140
Trd, 4319961.143, 133
Trd, 4319961.643, 120
Trd, 4319961.993, 97
Trd, 4319962.893, 61
Trd, 4319964.593, 97
Trd, 4319964.793, 96
Trd, 4319965.393, 111
Trd, 4319965.443, 93
Trd, 4319965.693, 93
Trd, 4319965.993, 93
Trd, 4319966.943, 111
Trd, 4319967.443, 97
Trd, 4319967.643, 114
Trd, 4319969.393, 140
Trd, 4319969.493, 140
Trd, 4319969.843, 140
Trd, 4319970.293, 129
Trd, 4319971.843, 83
Trd, 4319972.993, 121
Trd, 4319973.293, 85
Trd, 4319973.643, 60
Trd, 4319975.143, 61
Trd, 4319976.143, 60
Trd, 4319978.593, 60
Trd, 4319979.143, 64
Trd, 4319979.193, 61
Trd, 4319979.593, 66
Trd, 4319980.493, 67
Trd, 4319980.643, 65
Trd, 4319981.943, 73
Trd, 4319982.193, 66
Trd, 4319982.543, 109
Trd, 4319983.143, 104
Trd, 4319983.493, 103
Trd, 4319983.543, 101
Trd, 4319985.593, 140
Trd, 4319986.993, 140
Trd, 4319987.093, 140
Trd, 4319988.243, 140
Trd, 4319988.343, 139
Trd, 4319989.343, 140
Trd, 4319990.143, 140
Trd, 4319991.143, 140
Trd, 4319991.193, 140
Trd, 4319992.543, 139
Trd, 4319992.893, 125
Trd, 4319993.643, 126
Trd, 4319995.493, 140
Trd, 4319996.293, 140
Trd, 4319996.393, 140
Trd, 4319996.543, 140
Trd, 4319997.643, 125
Trd, 4319998.193, 124
Trd, 4319999.543, 140
Trd, 4319999.793, 140
