Trd, 4318109.693, 120
Trd, 4318110.843, 140
Trd, 4318111.143, 121
Trd, 4318111.743, 117
Trd, 4318113.093, 117
Trd, 4318113.443, 132
Trd, 4318113.893, 136
Trd, 4318114.193, 130
Trd, 4318115.193, 120
Trd, 4318115.243, 105
Trd, 4318115.343, 123
Trd, 4318116.643, 138
Trd, 4318116.843, 121
Trd, 4318117.093, 117
Trd, 4318117.493, 83
Trd, 4318119.443, 139
Trd, 4318119.793, 116
Trd, 4318119.893, 96
Trd, 4318120.193, 93
Trd, 4318121.343, 79
Trd, 4318122.193, 86
Trd, 4318122.343, 135
Trd, 4318123.193, 83
Trd, 4318123.493, 113
Trd, 4318123.843, 137
Trd, 4318125.743, 79
Trd, 4318126.343, 80
Trd, 4318126.593, 129
Trd, 4318127.443, 73
Trd, 4318127.643, 87
Trd, 4318129.193, 97
Trd, 4318129.643, 122
Trd, 4318130.143, 102
Trd, 4318130.193, 127
Trd, 4318130.993, 103
Trd, 4318131.893, 89
Trd, 4318132.743, 85
Trd, 4318133.193, 95
Trd, 4318133.743, 134
Trd, 4318133.893, 131
Trd, 4318134.693, 140
Trd, 4318135.043, 139
Trd, 4318136.493, 132
Trd, 4318136.693, 122
Trd, 4318136.843, 114
Trd, 4318138.043, 71
Trd, 4318139.993, 139
Trd, 4318140.243, 140
Trd, 4318140.543, 106
Trd, 4318140.593, 87
Trd, 4318142.993, 139
Trd, 4318143.093, 133
Trd, 4318145.793, 129
Trd, 4318146.093, 128
Trd, 4318146.293, 131
Trd, 4318146.693, 123
Trd, 4318146.893, 125
Trd, 4318148.293, 118
Trd, 4318148.693, 111
Trd, 4318150.043, 132
Trd, 4318150.393, 122
Trd, 4318150.993, 140
Trd, 4318151.993, 137
Trd, 4318152.193, 136
Trd, 4318153.743, 123
Trd, 4318154.193, 139
Trd, 4318154.543, 117
Trd, 4318154.843, 104
Trd, 4318155.943, 77
Trd, 4318156.043, 73
Trd, 4318156.243, 92
Trd, 4318158.293, 134
Trd, 4318158.943, 95
Trd, 4318159.043, 93
Trd, 4318159.793, 131
Trd, 4318160.493, 102
Trd, 4318162.093, 126
Trd, 4318163.243, 132
Trd, 4318163.843, 136
Trd, 4318164.493, 126
Trd, 4318165.143, 124
Trd, 4318165.643, 97
Trd, 4318165.843, 94
Trd, 4318167.393, 137
Trd, 4318169.443, 131
Trd, 4318169.793, 127
Trd, 4318170.093, 125
Trd, 4318170.193, 123
Trd, 4318170.693, 120
Trd, 4318170.893, 117
Trd, 4318170.993, 112
Trd, 4318171.143, 140
Trd, 4318171.793, 84
Trd, 4318173.143, 139
Trd, 4318174.043, 130
Trd, 4318177.643, 132
Trd, 4318178.643, 131
Trd, 4318179.193, 80
Trd, 4318180.393, 138
Trd, 4318180.493, 130
Trd, 4318180.693, 109
Trd, 4318181.993, 129
Trd, 4318183.593, 115
Trd, 4318184.193, 112
Trd, 4318184.443, 104
Trd, 4318184.743, 129
Trd, 4318185.143, 79
Trd, 4318186.193, 140
Trd, 4318186.343, 139
Trd, 4318186.643, 123
Trd, 4318187.493, 67
Trd, 4318188.443, 105
Trd, 4318189.243, 105
Trd, 4318189.293, 68
Trd, 4318190.143, 124
Trd, 4318190.793, 138
Trd, 4318191.143, 94
Trd, 4318192.643, 110
Trd, 4318193.493, 86
Trd, 4318193.893, 106
Trd, 4318193.943, 94
Trd, 4318194.593, 132
Trd, 4318194.793, 128
Trd, 4318195.193, 118
Trd, 4318197.043, 78
Trd, 4318197.993, 86
Trd, 4318199.393, 139
Trd, 4318199.793, 133
Trd, 4318200.393, 120
Trd, 4318200.643, 111
Trd, 4318201.043, 122
Trd, 4318201.543, 104
Trd, 4318202.493, 132
Trd, 4318203.793, 127
Trd, 4318204.043, 117
Trd, 4318204.243, 115
Trd, 4318205.343, 92
Trd, 4318205.693, 132
Trd, 4318205.843, 64
Trd, 4318208.193, 111
Trd, 4318208.793, 120
Trd, 4318209.243, 107
Trd, 4318209.693, 73
Trd, 4318210.043, 138
Trd, 4318210.093, 117
Trd, 4318210.443, 97
Trd, 4318211.943, 135
Trd, 4318213.743, 124
Trd, 4318213.993, 127
Trd, 4318214.643, 118
Trd, 4318214.793, 111
Trd, 4318214.943, 93
Trd, 4318215.643, 73
Trd, 4318216.393, 63
Trd, 4318216.693, 66
Trd, 4318218.443, 100
Trd, 4318218.743, 91
Trd, 4318219.593, 122
Trd, 4318220.543, 101
Trd, 4318220.593, 110
Trd, 4318220.893, 126
Trd, 4318221.293, 83
Trd, 4318221.943, 135
Trd, 4318223.643, 93
Trd, 4318224.293, 119
Trd, 4318225.893, 129
Trd, 4318226.093, 101
Trd, 4318226.393, 139
Trd, 4318226.843, 111
Trd, 4318227.743, 135
Trd, 4318228.193, 128
Trd, 4318229.343, 121
Trd, 4318229.893, 89
Trd, 4318231.343, 112
Trd, 4318231.943, 99
Trd, 4318232.443, 107
Trd, 4318233.793, 124
Trd, 4318234.643, 123
Trd, 4318235.143, 115
Trd, 4318235.743, 111
Trd, 4318235.943, 124
Trd, 4318237.043, 132
Trd, 4318237.493, 116
Trd, 4318237.993, 98
Trd, 4318238.293, 95
Trd, 4318238.543, 92
Trd, 4318239.693, 131
Trd, 4318239.843, 119
Trd, 4318240.093, 130
Trd, 4318240.643, 83
Trd, 4318240.943, 82
Trd, 4318242.543, 129
Trd, 4318243.043, 135
Trd, 4318243.893, 75
Trd, 4318244.293, 65
Trd, 4318246.093, 66
Trd, 4318246.193, 81
Trd, 4318246.643, 100
Trd, 4318246.843, 78
Trd, 4318248.193, 104
Trd, 4318248.593, 96
Trd, 4318248.993, 62
Trd, 4318249.493, 139
Trd, 4318250.843, 130
Trd, 4318252.193, 108
Trd, 4318253.393, 135
Trd, 4318253.793, 125
Trd, 4318254.493, 140
Trd, 4318254.593, 109
Trd, 4318254.743, 118
Trd, 4318255.143, 75
Trd, 4318255.443, 135
Trd, 4318257.843, 132
Trd, 4318258.893, 127
Trd, 4318259.643, 106
Trd, 4318259.943, 95
Trd, 4318260.643, 122
Trd, 4318261.543, 96
Trd, 4318261.793, 93
Trd, 4318262.043, 99
Trd, 4318263.543, 140
Trd, 4318264.943, 136
Trd, 4318265.043, 120
Trd, 4318265.793, 115
Trd, 4318265.943, 114
Trd, 4318266.243, 111
Trd, 4318267.243, 105
Trd, 4318267.943, 121
Trd, 4318269.993, 86
Trd, 4318270.293, 66
Trd, 4318270.343, 102
Trd, 4318270.693, 96
Trd, 4318271.993, 117
Trd, 4318272.093, 86
Trd, 4318273.093, 136
Trd, 4318273.493, 98
Trd, 4318274.993, 89
Trd, 4318275.093, 133
Trd, 4318275.743, 140
Trd, 4318277.043, 129
Trd, 4318277.143, 139
Trd, 4318277.743, 116
Trd, 4318277.993, 131
Trd, 4318278.343, 131
Trd, 4318280.343, 121
Trd, 4318280.393, 112
Trd, 4318280.993, 100
Trd, 4318281.393, 82
Trd, 4318283.293, 72
Trd, 4318283.793, 78
Trd, 4318283.843, 79
Trd, 4318284.643, 103
Trd, 4318285.443, 75
Trd, 4318285.643, 112
Trd, 4318287.793, 65
Trd, 4318289.293, 137
Trd, 4318289.843, 76
Trd, 4318290.293, 101
Trd, 4318290.993, 104
Trd, 4318293.143, 114
Trd, 4318294.693, 131
Trd, 4318296.293, 118
Trd, 4318296.493, 118
Trd, 4318297.043, 124
Trd, 4318297.493, 121
Trd, 4318297.993, 128
Trd, 4318298.393, 127
Trd, 4318299.643, 137
Trd, 4318300.193, 99
Trd, 4318300.893, 132
Trd, 4318301.243, 119
Trd, 4318301.293, 79
Trd, 4318302.593, 109
Trd, 4318302.893, 126
Trd, 4318303.343, 86
Trd, 4318303.693, 117
Trd, 4318305.093, 104
Trd, 4318305.143, 121
Trd, 4318306.143, 78
Trd, 4318306.543, 95
Trd, 4318307.293, 113
Trd, 4318308.743, 114
Trd, 4318308.893, 107
Trd, 4318310.193, 135
Trd, 4318310.893, 100
Trd, 4318311.193, 94
Trd, 4318311.343, 71
Trd, 4318313.043, 104
Trd, 4318313.843, 138
Trd, 4318314.443, 133
Trd, 4318315.493, 125
Trd, 4318315.593, 108
Trd, 4318315.993, 139
Trd, 4318316.093, 108
Trd, 4318318.093, 119
Trd, 4318318.193, 116
Trd, 4318318.593, 92
Trd, 4318319.643, 133
Trd, 4318320.243, 139
Trd, 4318320.493, 135
Trd, 4318322.693, 123
Trd, 4318323.993, 127
Trd, 4318324.043, 117
Trd, 4318324.143, 103
Trd, 4318325.843, 120
Trd, 4318326.443, 118
Trd, 4318326.493, 127
Trd, 4318326.843, 137
Trd, 4318327.393, 117
Trd, 4318328.293, 113
Trd, 4318328.343, 110
Trd, 4318329.043, 105
Trd, 4318330.693, 126
Trd, 4318330.893, 127
Trd, 4318331.393, 99
Trd, 4318331.993, 90
Trd, 4318333.393, 134
Trd, 4318335.143, 133
Trd, 4318337.393, 131
Trd, 4318338.343, 129
Trd, 4318338.743, 129
Trd, 4318339.143, 126
Trd, 4318339.643, 125
Trd, 4318339.693, 116
Trd, 4318339.743, 112
Trd, 4318340.193, 134
Trd, 4318340.793, 111
Trd, 4318340.893, 109
Trd, 4318343.143, 98
Trd, 4318343.193, 95
Trd, 4318343.643, 88
Trd, 4318346.243, 133
Trd, 4318346.293, 132
Trd, 4318346.493, 130
Trd, 4318346.643, 126
Trd, 4318347.143, 135
Trd, 4318348.593, 116
Trd, 4318348.793, 120
Trd, 4318349.043, 122
Trd, 4318349.443, 132
Trd, 4318349.743, 96
Trd, 4318350.693, 127
Trd, 4318351.693, 109
Trd, 4318351.893, 107
Trd, 4318352.443, 129
Trd, 4318354.693, 117
Trd, 4318354.793, 113
Trd, 4318356.243, 86
Trd, 4318356.443, 82
Trd, 4318356.543, 126
Trd, 4318357.193, 131
Trd, 4318357.993, 122
Trd, 4318358.093, 117
Trd, 4318360.493, 132
Trd, 4318360.543, 131
Trd, 4318361.843, 122
Trd, 4318362.793, 121
Trd, 4318363.543, 134
Trd, 4318365.093, 133
Trd, 4318365.643, 128
Trd, 4318365.893, 120
Trd, 4318366.293, 106
Trd, 4318367.193, 120
Trd, 4318368.143, 128
Trd, 4318368.593, 99
Trd, 4318368.843, 98
Trd, 4318370.893, 86
Trd, 4318371.243, 76
Trd, 4318371.493, 93
Trd, 4318371.793, 79
Trd, 4318372.143, 101
Trd, 4318372.893, 136
Trd, 4318373.743, 107
Trd, 4318374.593, 90
Trd, 4318374.643, 109
Trd, 4318375.343, 97
Trd, 4318376.843, 115
Trd, 4318377.493, 126
Trd, 4318378.193, 81
Trd, 4318378.893, 95
Trd, 4318379.143, 78
Trd, 4318381.993, 106
Trd, 4318382.493, 119
Trd, 4318382.693, 122
Trd, 4318383.793, 125
Trd, 4318384.393, 108
Trd, 4318384.843, 129
Trd, 4318385.143, 85
Trd, 4318385.393, 80
Trd, 4318386.193, 77
Trd, 4318386.943, 99
Trd, 4318388.343, 119
Trd, 4318389.793, 134
Trd, 4318390.243, 124
Trd, 4318392.793, 132
Trd, 4318393.393, 140
Trd, 4318394.393, 106
Trd, 4318394.993, 128
Trd, 4318395.893, 128
Trd, 4318396.093, 103
Trd, 4318396.393, 111
Trd, 4318396.743, 105
Trd, 4318397.393, 121
Trd, 4318398.193, 134
Trd, 4318400.343, 106
Trd, 4318400.543, 135
Trd, 4318400.843, 110
Trd, 4318400.893, 90
Trd, 4318401.193, 113
Trd, 4318402.993, 82
Trd, 4318404.793, 112
Trd, 4318405.043, 108
Trd, 4318405.643, 98
Trd, 4318406.243, 136
Trd, 4318406.793, 136
Trd, 4318406.943, 139
Trd, 4318407.693, 116
Trd, 4318408.643, 117
Trd, 4318408.893, 100
Trd, 4318409.343, 138
Trd, 4318410.793, 113
Trd, 4318411.193, 117
Trd, 4318411.393, 108
Trd, 4318411.593, 101
Trd, 4318411.743, 124
Trd, 4318412.293, 82
Trd, 4318412.693, 110
Trd, 4318412.893, 133
Trd, 4318413.043, 110
Trd, 4318414.693, 113
Trd, 4318416.093, 122
Trd, 4318416.243, 119
Trd, 4318418.343, 140
Trd, 4318418.443, 131
Trd, 4318418.843, 119
Trd, 4318420.143, 103
Trd, 4318420.493, 71
Trd, 4318420.793, 96
Trd, 4318421.293, 96
Trd, 4318422.393, 134
Trd, 4318422.843, 136
Trd, 4318424.093, 131
Trd, 4318425.143, 137
Trd, 4318425.243, 116
Trd, 4318425.943, 115
Trd, 4318427.393, 110
Trd, 4318427.743, 107
Trd, 4318428.443, 106
Trd, 4318428.743, 138
Trd, 4318430.193, 67
Trd, 4318430.693, 116
Trd, 4318430.843, 135
Trd, 4318432.343, 91
Trd, 4318432.943, 115
Trd, 4318433.843, 100
Trd, 4318434.293, 92
Trd, 4318435.543, 91
Trd, 4318435.743, 111
Trd, 4318435.793, 75
Trd, 4318437.243, 129
Trd, 4318437.993, 132
Trd, 4318440.243, 138
Trd, 4318440.393, 128
Trd, 4318440.493, 126
Trd, 4318440.893, 123
Trd, 4318441.293, 121
Trd, 4318443.193, 137
Trd, 4318443.593, 136
Trd, 4318443.893, 113
Trd, 4318445.293, 112
Trd, 4318445.593, 108
Trd, 4318446.143, 113
Trd, 4318447.043, 114
Trd, 4318447.493, 93
Trd, 4318448.143, 100
Trd, 4318449.343, 89
Trd, 4318449.593, 108
Trd, 4318450.593, 120
Trd, 4318451.093, 95
Trd, 4318451.443, 120
Trd, 4318451.943, 112
Trd, 4318452.293, 110
Trd, 4318453.143, 95
Trd, 4318454.043, 92
Trd, 4318454.693, 119
Trd, 4318455.593, 87
Trd, 4318456.493, 73
Trd, 4318458.043, 138
Trd, 4318459.093, 140
Trd, 4318459.343, 129
Trd, 4318460.643, 125
Trd, 4318462.093, 126
Trd, 4318462.493, 123
Trd, 4318463.693, 140
Trd, 4318464.593, 108
Trd, 4318464.743, 100
Trd, 4318464.893, 99
Trd, 4318466.343, 134
Trd, 4318466.943, 135
Trd, 4318468.593, 133
Trd, 4318469.293, 123
Trd, 4318470.393, 84
Trd, 4318470.893, 85
Trd, 4318471.593, 113
Trd, 4318472.443, 95
Trd, 4318473.443, 91
Trd, 4318473.993, 130
Trd, 4318474.343, 136
Trd, 4318475.493, 137
Trd, 4318475.693, 124
Trd, 4318476.843, 119
Trd, 4318478.393, 120
Trd, 4318478.443, 99
Trd, 4318479.893, 140
Trd, 4318481.193, 138
Trd, 4318481.543, 120
Trd, 4318482.293, 106
Trd, 4318483.293, 103
Trd, 4318483.543, 123
Trd, 4318483.843, 100
Trd, 4318485.193, 121
Trd, 4318485.393, 117
Trd, 4318486.043, 113
Trd, 4318487.143, 80
Trd, 4318487.393, 128
Trd, 4318488.693, 128
Trd, 4318489.593, 101
Trd, 4318490.143, 92
Trd, 4318491.193, 80
Trd, 4318492.293, 97
Trd, 4318492.993, 103
Trd, 4318493.493, 120
Trd, 4318494.093, 89
Trd, 4318495.143, 101
Trd, 4318496.243, 131
Trd, 4318496.643, 123
Trd, 4318496.743, 117
Trd, 4318497.643, 123
Trd, 4318498.193, 104
Trd, 4318498.843, 130
Trd, 4318499.943, 121
Trd, 4318500.193, 111
Trd, 4318501.343, 131
Trd, 4318501.593, 105
Trd, 4318502.643, 138
Trd, 4318503.043, 124
Trd, 4318503.393, 132
Trd, 4318504.693, 133
Trd, 4318504.843, 125
Trd, 4318505.893, 78
Trd, 4318507.093, 86
Trd, 4318508.893, 78
Trd, 4318509.143, 73
Trd, 4318511.693, 126
Trd, 4318512.643, 135
Trd, 4318512.993, 131
Trd, 4318513.593, 132
Trd, 4318513.793, 121
Trd, 4318514.643, 79
Trd, 4318515.493, 136
Trd, 4318516.093, 128
Trd, 4318517.193, 130
Trd, 4318518.893, 109
Trd, 4318519.043, 109
Trd, 4318519.943, 137
Trd, 4318520.143, 135
Trd, 4318520.793, 87
Trd, 4318521.093, 70
Trd, 4318522.943, 133
Trd, 4318523.243, 130
Trd, 4318523.393, 127
Trd, 4318524.243, 135
Trd, 4318525.593, 139
Trd, 4318525.743, 132
Trd, 4318526.043, 126
Trd, 4318527.643, 118
Trd, 4318528.343, 136
Trd, 4318529.043, 127
Trd, 4318529.143, 108
Trd, 4318529.793, 103
Trd, 4318530.143, 112
Trd, 4318531.343, 108
Trd, 4318533.493, 98
Trd, 4318533.993, 66
Trd, 4318534.393, 116
Trd, 4318535.143, 90
Trd, 4318535.843, 107
Trd, 4318535.943, 103
Trd, 4318536.693, 140
Trd, 4318537.343, 135
Trd, 4318537.693, 91
Trd, 4318538.443, 70
Trd, 4318540.243, 133
Trd, 4318541.193, 135
Trd, 4318541.243, 130
Trd, 4318541.393, 139
Trd, 4318542.993, 136
Trd, 4318543.993, 99
Trd, 4318544.743, 127
Trd, 4318545.543, 133
Trd, 4318546.293, 108
Trd, 4318546.543, 104
Trd, 4318548.643, 137
Trd, 4318548.893, 134
Trd, 4318549.893, 127
Trd, 4318550.443, 119
Trd, 4318551.593, 138
Trd, 4318551.893, 110
Trd, 4318552.093, 106
Trd, 4318553.593, 140
Trd, 4318554.493, 114
Trd, 4318554.843, 112
Trd, 4318555.293, 119
Trd, 4318555.393, 109
Trd, 4318555.893, 136
Trd, 4318557.093, 118
Trd, 4318557.793, 75
Trd, 4318559.543, 117
Trd, 4318560.143, 136
Trd, 4318561.293, 109
Trd, 4318562.393, 132
Trd, 4318563.143, 131
Trd, 4318563.593, 133
Trd, 4318564.693, 133
Trd, 4318565.043, 117
Trd, 4318565.193, 116
Trd, 4318566.093, 128
Trd, 4318566.193, 115
Trd, 4318566.793, 89
Trd, 4318567.543, 93
Trd, 4318568.293, 71
Trd, 4318569.093, 132
Trd, 4318570.543, 105
Trd, 4318571.943, 104
Trd, 4318571.993, 97
Trd, 4318572.293, 136
Trd, 4318572.493, 139
Trd, 4318573.393, 138
Trd, 4318574.143, 138
Trd, 4318574.293, 116
Trd, 4318574.893, 107
Trd, 4318574.943, 85
Trd, 4318575.193, 113
Trd, 4318576.993, 119
Trd, 4318578.243, 139
Trd, 4318579.593, 136
Trd, 4318580.293, 121
Trd, 4318580.443, 106
Trd, 4318582.043, 97
Trd, 4318582.093, 81
Trd, 4318583.543, 81
Trd, 4318584.643, 139
Trd, 4318584.893, 136
Trd, 4318585.343, 81
Trd, 4318586.193, 106
Trd, 4318587.643, 125
Trd, 4318588.143, 127
Trd, 4318589.493, 140
Trd, 4318590.843, 132
Trd, 4318591.443, 134
Trd, 4318592.543, 132
Trd, 4318592.743, 134
Trd, 4318593.393, 130
Trd, 4318594.643, 126
Trd, 4318595.543, 123
Trd, 4318595.993, 128
Trd, 4318596.043, 123
Trd, 4318596.243, 112
Trd, 4318596.293, 82
Trd, 4318597.043, 138
Trd, 4318599.893, 126
Trd, 4318600.643, 126
Trd, 4318601.593, 133
Trd, 4318601.893, 128
Trd, 4318602.693, 105
Trd, 4318603.443, 103
Trd, 4318603.493, 116
Trd, 4318604.243, 89
Trd, 4318604.893, 135
Trd, 4318605.393, 85
Trd, 4318606.793, 135
Trd, 4318607.293, 128
Trd, 4318607.693, 123
Trd, 4318608.293, 103
Trd, 4318608.543, 134
Trd, 4318609.393, 106
Trd, 4318610.743, 128
Trd, 4318611.293, 110
Trd, 4318612.193, 106
Trd, 4318612.243, 93
Trd, 4318613.593, 80
Trd, 4318613.793, 85
Trd, 4318614.943, 108
Trd, 4318615.593, 115
Trd, 4318616.043, 88
Trd, 4318616.343, 101
Trd, 4318617.193, 127
Trd, 4318618.243, 133
Trd, 4318619.143, 134
Trd, 4318619.293, 103
Trd, 4318620.793, 139
Trd, 4318620.893, 102
Trd, 4318622.543, 123
Trd, 4318623.793, 132
Trd, 4318623.843, 127
Trd, 4318624.643, 135
Trd, 4318625.493, 83
Trd, 4318625.643, 100
Trd, 4318627.243, 102
Trd, 4318627.793, 96
Trd, 4318628.093, 80
Trd, 4318628.893, 84
Trd, 4318629.293, 85
Trd, 4318630.093, 120
Trd, 4318631.143, 130
Trd, 4318632.193, 139
Trd, 4318632.443, 118
Trd, 4318632.893, 73
Trd, 4318633.443, 127
Trd, 4318633.543, 107
Trd, 4318634.743, 83
Trd, 4318635.843, 73
Trd, 4318635.943, 116
Trd, 4318636.693, 113
Trd, 4318636.893, 130
Trd, 4318637.693, 76
Trd, 4318638.143, 108
Trd, 4318641.343, 98
Trd, 4318641.993, 79
Trd, 4318642.443, 111
Trd, 4318642.893, 75
Trd, 4318643.493, 67
Trd, 4318643.993, 77
Trd, 4318644.143, 102
Trd, 4318644.993, 135
Trd, 4318645.043, 119
Trd, 4318645.543, 84
Trd, 4318646.993, 106
Trd, 4318648.093, 107
Trd, 4318648.643, 113
Trd, 4318649.643, 106
Trd, 4318650.843, 122
Trd, 4318651.393, 114
Trd, 4318651.693, 126
Trd, 4318652.443, 129
Trd, 4318652.943, 98
Trd, 4318654.943, 138
Trd, 4318655.593, 74
Trd, 4318655.993, 86
Trd, 4318657.693, 116
Trd, 4318658.593, 97
Trd, 4318659.543, 115
Trd, 4318660.243, 129
Trd, 4318660.793, 114
Trd, 4318661.193, 90
Trd, 4318662.893, 82
Trd, 4318663.093, 83
Trd, 4318663.393, 97
Trd, 4318665.193, 76
Trd, 4318666.493, 113
Trd, 4318667.593, 99
Trd, 4318667.893, 96
Trd, 4318667.993, 64
Trd, 4318668.843, 116
Trd, 4318669.893, 132
Trd, 4318671.343, 132
Trd, 4318672.093, 132
Trd, 4318672.693, 128
Trd, 4318673.543, 139
Trd, 4318674.543, 127
Trd, 4318675.093, 122
Trd, 4318675.143, 109
Trd, 4318677.193, 140
Trd, 4318677.393, 138
Trd, 4318677.643, 138
Trd, 4318677.793, 116
Trd, 4318679.293, 114
Trd, 4318679.943, 119
Trd, 4318680.243, 83
Trd, 4318680.893, 72
Trd, 4318681.293, 95
Trd, 4318683.693, 107
Trd, 4318684.043, 87
Trd, 4318685.543, 135
Trd, 4318685.793, 133
Trd, 4318685.843, 121
Trd, 4318686.243, 75
Trd, 4318686.943, 118
Trd, 4318689.443, 104
Trd, 4318690.193, 133
Trd, 4318690.443, 112
Trd, 4318690.643, 88
Trd, 4318690.693, 87
Trd, 4318690.993, 115
Trd, 4318691.743, 128
Trd, 4318693.443, 133
Trd, 4318694.143, 132
Trd, 4318694.243, 127
Trd, 4318694.543, 92
Trd, 4318695.093, 125
Trd, 4318695.793, 137
Trd, 4318696.043, 133
Trd, 4318697.243, 96
Trd, 4318697.693, 115
Trd, 4318698.893, 128
Trd, 4318699.443, 101
Trd, 4318701.543, 99
Trd, 4318701.593, 97
Trd, 4318703.893, 94
Trd, 4318704.093, 102
Trd, 4318704.993, 126
Trd, 4318705.093, 131
Trd, 4318706.143, 107
Trd, 4318706.593, 129
Trd, 4318707.193, 93
Trd, 4318707.493, 84
Trd, 4318709.193, 111
Trd, 4318709.993, 127
Trd, 4318711.043, 109
Trd, 4318711.093, 98
Trd, 4318711.643, 105
Trd, 4318712.443, 114
Trd, 4318713.793, 64
Trd, 4318713.843, 74
Trd, 4318714.943, 76
Trd, 4318715.343, 125
Trd, 4318715.793, 131
Trd, 4318716.993, 72
Trd, 4318717.743, 71
Trd, 4318718.243, 86
Trd, 4318718.893, 116
Trd, 4318719.843, 123
Trd, 4318720.093, 72
Trd, 4318720.893, 130
Trd, 4318722.093, 140
Trd, 4318723.693, 128
Trd, 4318724.543, 114
Trd, 4318724.793, 83
Trd, 4318725.143, 138
Trd, 4318725.343, 133
Trd, 4318726.493, 108
Trd, 4318727.543, 94
Trd, 4318728.493, 130
Trd, 4318728.943, 127
Trd, 4318729.243, 78
Trd, 4318730.093, 139
Trd, 4318731.043, 135
Trd, 4318732.393, 110
Trd, 4318732.943, 105
Trd, 4318734.243, 128
Trd, 4318734.343, 113
Trd, 4318734.893, 137
Trd, 4318736.093, 124
Trd, 4318737.143, 110
Trd, 4318737.593, 126
Trd, 4318737.793, 109
Trd, 4318738.293, 124
Trd, 4318738.493, 110
Trd, 4318738.743, 75
Trd, 4318738.893, 85
Trd, 4318739.593, 114
Trd, 4318740.893, 137
Trd, 4318741.493, 102
Trd, 4318742.093, 94
Trd, 4318743.093, 122
Trd, 4318743.693, 68
Trd, 4318743.993, 140
Trd, 4318746.143, 78
Trd, 4318746.543, 125
Trd, 4318746.993, 60
Trd, 4318747.193, 96
Trd, 4318748.393, 115
Trd, 4318748.943, 61
Trd, 4318749.893, 66
Trd, 4318751.393, 138
Trd, 4318751.493, 135
Trd, 4318752.993, 128
Trd, 4318753.893, 116
Trd, 4318755.243, 136
Trd, 4318755.293, 111
Trd, 4318755.743, 131
Trd, 4318756.843, 126
Trd, 4318757.443, 140
Trd, 4318758.093, 114
Trd, 4318759.393, 127
Trd, 4318760.693, 78
Trd, 4318760.893, 61
Trd, 4318760.943, 94
Trd, 4318761.593, 113
Trd, 4318762.043, 131
Trd, 4318762.843, 112
Trd, 4318763.093, 101
Trd, 4318763.893, 140
Trd, 4318764.593, 130
Trd, 4318765.343, 97
Trd, 4318766.943, 81
Trd, 4318767.143, 101
Trd, 4318767.493, 114
Trd, 4318768.443, 132
Trd, 4318768.493, 125
Trd, 4318769.793, 140
Trd, 4318770.093, 132
Trd, 4318770.793, 91
Trd, 4318771.993, 95
Trd, 4318772.193, 128
Trd, 4318774.093, 94
Trd, 4318774.643, 140
Trd, 4318775.093, 119
Trd, 4318775.343, 111
Trd, 4318775.493, 90
Trd, 4318775.693, 86
Trd, 4318776.693, 129
Trd, 4318776.843, 101
Trd, 4318777.893, 71
Trd, 4318778.593, 108
Trd, 4318780.443, 131
Trd, 4318781.293, 135
Trd, 4318782.343, 123
Trd, 4318783.443, 133
Trd, 4318784.593, 92
Trd, 4318784.893, 83
Trd, 4318786.093, 125
Trd, 4318786.843, 139
Trd, 4318787.543, 121
Trd, 4318788.293, 140
Trd, 4318788.743, 129
Trd, 4318789.343, 131
Trd, 4318789.793, 96
Trd, 4318789.893, 86
Trd, 4318790.343, 129
Trd, 4318793.343, 138
Trd, 4318794.193, 135
Trd, 4318794.443, 130
Trd, 4318796.593, 136
Trd, 4318796.643, 131
Trd, 4318796.793, 131
Trd, 4318797.593, 104
Trd, 4318798.343, 104
Trd, 4318798.493, 106
Trd, 4318798.743, 92
Trd, 4318798.993, 112
Trd, 4318799.643, 130
Trd, 4318801.243, 131
Trd, 4318803.343, 140
Trd, 4318803.543, 138
Trd, 4318804.393, 134
Trd, 4318804.493, 115
Trd, 4318805.843, 109
Trd, 4318806.693, 68
Trd, 4318806.993, 71
Trd, 4318807.193, 86
Trd, 4318807.593, 78
Trd, 4318808.693, 79
Trd, 4318809.643, 109
Trd, 4318810.343, 101
Trd, 4318810.843, 84
Trd, 4318812.343, 134
Trd, 4318812.643, 113
Trd, 4318813.643, 104
Trd, 4318814.693, 127
Trd, 4318814.993, 118
Trd, 4318815.493, 133
Trd, 4318815.993, 123
Trd, 4318817.343, 67
Trd, 4318817.893, 106
Trd, 4318817.993, 106
Trd, 4318819.193, 135
Trd, 4318819.943, 123
Trd, 4318820.843, 133
Trd, 4318821.143, 135
Trd, 4318821.893, 132
Trd, 4318822.093, 114
Trd, 4318822.543, 130
Trd, 4318823.193, 86
Trd, 4318823.243, 88
Trd, 4318824.443, 136
Trd, 4318825.493, 117
Trd, 4318825.893, 95
Trd, 4318825.943, 92
Trd, 4318826.743, 104
Trd, 4318827.343, 135
Trd, 4318827.393, 116
Trd, 4318829.993, 118
Trd, 4318831.143, 89
Trd, 4318831.543, 132
Trd, 4318832.143, 119
Trd, 4318832.293, 128
Trd, 4318832.843, 97
Trd, 4318834.643, 128
Trd, 4318835.243, 128
Trd, 4318836.193, 101
Trd, 4318836.443, 107
Trd, 4318836.893, 101
Trd, 4318837.593, 133
Trd, 4318838.543, 134
Trd, 4318839.043, 121
Trd, 4318839.093, 117
Trd, 4318841.593, 120
Trd, 4318841.843, 118
Trd, 4318841.893, 104
Trd, 4318842.893, 106
Trd, 4318843.843, 113
Trd, 4318843.943, 91
Trd, 4318844.393, 90
Trd, 4318845.043, 71
Trd, 4318845.643, 121
Trd, 4318846.793, 110
Trd, 4318847.343, 105
Trd, 4318847.543, 96
Trd, 4318848.993, 121
Trd, 4318849.793, 126
Trd, 4318850.743, 111
Trd, 4318851.543, 105
Trd, 4318851.893, 104
Trd, 4318852.593, 82
Trd, 4318854.543, 128
Trd, 4318855.293, 127
Trd, 4318855.493, 122
Trd, 4318855.743, 118
Trd, 4318856.443, 94
Trd, 4318856.543, 86
Trd, 4318856.943, 72
Trd, 4318858.043, 133
Trd, 4318859.693, 140
Trd, 4318859.743, 140
Trd, 4318860.893, 127
Trd, 4318861.193, 127
Trd, 4318861.393, 124
Trd, 4318862.943, 132
Trd, 4318863.493, 118
Trd, 4318863.793, 117
Trd, 4318864.493, 115
Trd, 4318865.243, 96
Trd, 4318865.543, 102
Trd, 4318866.993, 137
Trd, 4318867.243, 121
Trd, 4318868.643, 136
Trd, 4318869.243, 130
Trd, 4318869.643, 126
Trd, 4318869.743, 114
Trd, 4318871.293, 88
Trd, 4318872.843, 139
Trd, 4318873.093, 115
Trd, 4318873.493, 97
Trd, 4318874.043, 126
Trd, 4318874.093, 121
Trd, 4318874.193, 117
Trd, 4318875.143, 129
Trd, 4318877.143, 127
Trd, 4318877.643, 110
Trd, 4318878.043, 102
Trd, 4318878.843, 137
Trd, 4318879.043, 128
Trd, 4318879.693, 125
Trd, 4318880.193, 96
Trd, 4318880.343, 117
Trd, 4318882.193, 93
Trd, 4318882.743, 95
Trd, 4318882.793, 128
Trd, 4318885.143, 123
Trd, 4318885.193, 119
Trd, 4318885.793, 137
Trd, 4318886.093, 125
Trd, 4318886.343, 97
Trd, 4318889.293, 126
Trd, 4318889.443, 123
Trd, 4318889.543, 121
Trd, 4318889.993, 131
Trd, 4318890.743, 135
Trd, 4318891.493, 117
Trd, 4318892.693, 133
Trd, 4318893.793, 106
Trd, 4318896.243, 140
Trd, 4318897.393, 140
Trd, 4318897.693, 140
Trd, 4318897.743, 134
Trd, 4318898.543, 110
Trd, 4318898.743, 103
Trd, 4318899.693, 88
Trd, 4318899.743, 87
Trd, 4318900.243, 110
Trd, 4318902.193, 87
Trd, 4318903.043, 133
Trd, 4318903.443, 131
Trd, 4318904.643, 127
Trd, 4318905.893, 136
Trd, 4318906.143, 125
Trd, 4318907.243, 126
Trd, 4318908.093, 134
Trd, 4318908.493, 129
Trd, 4318908.693, 114
Trd, 4318908.993, 94
Trd, 4318909.143, 75
Trd, 4318909.943, 120
Trd, 4318910.743, 86
Trd, 4318911.293, 97
Trd, 4318911.743, 116
Trd, 4318912.193, 119
Trd, 4318915.243, 107
Trd, 4318916.043, 110
Trd, 4318916.843, 120
Trd, 4318917.293, 107
Trd, 4318917.943, 99
Trd, 4318918.693, 118
Trd, 4318918.943, 88
Trd, 4318919.793, 67
Trd, 4318920.343, 80
Trd, 4318921.293, 69
Trd, 4318921.543, 128
Trd, 4318921.793, 90
Trd, 4318923.093, 120
Trd, 4318923.693, 74
Trd, 4318924.343, 110
Trd, 4318925.393, 80
Trd, 4318925.693, 107
Trd, 4318926.043, 126
Trd, 4318926.843, 84
Trd, 4318928.593, 71
Trd, 4318928.993, 90
Trd, 4318930.093, 89
Trd, 4318930.243, 86
Trd, 4318930.543, 90
Trd, 4318931.743, 139
Trd, 4318932.143, 89
Trd, 4318933.343, 112
Trd, 4318933.393, 115
Trd, 4318935.093, 138
Trd, 4318935.143, 130
Trd, 4318935.443, 109
Trd, 4318937.343, 88
Trd, 4318938.543, 94
Trd, 4318938.743, 93
Trd, 4318939.693, 127
Trd, 4318939.893, 138
Trd, 4318940.043, 124
Trd, 4318941.343, 114
Trd, 4318941.493, 89
Trd, 4318942.243, 78
Trd, 4318942.993, 94
Trd, 4318943.193, 140
Trd, 4318943.643, 66
Trd, 4318943.843, 100
Trd, 4318944.543, 91
Trd, 4318946.343, 138
Trd, 4318947.793, 131
Trd, 4318949.043, 126
Trd, 4318949.193, 119
Trd, 4318950.493, 134
Trd, 4318950.993, 138
Trd, 4318951.793, 116
Trd, 4318952.993, 125
Trd, 4318953.143, 121
Trd, 4318953.993, 114
Trd, 4318954.293, 98
Trd, 4318954.393, 122
Trd, 4318957.143, 68
Trd, 4318957.693, 91
Trd, 4318958.943, 96
Trd, 4318959.593, 127
Trd, 4318959.843, 138
Trd, 4318959.943, 105
Trd, 4318961.443, 121
Trd, 4318961.743, 113
Trd, 4318962.543, 140
Trd, 4318962.993, 96
Trd, 4318963.843, 136
Trd, 4318964.793, 115
Trd, 4318964.893, 92
Trd, 4318965.093, 106
Trd, 4318967.493, 81
Trd, 4318968.043, 77
Trd, 4318968.243, 70
Trd, 4318968.293, 119
Trd, 4318969.793, 117
Trd, 4318970.443, 96
Trd, 4318970.743, 130
Trd, 4318970.993, 138
Trd, 4318971.343, 105
Trd, 4318973.093, 84
Trd, 4318974.843, 113
Trd, 4318975.893, 140
Trd, 4318976.393, 122
Trd, 4318976.593, 115
Trd, 4318977.443, 113
Trd, 4318977.593, 105
Trd, 4318979.393, 104
Trd, 4318980.493, 140
Trd, 4318981.593, 122
Trd, 4318982.843, 133
Trd, 4318983.593, 126
Trd, 4318983.743, 125
Trd, 4318983.893, 122
Trd, 4318987.343, 136
Trd, 4318987.393, 131
Trd, 4318987.993, 127
Trd, 4318988.843, 93
Trd, 4318989.043, 79
Trd, 4318989.093, 101
Trd, 4318989.493, 104
Trd, 4318989.743, 89
Trd, 4318990.843, 134
Trd, 4318991.843, 128
Trd, 4318991.943, 123
Trd, 4318993.593, 130
Trd, 4318995.643, 137
Trd, 4318995.843, 139
Trd, 4318996.393, 134
Trd, 4318997.093, 140
Trd, 4318998.043, 139
Trd, 4318998.743, 115
Trd, 4318999.093, 127
Trd, 4319000.043, 124
Trd, 4319000.543, 117
Trd, 4319000.593, 106
Trd, 4319001.843, 72
Trd, 4319002.593, 87
Trd, 4319002.793, 113
Trd, 4319004.493, 130
Trd, 4319004.993, 135
Trd, 4319005.193, 100
Trd, 4319005.843, 60
Trd, 4319006.793, 61
Trd, 4319008.343, 105
Trd, 4319009.043, 97
Trd, 4319009.393, 100
Trd, 4319009.543, 94
Trd, 4319009.743, 83
Trd, 4319010.043, 122
Trd, 4319010.543, 87
Trd, 4319012.043, 132
Trd, 4319013.143, 138
Trd, 4319013.693, 128
Trd, 4319013.893, 114
Trd, 4319014.493, 90
Trd, 4319015.393, 104
Trd, 4319015.543, 101
Trd, 4319015.993, 74
Trd, 4319017.543, 106
Trd, 4319018.193, 88
Trd, 4319018.593, 70
Trd, 4319019.193, 120
Trd, 4319019.293, 65
Trd, 4319019.693, 81
Trd, 4319021.093, 133
Trd, 4319021.343, 63
Trd, 4319022.493, 87
Trd, 4319022.893, 113
Trd, 4319023.793, 93
Trd, 4319024.343, 123
Trd, 4319025.243, 112
Trd, 4319026.443, 125
Trd, 4319026.893, 119
Trd, 4319028.643, 104
Trd, 4319029.443, 136
Trd, 4319029.843, 135
Trd, 4319030.193, 130
Trd, 4319030.993, 132
Trd, 4319032.293, 123
Trd, 4319033.043, 122
Trd, 4319033.143, 120
Trd, 4319033.843, 105
Trd, 4319034.743, 113
Trd, 4319035.243, 99
Trd, 4319036.293, 76
Trd, 4319036.793, 78
Trd, 4319036.993, 70
Trd, 4319037.643, 82
Trd, 4319038.093, 61
Trd, 4319038.643, 114
Trd, 4319040.043, 139
Trd, 4319040.093, 101
Trd, 4319041.043, 139
Trd, 4319041.493, 103
Trd, 4319042.493, 126
Trd, 4319043.443, 95
Trd, 4319045.093, 108
Trd, 4319045.193, 115
Trd, 4319046.293, 95
Trd, 4319046.543, 94
Trd, 4319047.243, 125
Trd, 4319047.943, 91
Trd, 4319049.243, 101
Trd, 4319049.793, 139
Trd, 4319051.193, 79
Trd, 4319052.643, 105
Trd, 4319053.043, 107
Trd, 4319053.543, 91
Trd, 4319054.243, 138
Trd, 4319054.493, 128
Trd, 4319055.293, 131
Trd, 4319055.393, 114
Trd, 4319055.493, 92
Trd, 4319056.243, 127
Trd, 4319057.543, 103
Trd, 4319059.043, 131
Trd, 4319061.643, 130
Trd, 4319061.743, 121
Trd, 4319061.943, 115
Trd, 4319062.543, 108
Trd, 4319063.143, 97
Trd, 4319063.993, 97
Trd, 4319065.343, 134
Trd, 4319065.943, 124
Trd, 4319067.143, 122
Trd, 4319067.843, 125
Trd, 4319068.143, 119
Trd, 4319069.093, 121
Trd, 4319069.343, 125
Trd, 4319069.743, 118
Trd, 4319070.393, 114
Trd, 4319071.293, 104
Trd, 4319071.743, 134
Trd, 4319071.793, 100
Trd, 4319072.493, 137
Trd, 4319073.593, 98
Trd, 4319074.393, 140
Trd, 4319074.943, 139
Trd, 4319075.993, 120
Trd, 4319076.993, 107
Trd, 4319077.843, 137
Trd, 4319077.993, 117
Trd, 4319079.393, 105
Trd, 4319079.543, 113
Trd, 4319081.293, 128
Trd, 4319082.243, 124
Trd, 4319083.043, 120
Trd, 4319083.593, 140
Trd, 4319083.743, 117
Trd, 4319084.193, 126
Trd, 4319085.593, 127
Trd, 4319086.443, 85
Trd, 4319088.543, 139
Trd, 4319088.893, 133
Trd, 4319089.393, 136
Trd, 4319090.143, 139
Trd, 4319091.193, 129
Trd, 4319091.293, 127
Trd, 4319091.893, 127
Trd, 4319092.193, 91
Trd, 4319093.193, 126
Trd, 4319093.343, 111
Trd, 4319094.293, 89
Trd, 4319094.443, 98
Trd, 4319095.693, 60
Trd, 4319096.243, 64
Trd, 4319096.793, 61
Trd, 4319096.893, 139
Trd, 4319097.593, 98
Trd, 4319098.393, 109
Trd, 4319100.443, 130
Trd, 4319101.293, 135
Trd, 4319101.743, 123
Trd, 4319101.793, 121
Trd, 4319102.143, 129
Trd, 4319102.743, 98
Trd, 4319103.293, 106
Trd, 4319105.593, 95
Trd, 4319105.893, 104
Trd, 4319106.243, 96
Trd, 4319106.593, 73
Trd, 4319107.243, 140
Trd, 4319107.743, 126
Trd, 4319108.093, 125
Trd, 4319108.793, 95
Trd, 4319109.743, 120
Trd, 4319109.793, 103
Trd, 4319110.593, 137
Trd, 4319112.443, 134
Trd, 4319112.993, 121
Trd, 4319113.693, 139
Trd, 4319114.293, 107
Trd, 4319115.043, 133
Trd, 4319115.343, 102
Trd, 4319116.143, 86
Trd, 4319118.393, 108
Trd, 4319118.843, 127
Trd, 4319119.193, 104
Trd, 4319120.293, 122
Trd, 4319122.143, 107
Trd, 4319122.443, 118
Trd, 4319122.793, 88
Trd, 4319123.643, 91
Trd, 4319124.693, 118
Trd, 4319125.043, 91
Trd, 4319126.143, 122
Trd, 4319126.543, 122
Trd, 4319126.593, 118
Trd, 4319126.793, 138
Trd, 4319128.043, 78
Trd, 4319128.743, 100
Trd, 4319129.243, 137
Trd, 4319130.043, 117
Trd, 4319130.393, 123
Trd, 4319131.193, 116
Trd, 4319131.393, 111
Trd, 4319132.493, 110
Trd, 4319133.993, 90
Trd, 4319134.243, 129
Trd, 4319134.493, 82
Trd, 4319135.593, 90
Trd, 4319136.393, 69
Trd, 4319137.143, 124
Trd, 4319137.693, 99
Trd, 4319139.743, 105
Trd, 4319139.843, 139
Trd, 4319140.643, 139
Trd, 4319141.693, 132
Trd, 4319141.743, 117
Trd, 4319142.693, 131
Trd, 4319143.643, 114
Trd, 4319145.443, 131
Trd, 4319146.643, 117
Trd, 4319147.593, 102
Trd, 4319148.043, 101
Trd, 4319148.143, 100
Trd, 4319148.643, 137
Trd, 4319148.843, 76
Trd, 4319148.993, 76
Trd, 4319150.793, 99
Trd, 4319151.643, 130
Trd, 4319152.693, 140
Trd, 4319152.993, 138
Trd, 4319153.843, 132
Trd, 4319154.643, 126
Trd, 4319154.993, 122
Trd, 4319155.943, 114
Trd, 4319155.993, 97
Trd, 4319157.243, 134
Trd, 4319157.843, 119
Trd, 4319158.343, 111
Trd, 4319159.943, 113
Trd, 4319160.543, 134
Trd, 4319162.193, 118
Trd, 4319162.593, 112
Trd, 4319162.993, 83
Trd, 4319163.393, 80
Trd, 4319163.693, 127
Trd, 4319164.243, 122
Trd, 4319165.793, 134
Trd, 4319166.193, 133
Trd, 4319166.893, 128
Trd, 4319167.143, 135
Trd, 4319168.893, 113
Trd, 4319168.943, 86
Trd, 4319170.393, 94
Trd, 4319170.843, 80
Trd, 4319172.443, 115
Trd, 4319172.943, 105
Trd, 4319173.643, 117
Trd, 4319174.793, 139
Trd, 4319175.393, 119
Trd, 4319175.593, 115
Trd, 4319176.293, 116
Trd, 4319176.343, 111
Trd, 4319177.443, 126
Trd, 4319179.293, 140
Trd, 4319179.593, 131
Trd, 4319180.593, 129
Trd, 4319181.143, 112
Trd, 4319181.293, 130
Trd, 4319182.193, 106
Trd, 4319182.943, 117
Trd, 4319183.243, 62
Trd, 4319184.543, 139
Trd, 4319184.643, 124
Trd, 4319185.043, 86
Trd, 4319185.693, 93
Trd, 4319186.343, 138
Trd, 4319186.743, 93
Trd, 4319187.843, 88
Trd, 4319187.943, 105
Trd, 4319188.493, 91
Trd, 4319189.143, 84
Trd, 4319189.643, 98
Trd, 4319191.293, 66
Trd, 4319191.493, 126
Trd, 4319191.693, 73
Trd, 4319191.893, 108
Trd, 4319192.643, 125
Trd, 4319193.143, 97
Trd, 4319193.993, 81
Trd, 4319195.293, 131
Trd, 4319196.693, 119
Trd, 4319196.793, 124
Trd, 4319197.543, 140
Trd, 4319197.893, 136
Trd, 4319198.243, 116
Trd, 4319199.143, 125
Trd, 4319199.993, 129
Trd, 4319200.793, 133
Trd, 4319202.443, 108
Trd, 4319202.493, 91
Trd, 4319203.643, 102
Trd, 4319204.243, 102
Trd, 4319204.293, 111
Trd, 4319205.543, 122
Trd, 4319205.643, 97
Trd, 4319206.493, 62
Trd, 4319207.543, 78
Trd, 4319208.043, 102
Trd, 4319208.243, 113
Trd, 4319209.243, 111
Trd, 4319210.193, 72
Trd, 4319210.443, 72
Trd, 4319211.643, 76
Trd, 4319212.093, 73
Trd, 4319212.943, 130
Trd, 4319213.243, 126
Trd, 4319213.743, 118
Trd, 4319214.493, 99
Trd, 4319215.193, 128
Trd, 4319215.943, 88
Trd, 4319216.993, 99
Trd, 4319217.493, 88
Trd, 4319217.743, 120
Trd, 4319218.493, 80
Trd, 4319218.593, 77
Trd, 4319218.943, 64
Trd, 4319219.793, 101
Trd, 4319220.343, 73
Trd, 4319220.843, 118
Trd, 4319221.293, 139
Trd, 4319221.793, 121
Trd, 4319222.543, 131
Trd, 4319222.693, 118
Trd, 4319223.893, 138
Trd, 4319224.293, 136
Trd, 4319224.943, 139
Trd, 4319225.243, 115
Trd, 4319227.093, 138
Trd, 4319227.993, 117
Trd, 4319228.943, 79
Trd, 4319229.143, 111
Trd, 4319229.393, 112
Trd, 4319231.543, 134
Trd, 4319231.693, 118
Trd, 4319232.143, 83
Trd, 4319233.643, 106
Trd, 4319234.143, 106
Trd, 4319234.643, 105
Trd, 4319235.093, 103
Trd, 4319235.443, 119
Trd, 4319235.943, 118
Trd, 4319236.443, 112
Trd, 4319238.143, 130
Trd, 4319238.593, 108
Trd, 4319239.043, 91
Trd, 4319240.393, 80
Trd, 4319240.793, 115
Trd, 4319241.143, 109
Trd, 4319241.543, 111
Trd, 4319241.743, 118
Trd, 4319243.443, 139
Trd, 4319244.093, 134
Trd, 4319244.243, 138
Trd, 4319245.343, 127
Trd, 4319245.693, 138
Trd, 4319246.193, 114
Trd, 4319247.443, 108
Trd, 4319247.543, 87
Trd, 4319249.193, 99
Trd, 4319249.243, 92
Trd, 4319249.543, 110
Trd, 4319250.743, 133
Trd, 4319251.443, 100
Trd, 4319251.643, 84
Trd, 4319253.943, 137
Trd, 4319254.293, 136
Trd, 4319254.893, 138
Trd, 4319254.943, 119
Trd, 4319255.343, 134
Trd, 4319255.693, 133
Trd, 4319256.493, 119
Trd, 4319257.143, 127
Trd, 4319257.543, 117
Trd, 4319257.943, 133
Trd, 4319258.443, 116
Trd, 4319258.543, 112
Trd, 4319260.793, 124
Trd, 4319261.693, 101
Trd, 4319261.793, 108
Trd, 4319261.993, 92
Trd, 4319263.543, 84
Trd, 4319264.393, 90
Trd, 4319265.293, 113
Trd, 4319265.593, 70
Trd, 4319265.643, 92
Trd, 4319266.293, 91
Trd, 4319268.193, 125
Trd, 4319268.743, 123
Trd, 4319269.343, 128
Trd, 4319269.393, 108
Trd, 4319269.693, 72
Trd, 4319270.543, 67
Trd, 4319271.593, 87
Trd, 4319272.693, 87
Trd, 4319272.793, 86
Trd, 4319272.843, 82
Trd, 4319274.393, 97
Trd, 4319275.243, 92
Trd, 4319275.293, 101
Trd, 4319277.043, 76
Trd, 4319277.593, 69
Trd, 4319278.043, 65
Trd, 4319279.093, 126
Trd, 4319279.193, 121
Trd, 4319279.293, 118
Trd, 4319280.143, 140
Trd, 4319281.143, 122
Trd, 4319281.493, 119
Trd, 4319281.593, 118
Trd, 4319281.793, 139
Trd, 4319282.093, 100
Trd, 4319282.443, 99
Trd, 4319284.993, 139
Trd, 4319285.943, 135
Trd, 4319286.343, 134
Trd, 4319287.443, 107
Trd, 4319287.543, 100
Trd, 4319288.843, 108
Trd, 4319289.143, 124
Trd, 4319289.193, 132
Trd, 4319289.793, 116
Trd, 4319290.043, 108
Trd, 4319290.343, 87
Trd, 4319291.643, 140
Trd, 4319292.043, 101
Trd, 4319294.343, 140
Trd, 4319296.193, 138
Trd, 4319296.843, 135
Trd, 4319296.993, 134
Trd, 4319297.343, 120
Trd, 4319298.493, 131
Trd, 4319298.643, 125
Trd, 4319298.693, 123
Trd, 4319299.693, 113
Trd, 4319300.693, 139
Trd, 4319301.843, 117
Trd, 4319302.193, 111
Trd, 4319303.793, 138
Trd, 4319303.893, 118
Trd, 4319304.493, 119
Trd, 4319305.193, 104
Trd, 4319305.743, 79
Trd, 4319306.343, 119
Trd, 4319307.493, 110
Trd, 4319308.693, 121
Trd, 4319309.043, 120
Trd, 4319309.193, 122
Trd, 4319310.143, 137
Trd, 4319310.393, 96
Trd, 4319312.243, 127
Trd, 4319313.943, 131
Trd, 4319314.593, 123
Trd, 4319314.843, 111
Trd, 4319315.343, 127
Trd, 4319315.793, 95
Trd, 4319317.543, 109
Trd, 4319317.593, 83
Trd, 4319318.443, 80
Trd, 4319318.693, 134
Trd, 4319319.793, 137
Trd, 4319320.293, 98
Trd, 4319321.243, 112
Trd, 4319322.093, 109
Trd, 4319322.293, 98
Trd, 4319322.943, 114
Trd, 4319323.593, 121
Trd, 4319324.693, 113
Trd, 4319325.443, 95
Trd, 4319325.943, 105
Trd, 4319326.043, 89
Trd, 4319326.343, 87
Trd, 4319327.293, 82
Trd, 4319327.643, 60
Trd, 4319328.693, 138
Trd, 4319330.393, 127
Trd, 4319330.793, 124
Trd, 4319331.543, 116
Trd, 4319332.443, 123
Trd, 4319333.243, 132
Trd, 4319334.543, 100
Trd, 4319334.993, 97
Trd, 4319335.193, 123
Trd, 4319335.793, 91
Trd, 4319335.893, 74
Trd, 4319336.243, 95
Trd, 4319336.843, 127
Trd, 4319340.443, 133
Trd, 4319341.193, 138
Trd, 4319341.543, 136
Trd, 4319341.693, 125
Trd, 4319343.093, 113
Trd, 4319343.543, 121
Trd, 4319343.993, 104
Trd, 4319347.243, 140
Trd, 4319347.743, 139
Trd, 4319348.243, 134
Trd, 4319348.943, 121
Trd, 4319349.043, 109
Trd, 4319350.393, 102
Trd, 4319350.593, 83
Trd, 4319351.143, 72
Trd, 4319353.143, 114
Trd, 4319353.293, 118
Trd, 4319354.743, 75
Trd, 4319356.443, 137
Trd, 4319357.143, 115
Trd, 4319357.243, 103
Trd, 4319357.393, 106
Trd, 4319358.343, 115
Trd, 4319359.043, 92
Trd, 4319359.343, 109
Trd, 4319360.343, 104
Trd, 4319360.443, 99
Trd, 4319361.243, 129
Trd, 4319362.693, 138
Trd, 4319363.043, 133
Trd, 4319363.193, 137
Trd, 4319364.243, 139
Trd, 4319364.343, 99
Trd, 4319364.593, 89
Trd, 4319365.143, 127
Trd, 4319365.193, 108
Trd, 4319367.043, 133
Trd, 4319367.093, 128
Trd, 4319367.943, 140
Trd, 4319368.793, 95
Trd, 4319369.143, 128
Trd, 4319369.643, 63
Trd, 4319370.293, 112
Trd, 4319371.293, 139
Trd, 4319371.843, 138
Trd, 4319373.643, 129
Trd, 4319374.493, 113
Trd, 4319374.693, 118
Trd, 4319375.193, 100
Trd, 4319375.643, 140
Trd, 4319377.293, 140
Trd, 4319377.393, 70
Trd, 4319377.693, 68
Trd, 4319378.543, 111
Trd, 4319378.593, 127
Trd, 4319379.843, 68
Trd, 4319379.893, 83
Trd, 4319381.593, 74
Trd, 4319382.543, 108
Trd, 4319382.593, 130
Trd, 4319383.993, 94
Trd, 4319384.993, 132
Trd, 4319385.043, 89
Trd, 4319385.393, 115
Trd, 4319385.543, 84
Trd, 4319386.243, 112
Trd, 4319386.843, 124
Trd, 4319386.943, 106
Trd, 4319387.293, 104
Trd, 4319387.493, 100
Trd, 4319388.543, 122
Trd, 4319388.843, 93
Trd, 4319390.143, 136
Trd, 4319390.943, 107
Trd, 4319392.293, 76
Trd, 4319392.443, 78
Trd, 4319393.193, 113
Trd, 4319393.943, 133
Trd, 4319394.993, 128
Trd, 4319395.093, 111
Trd, 4319395.443, 116
Trd, 4319395.893, 79
Trd, 4319396.593, 66
Trd, 4319397.543, 123
Trd, 4319398.893, 100
Trd, 4319400.693, 110
Trd, 4319401.493, 126
Trd, 4319401.543, 108
Trd, 4319403.643, 90
Trd, 4319404.043, 111
Trd, 4319405.343, 128
Trd, 4319405.843, 89
Trd, 4319406.293, 77
Trd, 4319406.543, 95
Trd, 4319406.943, 105
Trd, 4319407.043, 96
Trd, 4319407.293, 99
Trd, 4319410.643, 75
Trd, 4319410.893, 96
Trd, 4319411.643, 133
Trd, 4319412.043, 125
Trd, 4319412.893, 88
Trd, 4319413.543, 134
Trd, 4319413.793, 110
Trd, 4319415.843, 138
Trd, 4319416.043, 128
Trd, 4319416.493, 98
Trd, 4319417.293, 140
Trd, 4319417.443, 127
Trd, 4319418.093, 119
Trd, 4319419.093, 118
Trd, 4319420.693, 135
Trd, 4319421.493, 113
Trd, 4319424.243, 133
Trd, 4319424.493, 121
Trd, 4319424.743, 127
Trd, 4319426.043, 108
Trd, 4319427.293, 117
Trd, 4319427.893, 109
Trd, 4319428.143, 127
Trd, 4319428.993, 120
Trd, 4319430.043, 109
Trd, 4319430.193, 93
Trd, 4319430.243, 73
Trd, 4319430.793, 83
Trd, 4319430.993, 75
Trd, 4319431.843, 128
Trd, 4319432.643, 126
Trd, 4319432.943, 88
Trd, 4319435.293, 125
Trd, 4319435.943, 128
Trd, 4319436.393, 122
Trd, 4319437.293, 105
Trd, 4319439.143, 128
Trd, 4319439.343, 106
Trd, 4319440.043, 97
Trd, 4319440.993, 128
Trd, 4319441.193, 109
Trd, 4319441.343, 79
Trd, 4319441.593, 134
Trd, 4319442.693, 90
Trd, 4319443.443, 84
Trd, 4319443.693, 90
Trd, 4319446.043, 70
Trd, 4319447.093, 101
Trd, 4319447.393, 104
Trd, 4319448.043, 87
Trd, 4319448.443, 84
Trd, 4319448.593, 82
Trd, 4319448.893, 86
Trd, 4319449.993, 123
Trd, 4319450.193, 96
Trd, 4319452.143, 129
Trd, 4319452.743, 133
Trd, 4319453.693, 125
Trd, 4319453.793, 128
Trd, 4319453.893, 125
Trd, 4319454.893, 95
Trd, 4319455.943, 74
Trd, 4319456.793, 90
Trd, 4319457.143, 111
Trd, 4319460.243, 96
Trd, 4319460.693, 125
Trd, 4319460.893, 117
Trd, 4319461.193, 132
Trd, 4319461.393, 112
Trd, 4319461.643, 117
Trd, 4319461.993, 108
Trd, 4319462.993, 113
Trd, 4319463.993, 137
Trd, 4319465.093, 89
Trd, 4319465.993, 70
Trd, 4319466.993, 94
Trd, 4319467.243, 112
Trd, 4319467.443, 126
Trd, 4319468.093, 93
Trd, 4319469.243, 111
Trd, 4319470.093, 135
Trd, 4319470.443, 135
Trd, 4319470.493, 126
Trd, 4319471.643, 106
Trd, 4319472.693, 113
Trd, 4319472.793, 92
Trd, 4319473.843, 131
Trd, 4319475.243, 90
Trd, 4319475.743, 97
Trd, 4319475.943, 128
Trd, 4319475.993, 81
Trd, 4319477.393, 114
Trd, 4319477.543, 113
Trd, 4319477.843, 99
Trd, 4319478.493, 136
Trd, 4319479.343, 134
Trd, 4319479.893, 133
Trd, 4319480.793, 139
Trd, 4319481.093, 131
Trd, 4319481.593, 131
Trd, 4319482.093, 117
Trd, 4319482.443, 135
Trd, 4319483.643, 80
Trd, 4319484.043, 103
Trd, 4319485.143, 97
Trd, 4319485.193, 130
Trd, 4319486.493, 113
Trd, 4319486.793, 105
Trd, 4319488.093, 93
Trd, 4319489.243, 88
Trd, 4319490.043, 75
Trd, 4319490.543, 69
Trd, 4319491.143, 79
Trd, 4319491.343, 116
Trd, 4319491.843, 113
Trd, 4319492.043, 111
Trd, 4319492.443, 105
Trd, 4319493.043, 116
Trd, 4319493.543, 94
Trd, 4319494.093, 125
Trd, 4319494.843, 125
Trd, 4319495.993, 133
Trd, 4319496.043, 119
Trd, 4319496.543, 138
Trd, 4319496.693, 112
Trd, 4319499.543, 126
Trd, 4319499.743, 121
Trd, 4319499.893, 133
Trd, 4319500.043, 121
Trd, 4319500.943, 127
Trd, 4319500.993, 116
Trd, 4319502.243, 100
Trd, 4319502.393, 91
Trd, 4319502.693, 88
Trd, 4319505.343, 130
Trd, 4319505.843, 137
Trd, 4319506.443, 104
Trd, 4319507.943, 113
Trd, 4319509.093, 105
Trd, 4319509.243, 107
Trd, 4319509.493, 88
Trd, 4319510.293, 70
Trd, 4319510.593, 112
Trd, 4319511.243, 74
Trd, 4319511.493, 123
Trd, 4319511.693, 108
Trd, 4319513.243, 112
Trd, 4319514.493, 66
Trd, 4319514.943, 81
Trd, 4319515.443, 84
Trd, 4319516.843, 127
Trd, 4319517.593, 111
Trd, 4319517.893, 107
Trd, 4319518.343, 115
Trd, 4319519.443, 113
Trd, 4319519.793, 112
Trd, 4319520.793, 121
Trd, 4319521.643, 128
Trd, 4319521.793, 117
Trd, 4319522.193, 109
Trd, 4319524.993, 140
Trd, 4319525.143, 140
Trd, 4319525.243, 124
Trd, 4319525.643, 105
Trd, 4319525.893, 82
Trd, 4319526.143, 120
Trd, 4319526.193, 70
Trd, 4319527.643, 109
Trd, 4319528.793, 91
Trd, 4319529.543, 84
Trd, 4319530.693, 133
Trd, 4319530.743, 132
Trd, 4319531.243, 129
Trd, 4319532.193, 131
Trd, 4319533.543, 132
Trd, 4319534.043, 126
Trd, 4319535.143, 129
Trd, 4319536.143, 123
Trd, 4319536.393, 132
Trd, 4319536.893, 135
Trd, 4319537.093, 130
Trd, 4319537.143, 130
Trd, 4319539.243, 140
Trd, 4319540.243, 124
Trd, 4319540.943, 107
Trd, 4319541.493, 122
Trd, 4319542.093, 129
Trd, 4319542.443, 134
Trd, 4319542.743, 98
Trd, 4319544.043, 90
Trd, 4319544.843, 121
Trd, 4319544.943, 85
Trd, 4319546.443, 137
Trd, 4319547.393, 135
Trd, 4319547.693, 92
Trd, 4319548.293, 85
Trd, 4319548.893, 107
Trd, 4319549.243, 78
Trd, 4319549.693, 106
Trd, 4319549.993, 74
Trd, 4319550.093, 78
Trd, 4319551.743, 138
Trd, 4319552.343, 133
Trd, 4319552.393, 114
Trd, 4319553.293, 134
Trd, 4319554.993, 135
Trd, 4319555.193, 113
Trd, 4319555.793, 120
Trd, 4319557.393, 123
Trd, 4319557.493, 119
Trd, 4319557.943, 135
Trd, 4319559.343, 139
Trd, 4319559.393, 114
Trd, 4319560.243, 113
Trd, 4319561.093, 109
Trd, 4319561.343, 87
Trd, 4319563.493, 79
Trd, 4319563.693, 76
Trd, 4319564.243, 102
Trd, 4319564.493, 129
Trd, 4319564.593, 78
Trd, 4319565.493, 109
Trd, 4319566.043, 113
Trd, 4319567.193, 93
Trd, 4319567.943, 140
Trd, 4319569.193, 119
Trd, 4319570.443, 139
Trd, 4319571.043, 124
Trd, 4319571.843, 115
Trd, 4319572.043, 110
Trd, 4319572.543, 136
Trd, 4319572.843, 97
Trd, 4319572.993, 96
Trd, 4319573.693, 94
Trd, 4319574.943, 133
Trd, 4319575.543, 66
Trd, 4319576.593, 132
Trd, 4319576.943, 140
Trd, 4319577.293, 118
Trd, 4319577.893, 131
Trd, 4319578.693, 113
Trd, 4319579.143, 136
Trd, 4319579.193, 97
Trd, 4319579.643, 119
Trd, 4319580.193, 139
Trd, 4319580.893, 117
Trd, 4319581.393, 126
Trd, 4319583.643, 136
Trd, 4319585.143, 94
Trd, 4319585.693, 103
Trd, 4319586.193, 88
Trd, 4319586.493, 106
Trd, 4319587.443, 140
Trd, 4319588.293, 124
Trd, 4319589.243, 118
Trd, 4319590.143, 135
Trd, 4319590.943, 133
Trd, 4319591.743, 129
Trd, 4319592.193, 127
Trd, 4319592.643, 124
Trd, 4319593.293, 140
Trd, 4319593.693, 137
Trd, 4319595.843, 109
Trd, 4319596.643, 103
Trd, 4319597.343, 133
Trd, 4319597.443, 99
Trd, 4319598.243, 103
Trd, 4319599.243, 130
Trd, 4319599.693, 125
Trd, 4319600.943, 136
Trd, 4319601.743, 121
Trd, 4319601.993, 97
Trd, 4319602.293, 113
Trd, 4319602.793, 132
Trd, 4319603.543, 102
Trd, 4319604.643, 117
Trd, 4319606.093, 138
Trd, 4319606.743, 140
Trd, 4319607.893, 134
Trd, 4319608.743, 129
Trd, 4319608.893, 119
Trd, 4319609.243, 110
Trd, 4319610.043, 93
Trd, 4319610.143, 74
Trd, 4319611.243, 125
Trd, 4319612.043, 107
Trd, 4319612.493, 117
Trd, 4319612.893, 129
Trd, 4319613.343, 102
Trd, 4319614.293, 66
Trd, 4319614.743, 88
Trd, 4319614.993, 83
Trd, 4319616.593, 133
Trd, 4319617.243, 128
Trd, 4319618.743, 124
Trd, 4319619.993, 110
Trd, 4319620.143, 93
Trd, 4319622.293, 104
Trd, 4319623.093, 131
Trd, 4319623.543, 131
Trd, 4319623.793, 127
Trd, 4319623.893, 89
Trd, 4319625.093, 124
Trd, 4319625.843, 113
Trd, 4319626.143, 112
Trd, 4319628.793, 139
Trd, 4319629.793, 129
Trd, 4319630.043, 109
Trd, 4319630.293, 109
Trd, 4319631.443, 125
Trd, 4319631.843, 93
Trd, 4319632.493, 135
Trd, 4319634.243, 132
Trd, 4319634.943, 131
Trd, 4319635.793, 116
Trd, 4319635.893, 83
Trd, 4319636.093, 66
Trd, 4319638.793, 138
Trd, 4319639.093, 133
Trd, 4319639.693, 116
Trd, 4319641.093, 98
Trd, 4319641.443, 110
Trd, 4319641.743, 82
Trd, 4319642.293, 84
Trd, 4319643.343, 99
Trd, 4319644.643, 136
Trd, 4319645.243, 125
Trd, 4319646.343, 137
Trd, 4319646.743, 108
Trd, 4319647.143, 83
Trd, 4319648.293, 64
Trd, 4319649.243, 82
Trd, 4319649.543, 80
Trd, 4319649.793, 108
Trd, 4319652.093, 119
Trd, 4319653.893, 140
Trd, 4319654.143, 122
Trd, 4319654.793, 110
Trd, 4319655.243, 139
Trd, 4319655.743, 112
Trd, 4319656.393, 90
Trd, 4319657.393, 74
Trd, 4319657.793, 129
Trd, 4319658.493, 88
Trd, 4319659.243, 84
Trd, 4319659.893, 121
Trd, 4319660.043, 118
Trd, 4319660.543, 123
Trd, 4319661.093, 82
Trd, 4319662.693, 125
Trd, 4319664.943, 133
Trd, 4319665.043, 120
Trd, 4319665.093, 91
Trd, 4319665.893, 134
Trd, 4319667.093, 127
Trd, 4319668.343, 136
Trd, 4319669.293, 139
Trd, 4319669.393, 135
Trd, 4319669.543, 112
Trd, 4319669.843, 100
Trd, 4319670.243, 114
Trd, 4319670.993, 69
Trd, 4319671.643, 102
Trd, 4319672.193, 86
Trd, 4319673.743, 94
Trd, 4319673.843, 140
Trd, 4319674.443, 114
Trd, 4319675.043, 74
Trd, 4319676.393, 78
Trd, 4319677.293, 88
Trd, 4319677.593, 103
Trd, 4319677.993, 117
Trd, 4319679.043, 129
Trd, 4319679.143, 79
Trd, 4319680.893, 76
Trd, 4319681.593, 91
Trd, 4319681.743, 75
Trd, 4319682.493, 136
Trd, 4319683.093, 99
Trd, 4319683.243, 95
Trd, 4319683.743, 130
Trd, 4319684.093, 115
Trd, 4319685.143, 128
Trd, 4319685.343, 68
Trd, 4319685.943, 76
Trd, 4319689.093, 119
Trd, 4319690.143, 95
Trd, 4319690.643, 96
Trd, 4319690.793, 134
Trd, 4319691.943, 121
Trd, 4319692.493, 123
Trd, 4319693.993, 122
Trd, 4319694.693, 113
Trd, 4319694.893, 110
Trd, 4319694.943, 82
Trd, 4319697.943, 135
Trd, 4319698.793, 135
Trd, 4319699.093, 91
Trd, 4319699.143, 126
Trd, 4319699.343, 88
Trd, 4319701.243, 140
Trd, 4319702.993, 118
Trd, 4319703.143, 123
Trd, 4319703.543, 122
Trd, 4319703.643, 118
Trd, 4319703.893, 120
Trd, 4319704.893, 117
Trd, 4319705.293, 87
Trd, 4319706.293, 92
Trd, 4319706.643, 120
Trd, 4319707.193, 137
Trd, 4319708.393, 115
Trd, 4319708.743, 89
Trd, 4319708.993, 84
Trd, 4319710.243, 121
Trd, 4319711.793, 140
Trd, 4319711.843, 115
Trd, 4319713.343, 140
Trd, 4319713.943, 97
Trd, 4319715.293, 135
Trd, 4319715.443, 116
Trd, 4319715.643, 106
Trd, 4319716.793, 139
Trd, 4319717.993, 122
Trd, 4319718.243, 113
Trd, 4319719.643, 139
Trd, 4319719.793, 134
Trd, 4319719.893, 95
Trd, 4319720.293, 82
Trd, 4319721.443, 138
Trd, 4319722.043, 120
Trd, 4319723.543, 134
Trd, 4319723.943, 123
Trd, 4319724.593, 134
Trd, 4319725.193, 110
Trd, 4319725.493, 109
Trd, 4319726.393, 73
Trd, 4319728.243, 74
Trd, 4319729.343, 119
Trd, 4319730.443, 111
Trd, 4319731.143, 126
Trd, 4319731.193, 116
Trd, 4319731.243, 99
Trd, 4319731.393, 100
Trd, 4319732.143, 100
Trd, 4319732.693, 96
Trd, 4319733.443, 97
Trd, 4319734.193, 79
Trd, 4319734.743, 88
Trd, 4319735.293, 127
Trd, 4319735.943, 115
Trd, 4319739.143, 137
Trd, 4319739.293, 104
Trd, 4319739.543, 113
Trd, 4319739.693, 120
Trd, 4319740.193, 99
Trd, 4319741.943, 136
Trd, 4319742.043, 132
Trd, 4319742.843, 138
Trd, 4319744.493, 140
Trd, 4319744.643, 125
Trd, 4319745.993, 116
Trd, 4319746.193, 110
Trd, 4319746.493, 69
Trd, 4319747.443, 137
Trd, 4319747.843, 115
Trd, 4319747.893, 88
Trd, 4319748.793, 94
Trd, 4319749.093, 101
Trd, 4319750.243, 85
Trd, 4319751.143, 91
Trd, 4319751.643, 119
Trd, 4319753.293, 132
Trd, 4319753.943, 136
Trd, 4319754.093, 130
Trd, 4319754.143, 126
Trd, 4319756.193, 134
Trd, 4319756.643, 99
Trd, 4319757.243, 139
Trd, 4319757.993, 117
Trd, 4319758.293, 109
Trd, 4319759.293, 126
Trd, 4319759.393, 95
Trd, 4319760.143, 89
Trd, 4319760.793, 79
Trd, 4319763.543, 133
Trd, 4319764.193, 91
Trd, 4319764.293, 93
Trd, 4319764.993, 124
Trd, 4319765.943, 118
Trd, 4319766.043, 97
Trd, 4319767.493, 139
Trd, 4319767.743, 135
Trd, 4319769.243, 102
Trd, 4319769.343, 81
Trd, 4319769.543, 135
Trd, 4319770.143, 125
Trd, 4319770.643, 111
Trd, 4319771.593, 98
Trd, 4319772.693, 63
Trd, 4319773.643, 71
Trd, 4319773.693, 74
Trd, 4319773.843, 91
Trd, 4319776.193, 135
Trd, 4319776.493, 131
Trd, 4319776.893, 130
Trd, 4319777.043, 121
Trd, 4319777.493, 118
Trd, 4319778.793, 130
Trd, 4319778.993, 134
Trd, 4319779.893, 130
Trd, 4319781.143, 121
Trd, 4319781.643, 119
Trd, 4319781.893, 97
Trd, 4319782.493, 130
Trd, 4319782.793, 125
Trd, 4319783.493, 109
Trd, 4319783.943, 140
Trd, 4319784.293, 91
Trd, 4319784.393, 75
Trd, 4319785.393, 136
Trd, 4319787.293, 125
Trd, 4319787.443, 121
Trd, 4319790.093, 140
Trd, 4319791.393, 139
Trd, 4319791.493, 137
Trd, 4319791.593, 134
Trd, 4319791.993, 117
Trd, 4319793.643, 80
Trd, 4319794.093, 81
Trd, 4319795.793, 81
Trd, 4319797.293, 132
Trd, 4319797.393, 129
Trd, 4319797.493, 128
Trd, 4319797.643, 121
Trd, 4319797.993, 117
Trd, 4319798.943, 114
Trd, 4319799.843, 91
Trd, 4319800.543, 99
Trd, 4319800.693, 135
Trd, 4319801.943, 127
Trd, 4319803.343, 140
Trd, 4319804.143, 133
Trd, 4319805.993, 136
Trd, 4319806.593, 117
Trd, 4319806.643, 112
Trd, 4319806.993, 115
Trd, 4319807.343, 110
Trd, 4319807.543, 104
Trd, 4319807.743, 117
Trd, 4319808.893, 108
Trd, 4319810.493, 130
Trd, 4319810.643, 111
Trd, 4319811.293, 107
Trd, 4319812.043, 120
Trd, 4319812.093, 104
Trd, 4319812.843, 121
Trd, 4319813.543, 93
Trd, 4319814.093, 137
Trd, 4319814.943, 128
Trd, 4319816.743, 126
Trd, 4319816.793, 112
Trd, 4319817.093, 119
Trd, 4319818.393, 68
Trd, 4319819.593, 77
Trd, 4319820.293, 117
Trd, 4319820.943, 137
Trd, 4319821.593, 137
Trd, 4319821.693, 114
Trd, 4319822.193, 127
Trd, 4319824.793, 123
Trd, 4319824.993, 89
Trd, 4319826.193, 77
Trd, 4319826.943, 136
Trd, 4319827.443, 132
Trd, 4319827.543, 63
Trd, 4319828.443, 84
Trd, 4319829.593, 99
Trd, 4319830.593, 102
Trd, 4319830.993, 101
Trd, 4319832.243, 106
Trd, 4319832.293, 83
Trd, 4319832.493, 80
Trd, 4319832.693, 103
Trd, 4319833.543, 132
Trd, 4319833.893, 135
Trd, 4319835.393, 123
Trd, 4319835.943, 106
Trd, 4319836.643, 115
Trd, 4319837.693, 140
Trd, 4319838.043, 121
Trd, 4319838.443, 114
Trd, 4319839.993, 96
Trd, 4319841.043, 128
Trd, 4319841.243, 123
Trd, 4319841.343, 88
Trd, 4319842.393, 137
Trd, 4319843.993, 140
Trd, 4319844.043, 134
Trd, 4319844.293, 115
Trd, 4319844.693, 123
Trd, 4319847.543, 117
Trd, 4319847.643, 116
Trd, 4319848.443, 132
Trd, 4319848.793, 131
Trd, 4319849.193, 133
Trd, 4319850.593, 127
Trd, 4319851.143, 127
Trd, 4319851.393, 117
Trd, 4319851.693, 119
Trd, 4319852.993, 80
Trd, 4319855.443, 127
Trd, 4319855.893, 100
Trd, 4319855.993, 90
Trd, 4319857.143, 89
Trd, 4319857.493, 88
Trd, 4319857.643, 124
Trd, 4319858.543, 84
Trd, 4319859.743, 104
Trd, 4319859.993, 128
Trd, 4319861.743, 121
Trd, 4319862.193, 112
Trd, 4319863.693, 95
Trd, 4319864.843, 81
Trd, 4319866.643, 93
Trd, 4319867.093, 97
Trd, 4319867.693, 127
Trd, 4319868.343, 120
Trd, 4319868.743, 101
Trd, 4319868.943, 139
Trd, 4319869.043, 101
Trd, 4319869.293, 140
Trd, 4319869.843, 135
Trd, 4319870.543, 101
Trd, 4319870.743, 103
Trd, 4319872.043, 61
Trd, 4319872.643, 131
Trd, 4319873.943, 86
Trd, 4319874.943, 140
Trd, 4319875.893, 127
Trd, 4319876.843, 106
Trd, 4319877.543, 109
Trd, 4319878.093, 95
Trd, 4319879.443, 114
Trd, 4319880.143, 123
Trd, 4319880.793, 115
Trd, 4319881.393, 123
Trd, 4319882.793, 134
Trd, 4319883.743, 97
Trd, 4319884.343, 120
Trd, 4319885.093, 138
Trd, 4319885.243, 116
Trd, 4319885.593, 70
Trd, 4319886.243, 119
Trd, 4319886.993, 139
Trd, 4319887.893, 113
Trd, 4319888.443, 91
Trd, 4319889.193, 117
Trd, 4319889.643, 101
Trd, 4319889.693, 97
Trd, 4319890.293, 88
Trd, 4319892.493, 140
Trd, 4319893.743, 134
Trd, 4319894.393, 128
Trd, 4319894.643, 126
Trd, 4319895.643, 138
Trd, 4319896.193, 122
Trd, 4319896.343, 94
Trd, 4319897.693, 104
Trd, 4319898.343, 138
Trd, 4319898.593, 90
Trd, 4319899.743, 132
Trd, 4319900.793, 140
Trd, 4319900.843, 131
Trd, 4319902.843, 105
Trd, 4319903.943, 130
Trd, 4319904.143, 120
Trd, 4319904.443, 112
Trd, 4319904.993, 109
Trd, 4319905.543, 140
Trd, 4319905.993, 96
Trd, 4319906.243, 83
Trd, 4319906.893, 84
Trd, 4319908.493, 120
Trd, 4319909.543, 121
Trd, 4319909.643, 114
Trd, 4319910.593, 136
Trd, 4319911.343, 128
Trd, 4319911.443, 123
Trd, 4319911.743, 121
Trd, 4319911.793, 120
Trd, 4319911.993, 116
Trd, 4319912.093, 130
Trd, 4319914.443, 113
Trd, 4319916.043, 117
Trd, 4319916.193, 96
Trd, 4319916.693, 89
Trd, 4319917.043, 91
Trd, 4319917.693, 89
Trd, 4319918.393, 87
Trd, 4319920.543, 137
Trd, 4319921.243, 135
Trd, 4319921.543, 122
Trd, 4319922.043, 112
Trd, 4319923.193, 91
Trd, 4319923.543, 90
Trd, 4319926.043, 118
Trd, 4319927.293, 123
Trd, 4319927.593, 114
Trd, 4319928.093, 132
Trd, 4319929.693, 140
Trd, 4319931.043, 124
Trd, 4319931.793, 120
Trd, 4319933.393, 115
Trd, 4319933.543, 104
Trd, 4319933.743, 112
Trd, 4319935.043, 87
Trd, 4319935.443, 83
Trd, 4319935.693, 126
Trd, 4319935.893, 114
Trd, 4319936.693, 92
Trd, 4319937.493, 134
Trd, 4319938.093, 128
Trd, 4319938.643, 99
Trd, 4319938.793, 98
Trd, 4319939.343, 107
Trd, 4319940.843, 133
Trd, 4319941.243, 132
Trd, 4319941.643, 112
Trd, 4319942.243, 127
Trd, 4319943.343, 116
Trd, 4319944.443, 101
Trd, 4319944.943, 78
Trd, 4319945.743, 135
Trd, 4319946.393, 127
Trd, 4319946.593, 128
Trd, 4319946.693, 107
Trd, 4319949.093, 132
Trd, 4319949.743, 110
Trd, 4319950.743, 128
Trd, 4319951.293, 101
Trd, 4319952.793, 92
Trd, 4319953.543, 108
Trd, 4319954.193, 131
Trd, 4319954.543, 81
Trd, 4319955.243, 104
Trd, 4319956.193, 122
Trd, 4319956.493, 100
Trd, 4319956.843, 116
Trd, 4319957.193, 100
Trd, 4319958.393, 126
Trd, 4319959.043, 103
Trd, 4319959.893, 83
Trd, 4319960.893, 82
Trd, 4319961.143, 123
Trd, 4319962.793, 107
Trd, 4319962.943, 129
Trd, 4319964.093, 99
Trd, 4319964.293, 117
Trd, 4319964.393, 79
Trd, 4319966.693, 96
Trd, 4319967.543, 126
Trd, 4319968.093, 109
Trd, 4319969.593, 138
Trd, 4319969.743, 133
Trd, 4319970.293, 129
Trd, 4319972.343, 131
Trd, 4319973.343, 125
Trd, 4319973.643, 117
Trd, 4319974.793, 129
Trd, 4319974.893, 105
Trd, 4319976.143, 99
Trd, 4319976.593, 139
Trd, 4319976.993, 105
Trd, 4319978.543, 137
Trd, 4319979.643, 129
Trd, 4319979.893, 114
Trd, 4319981.693, 133
Trd, 4319981.743, 106
Trd, 4319981.993, 104
Trd, 4319983.993, 132
Trd, 4319984.943, 128
Trd, 4319985.093, 120
Trd, 4319985.643, 112
Trd, 4319987.443, 134
Trd, 4319987.543, 134
Trd, 4319988.143, 123
Trd, 4319988.643, 138
Trd, 4319989.743, 84
Trd, 4319990.493, 78
Trd, 4319990.693, 77
Trd, 4319993.143, 69
Trd, 4319993.443, 66
Trd, 4319994.243, 112
Trd, 4319996.093, 112
Trd, 4319996.693, 126
Trd, 4319996.793, 128
Trd, 4319997.693, 135
Trd, 4319997.843, 103
Trd, 4319998.643, 139
Trd, 4319999.893, 117
