Trd, 4318115.343, 105
Trd, 4318116.193, 131
Trd, 4318116.693, 119
Trd, 4318118.443, 109
Trd, 4318118.493, 117
Trd, 4318118.593, 99
Trd, 4318119.693, 90
Trd, 4318121.043, 80
Trd, 4318122.743, 85
Trd, 4318122.993, 69
Trd, 4318123.093, 77
Trd, 4318123.543, 92
Trd, 4318124.843, 111
Trd, 4318125.243, 106
Trd, 4318125.393, 97
Trd, 4318126.693, 86
Trd, 4318126.793, 102
Trd, 4318127.893, 121
Trd, 4318128.193, 112
Trd, 4318128.943, 109
Trd, 4318129.743, 70
Trd, 4318131.243, 107
Trd, 4318131.343, 68
Trd, 4318131.543, 126
Trd, 4318132.843, 74
Trd, 4318133.093, 73
Trd, 4318133.543, 115
Trd, 4318133.843, 115
Trd, 4318134.493, 131
Trd, 4318135.143, 93
Trd, 4318135.593, 129
Trd, 4318136.243, 129
Trd, 4318138.493, 115
Trd, 4318138.643, 127
Trd, 4318138.743, 96
Trd, 4318139.443, 80
Trd, 4318141.543, 106
Trd, 4318141.643, 89
Trd, 4318142.543, 139
Trd, 4318142.993, 132
Trd, 4318143.293, 93
Trd, 4318144.843, 66
Trd, 4318146.943, 103
Trd, 4318147.643, 133
Trd, 4318149.193, 104
Trd, 4318150.193, 107
Trd, 4318150.943, 106
Trd, 4318151.293, 97
Trd, 4318151.643, 96
Trd, 4318152.693, 126
Trd, 4318153.793, 136
Trd, 4318154.443, 136
Trd, 4318154.893, 139
Trd, 4318154.943, 101
Trd, 4318155.693, 98
Trd, 4318157.143, 133
Trd, 4318157.793, 122
Trd, 4318157.893, 112
Trd, 4318158.243, 127
Trd, 4318158.743, 78
Trd, 4318159.693, 78
Trd, 4318160.743, 122
Trd, 4318160.793, 113
Trd, 4318161.793, 90
Trd, 4318162.193, 97
Trd, 4318162.643, 132
Trd, 4318162.743, 124
Trd, 4318164.143, 92
Trd, 4318165.293, 127
Trd, 4318165.493, 126
Trd, 4318165.943, 115
Trd, 4318166.043, 79
Trd, 4318166.793, 122
Trd, 4318166.843, 134
Trd, 4318169.143, 68
Trd, 4318170.843, 65
Trd, 4318170.893, 64
Trd, 4318171.393, 87
Trd, 4318172.493, 107
Trd, 4318172.843, 90
Trd, 4318174.693, 107
Trd, 4318175.493, 105
Trd, 4318176.093, 97
Trd, 4318176.343, 136
Trd, 4318176.893, 96
Trd, 4318178.193, 61
Trd, 4318178.393, 63
Trd, 4318178.643, 61
Trd, 4318179.493, 138
Trd, 4318179.643, 95
Trd, 4318181.893, 101
Trd, 4318184.493, 101
Trd, 4318184.993, 136
Trd, 4318185.043, 119
Trd, 4318185.243, 118
Trd, 4318185.843, 111
Trd, 4318186.643, 131
Trd, 4318186.743, 130
Trd, 4318187.493, 117
Trd, 4318188.643, 139
Trd, 4318189.243, 127
Trd, 4318189.643, 116
Trd, 4318190.443, 136
Trd, 4318191.193, 105
Trd, 4318192.043, 119
Trd, 4318193.193, 113
Trd, 4318194.543, 108
Trd, 4318195.393, 102
Trd, 4318195.943, 105
Trd, 4318196.593, 133
Trd, 4318196.943, 119
Trd, 4318196.993, 76
Trd, 4318197.643, 76
Trd, 4318198.243, 124
Trd, 4318199.043, 83
Trd, 4318199.993, 103
Trd, 4318200.393, 86
Trd, 4318200.543, 79
Trd, 4318200.943, 60
Trd, 4318203.343, 118
Trd, 4318203.693, 88
Trd, 4318203.893, 95
Trd, 4318204.493, 80
Trd, 4318204.743, 80
Trd, 4318205.193, 79
Trd, 4318206.393, 108
Trd, 4318206.693, 79
Trd, 4318208.643, 109
Trd, 4318209.693, 134
Trd, 4318210.393, 128
Trd, 4318210.743, 119
Trd, 4318210.843, 115
Trd, 4318211.693, 139
Trd, 4318211.943, 114
Trd, 4318212.193, 105
Trd, 4318212.293, 105
Trd, 4318214.593, 107
Trd, 4318215.543, 102
Trd, 4318216.993, 112
Trd, 4318218.243, 137
Trd, 4318218.643, 136
Trd, 4318218.993, 124
Trd, 4318219.193, 122
Trd, 4318220.843, 99
Trd, 4318221.143, 96
Trd, 4318221.643, 135
Trd, 4318223.593, 127
Trd, 4318223.743, 135
Trd, 4318224.043, 125
Trd, 4318224.193, 119
Trd, 4318224.593, 114
Trd, 4318226.243, 124
Trd, 4318226.693, 136
Trd, 4318226.943, 123
Trd, 4318227.143, 115
Trd, 4318228.293, 118
Trd, 4318229.043, 132
Trd, 4318229.243, 118
Trd, 4318230.593, 108
Trd, 4318231.543, 130
Trd, 4318231.693, 129
Trd, 4318231.943, 100
Trd, 4318232.443, 94
Trd, 4318233.093, 137
Trd, 4318234.193, 132
Trd, 4318234.393, 131
Trd, 4318234.593, 123
Trd, 4318238.293, 131
Trd, 4318238.343, 110
Trd, 4318238.693, 104
Trd, 4318239.593, 130
Trd, 4318239.743, 106
Trd, 4318240.293, 104
Trd, 4318241.293, 102
Trd, 4318241.593, 98
Trd, 4318241.993, 97
Trd, 4318243.593, 121
Trd, 4318244.843, 113
Trd, 4318245.293, 108
Trd, 4318246.393, 102
Trd, 4318246.793, 100
Trd, 4318247.343, 92
Trd, 4318247.793, 119
Trd, 4318248.093, 110
Trd, 4318250.293, 103
Trd, 4318251.343, 137
Trd, 4318251.393, 100
Trd, 4318251.543, 91
Trd, 4318251.693, 74
Trd, 4318252.743, 90
Trd, 4318252.793, 89
Trd, 4318253.893, 81
Trd, 4318255.693, 90
Trd, 4318255.843, 88
Trd, 4318256.243, 119
Trd, 4318257.943, 128
Trd, 4318259.093, 117
Trd, 4318259.493, 122
Trd, 4318260.343, 128
Trd, 4318261.343, 112
Trd, 4318261.493, 117
Trd, 4318261.843, 140
Trd, 4318261.893, 111
Trd, 4318263.493, 128
Trd, 4318264.593, 129
Trd, 4318267.093, 114
Trd, 4318267.443, 111
Trd, 4318267.543, 107
Trd, 4318267.943, 98
Trd, 4318268.243, 93
Trd, 4318268.643, 114
Trd, 4318269.893, 126
Trd, 4318270.093, 104
Trd, 4318270.843, 99
Trd, 4318271.043, 89
Trd, 4318271.543, 76
Trd, 4318272.743, 126
Trd, 4318272.893, 125
Trd, 4318273.993, 82
Trd, 4318274.843, 122
Trd, 4318275.793, 111
Trd, 4318276.343, 118
Trd, 4318277.443, 109
Trd, 4318277.893, 127
Trd, 4318278.343, 115
Trd, 4318278.643, 106
Trd, 4318279.043, 115
Trd, 4318279.943, 91
Trd, 4318280.493, 101
Trd, 4318281.943, 100
Trd, 4318282.893, 80
Trd, 4318283.543, 97
Trd, 4318283.843, 63
Trd, 4318285.443, 66
Trd, 4318285.893, 86
Trd, 4318287.243, 95
Trd, 4318288.943, 69
Trd, 4318289.543, 120
Trd, 4318290.893, 65
Trd, 4318292.943, 132
Trd, 4318293.093, 127
Trd, 4318293.393, 126
Trd, 4318294.143, 125
Trd, 4318294.793, 123
Trd, 4318294.843, 121
Trd, 4318295.443, 117
Trd, 4318296.693, 137
Trd, 4318296.893, 133
Trd, 4318297.543, 134
Trd, 4318298.093, 122
Trd, 4318298.243, 114
Trd, 4318300.293, 115
Trd, 4318301.443, 114
Trd, 4318303.143, 109
Trd, 4318303.893, 108
Trd, 4318304.043, 107
Trd, 4318304.343, 102
Trd, 4318304.693, 94
Trd, 4318305.393, 112
Trd, 4318305.843, 124
Trd, 4318306.393, 126
Trd, 4318306.793, 112
Trd, 4318307.493, 89
Trd, 4318307.993, 67
Trd, 4318309.643, 78
Trd, 4318310.243, 79
Trd, 4318310.993, 79
Trd, 4318311.693, 76
Trd, 4318311.843, 69
Trd, 4318312.143, 93
Trd, 4318312.343, 82
Trd, 4318313.943, 122
Trd, 4318314.293, 122
Trd, 4318314.593, 100
Trd, 4318315.943, 135
Trd, 4318316.793, 116
Trd, 4318317.643, 80
Trd, 4318317.693, 77
Trd, 4318318.493, 90
Trd, 4318319.443, 86
Trd, 4318320.893, 87
Trd, 4318321.293, 93
Trd, 4318321.593, 110
Trd, 4318322.243, 103
Trd, 4318322.743, 98
Trd, 4318323.443, 87
Trd, 4318325.043, 121
Trd, 4318326.043, 117
Trd, 4318326.143, 107
Trd, 4318326.343, 94
Trd, 4318326.543, 97
Trd, 4318327.693, 99
Trd, 4318327.743, 97
Trd, 4318327.893, 93
Trd, 4318328.043, 92
Trd, 4318328.743, 140
Trd, 4318330.193, 96
Trd, 4318330.493, 88
Trd, 4318331.843, 110
Trd, 4318331.893, 109
Trd, 4318332.043, 87
Trd, 4318333.893, 132
Trd, 4318334.743, 125
Trd, 4318334.993, 106
Trd, 4318335.293, 102
Trd, 4318337.793, 128
Trd, 4318338.243, 128
Trd, 4318338.393, 116
Trd, 4318340.343, 127
Trd, 4318340.443, 125
Trd, 4318341.143, 103
Trd, 4318342.943, 71
Trd, 4318344.093, 81
Trd, 4318344.343, 80
Trd, 4318345.643, 100
Trd, 4318346.243, 93
Trd, 4318347.643, 97
Trd, 4318347.793, 86
Trd, 4318349.693, 97
Trd, 4318350.143, 92
Trd, 4318350.193, 90
Trd, 4318351.893, 136
Trd, 4318352.093, 134
Trd, 4318352.693, 122
Trd, 4318353.143, 120
Trd, 4318353.493, 104
Trd, 4318353.793, 100
Trd, 4318354.643, 88
Trd, 4318355.343, 109
Trd, 4318355.893, 99
Trd, 4318356.093, 96
Trd, 4318358.093, 131
Trd, 4318358.543, 114
Trd, 4318359.443, 113
Trd, 4318359.893, 116
Trd, 4318360.093, 115
Trd, 4318360.643, 113
Trd, 4318360.993, 95
Trd, 4318361.193, 121
Trd, 4318361.743, 85
Trd, 4318363.093, 75
Trd, 4318363.493, 67
Trd, 4318364.843, 126
Trd, 4318365.243, 118
Trd, 4318365.393, 103
Trd, 4318366.793, 122
Trd, 4318366.893, 120
Trd, 4318367.593, 136
Trd, 4318368.493, 79
Trd, 4318369.293, 113
Trd, 4318370.193, 88
Trd, 4318370.393, 86
Trd, 4318371.343, 76
Trd, 4318371.843, 80
Trd, 4318372.093, 88
Trd, 4318372.493, 96
Trd, 4318373.043, 131
Trd, 4318373.143, 108
Trd, 4318374.193, 87
Trd, 4318375.393, 121
Trd, 4318375.593, 120
Trd, 4318376.543, 111
Trd, 4318376.593, 110
Trd, 4318377.593, 133
Trd, 4318378.943, 139
Trd, 4318379.243, 134
Trd, 4318379.443, 115
Trd, 4318379.943, 112
Trd, 4318380.443, 99
Trd, 4318381.743, 77
Trd, 4318383.093, 131
Trd, 4318384.793, 123
Trd, 4318385.093, 112
Trd, 4318385.793, 87
Trd, 4318385.893, 85
Trd, 4318385.993, 103
Trd, 4318386.193, 78
Trd, 4318387.093, 64
Trd, 4318387.843, 60
Trd, 4318389.543, 103
Trd, 4318389.943, 75
Trd, 4318390.843, 111
Trd, 4318391.093, 93
Trd, 4318393.193, 70
Trd, 4318394.243, 64
Trd, 4318394.893, 62
Trd, 4318395.743, 71
Trd, 4318397.843, 127
Trd, 4318398.393, 116
Trd, 4318398.893, 127
Trd, 4318399.043, 113
Trd, 4318399.443, 127
Trd, 4318399.893, 113
Trd, 4318399.993, 103
Trd, 4318400.843, 94
Trd, 4318401.743, 121
Trd, 4318402.393, 84
Trd, 4318404.343, 103
Trd, 4318404.493, 102
Trd, 4318404.543, 94
Trd, 4318406.043, 110
Trd, 4318406.393, 92
Trd, 4318406.593, 74
Trd, 4318406.843, 69
Trd, 4318407.943, 124
Trd, 4318409.943, 132
Trd, 4318409.993, 131
Trd, 4318410.793, 100
Trd, 4318411.943, 99
Trd, 4318413.643, 97
Trd, 4318414.143, 112
Trd, 4318414.993, 94
Trd, 4318415.043, 92
Trd, 4318415.243, 92
Trd, 4318416.043, 125
Trd, 4318416.843, 110
Trd, 4318418.093, 140
Trd, 4318418.743, 135
Trd, 4318419.343, 108
Trd, 4318419.843, 103
Trd, 4318420.593, 104
Trd, 4318420.893, 103
Trd, 4318421.543, 103
Trd, 4318421.993, 132
Trd, 4318423.143, 114
Trd, 4318423.193, 112
Trd, 4318423.693, 108
Trd, 4318423.943, 104
Trd, 4318424.743, 100
Trd, 4318426.293, 136
Trd, 4318426.993, 119
Trd, 4318427.193, 107
Trd, 4318428.643, 119
Trd, 4318429.393, 73
Trd, 4318429.793, 117
Trd, 4318430.343, 116
Trd, 4318431.543, 79
Trd, 4318433.243, 131
Trd, 4318433.493, 110
Trd, 4318433.693, 106
Trd, 4318433.993, 76
Trd, 4318434.693, 136
Trd, 4318436.393, 123
Trd, 4318436.893, 125
Trd, 4318438.343, 139
Trd, 4318438.993, 108
Trd, 4318440.843, 123
Trd, 4318440.993, 128
Trd, 4318441.493, 117
Trd, 4318441.793, 105
Trd, 4318442.843, 136
Trd, 4318442.993, 112
Trd, 4318444.743, 122
Trd, 4318444.843, 130
Trd, 4318445.043, 62
Trd, 4318446.593, 120
Trd, 4318446.793, 99
Trd, 4318449.093, 107
Trd, 4318449.393, 105
Trd, 4318449.793, 139
Trd, 4318449.843, 116
Trd, 4318449.993, 92
Trd, 4318450.543, 87
Trd, 4318450.743, 105
Trd, 4318450.993, 109
Trd, 4318452.643, 86
Trd, 4318453.243, 80
Trd, 4318453.343, 87
Trd, 4318453.443, 79
Trd, 4318455.743, 103
Trd, 4318455.943, 76
Trd, 4318457.593, 87
Trd, 4318457.943, 76
Trd, 4318458.493, 77
Trd, 4318458.743, 89
Trd, 4318460.193, 128
Trd, 4318460.343, 125
Trd, 4318462.393, 126
Trd, 4318463.393, 123
Trd, 4318463.843, 124
Trd, 4318464.293, 112
Trd, 4318464.493, 104
Trd, 4318464.743, 93
Trd, 4318464.943, 81
Trd, 4318465.243, 120
Trd, 4318465.343, 68
Trd, 4318467.993, 97
Trd, 4318468.343, 91
Trd, 4318468.643, 117
Trd, 4318468.893, 131
Trd, 4318469.043, 117
Trd, 4318469.943, 108
Trd, 4318470.393, 136
Trd, 4318470.743, 108
Trd, 4318470.993, 107
Trd, 4318472.793, 97
Trd, 4318473.193, 121
Trd, 4318473.343, 95
Trd, 4318474.093, 134
Trd, 4318474.943, 139
Trd, 4318477.943, 124
Trd, 4318478.093, 122
Trd, 4318478.843, 110
Trd, 4318479.143, 125
Trd, 4318479.843, 137
Trd, 4318479.993, 115
Trd, 4318480.243, 109
Trd, 4318482.493, 140
Trd, 4318483.443, 115
Trd, 4318483.843, 121
Trd, 4318484.243, 120
Trd, 4318484.393, 139
Trd, 4318485.643, 136
Trd, 4318486.393, 130
Trd, 4318486.443, 106
Trd, 4318487.393, 96
Trd, 4318488.243, 121
Trd, 4318489.243, 129
Trd, 4318490.143, 120
Trd, 4318490.543, 115
Trd, 4318491.343, 105
Trd, 4318491.443, 101
Trd, 4318491.643, 100
Trd, 4318491.943, 104
Trd, 4318493.793, 117
Trd, 4318494.293, 115
Trd, 4318494.343, 104
Trd, 4318494.393, 103
Trd, 4318495.943, 125
Trd, 4318496.143, 71
Trd, 4318497.393, 113
Trd, 4318497.743, 79
Trd, 4318498.343, 120
Trd, 4318499.693, 60
Trd, 4318500.893, 77
Trd, 4318501.143, 63
Trd, 4318501.743, 67
Trd, 4318502.093, 93
Trd, 4318502.193, 81
Trd, 4318503.743, 95
Trd, 4318504.243, 101
Trd, 4318504.643, 88
Trd, 4318506.143, 132
Trd, 4318506.243, 123
Trd, 4318507.593, 120
Trd, 4318507.643, 108
Trd, 4318508.493, 133
Trd, 4318509.143, 100
Trd, 4318509.793, 117
Trd, 4318510.243, 89
Trd, 4318511.343, 67
Trd, 4318512.793, 104
Trd, 4318512.893, 99
Trd, 4318513.893, 137
Trd, 4318514.143, 136
Trd, 4318515.193, 114
Trd, 4318515.293, 104
Trd, 4318515.743, 102
Trd, 4318516.643, 127
Trd, 4318517.593, 125
Trd, 4318518.693, 124
Trd, 4318519.293, 101
Trd, 4318520.243, 110
Trd, 4318520.293, 105
Trd, 4318520.593, 102
Trd, 4318520.943, 104
Trd, 4318522.643, 130
Trd, 4318522.943, 101
Trd, 4318524.143, 119
Trd, 4318524.193, 118
Trd, 4318524.693, 101
Trd, 4318525.693, 96
Trd, 4318525.943, 95
Trd, 4318527.293, 100
Trd, 4318528.293, 119
Trd, 4318528.393, 88
Trd, 4318530.343, 95
Trd, 4318531.093, 106
Trd, 4318531.393, 90
Trd, 4318531.493, 89
Trd, 4318532.043, 85
Trd, 4318533.043, 68
Trd, 4318534.293, 73
Trd, 4318534.893, 97
Trd, 4318536.393, 132
Trd, 4318536.893, 131
Trd, 4318537.093, 121
Trd, 4318537.243, 119
Trd, 4318537.643, 117
Trd, 4318538.343, 120
Trd, 4318539.093, 130
Trd, 4318539.493, 129
Trd, 4318539.593, 101
Trd, 4318541.193, 101
Trd, 4318542.343, 90
Trd, 4318543.493, 92
Trd, 4318544.043, 131
Trd, 4318544.393, 118
Trd, 4318545.593, 118
Trd, 4318546.643, 108
Trd, 4318546.993, 98
Trd, 4318548.243, 122
Trd, 4318548.893, 131
Trd, 4318549.343, 92
Trd, 4318550.193, 121
Trd, 4318550.693, 140
Trd, 4318551.093, 140
Trd, 4318552.043, 124
Trd, 4318552.293, 115
Trd, 4318553.143, 106
Trd, 4318553.393, 133
Trd, 4318553.543, 107
Trd, 4318553.993, 107
Trd, 4318556.993, 93
Trd, 4318557.593, 92
Trd, 4318558.743, 95
Trd, 4318560.493, 124
Trd, 4318560.593, 113
Trd, 4318561.193, 76
Trd, 4318562.293, 115
Trd, 4318562.693, 108
Trd, 4318564.793, 93
Trd, 4318566.093, 126
Trd, 4318566.143, 129
Trd, 4318566.543, 114
Trd, 4318566.643, 113
Trd, 4318566.943, 136
Trd, 4318567.393, 111
Trd, 4318568.393, 124
Trd, 4318569.093, 94
Trd, 4318569.143, 93
Trd, 4318570.193, 125
Trd, 4318570.393, 108
Trd, 4318571.243, 86
Trd, 4318572.893, 64
Trd, 4318573.693, 62
Trd, 4318574.293, 71
Trd, 4318575.393, 98
Trd, 4318576.143, 83
Trd, 4318576.793, 77
Trd, 4318577.893, 118
Trd, 4318578.043, 126
Trd, 4318578.293, 94
Trd, 4318578.643, 76
Trd, 4318579.993, 64
Trd, 4318580.193, 76
Trd, 4318580.343, 81
Trd, 4318581.543, 86
Trd, 4318583.543, 74
Trd, 4318583.843, 95
Trd, 4318585.193, 114
Trd, 4318585.443, 112
Trd, 4318586.193, 112
Trd, 4318587.193, 115
Trd, 4318588.093, 127
Trd, 4318588.443, 123
Trd, 4318588.543, 117
Trd, 4318589.393, 109
Trd, 4318589.893, 100
Trd, 4318590.543, 113
Trd, 4318591.043, 90
Trd, 4318591.943, 86
Trd, 4318592.543, 120
Trd, 4318593.143, 113
Trd, 4318593.543, 112
Trd, 4318594.393, 110
Trd, 4318594.593, 98
Trd, 4318595.743, 78
Trd, 4318596.793, 115
Trd, 4318598.243, 140
Trd, 4318598.293, 126
Trd, 4318598.693, 111
Trd, 4318598.893, 97
Trd, 4318599.293, 138
Trd, 4318599.643, 106
Trd, 4318601.543, 88
Trd, 4318602.243, 63
Trd, 4318603.393, 74
Trd, 4318603.843, 139
Trd, 4318604.943, 128
Trd, 4318605.943, 118
Trd, 4318605.993, 117
Trd, 4318606.193, 105
Trd, 4318606.243, 101
Trd, 4318607.493, 98
Trd, 4318608.293, 140
Trd, 4318608.593, 129
Trd, 4318610.343, 115
Trd, 4318611.093, 129
Trd, 4318611.593, 126
Trd, 4318612.393, 113
Trd, 4318613.443, 131
Trd, 4318613.543, 118
Trd, 4318613.693, 113
Trd, 4318614.543, 125
Trd, 4318614.593, 94
Trd, 4318614.743, 82
Trd, 4318614.993, 107
Trd, 4318616.493, 68
Trd, 4318618.343, 71
Trd, 4318619.693, 67
Trd, 4318619.993, 111
Trd, 4318620.993, 106
Trd, 4318621.843, 92
Trd, 4318622.593, 93
Trd, 4318623.093, 114
Trd, 4318623.143, 92
Trd, 4318623.393, 134
Trd, 4318623.443, 86
Trd, 4318625.443, 108
Trd, 4318625.893, 107
Trd, 4318627.243, 110
Trd, 4318627.793, 111
Trd, 4318628.193, 126
Trd, 4318628.743, 112
Trd, 4318629.243, 107
Trd, 4318629.893, 96
Trd, 4318630.493, 86
Trd, 4318631.043, 87
Trd, 4318632.143, 87
Trd, 4318632.193, 107
Trd, 4318633.393, 90
Trd, 4318634.843, 127
Trd, 4318635.343, 128
Trd, 4318635.643, 121
Trd, 4318636.343, 117
Trd, 4318636.543, 126
Trd, 4318637.593, 113
Trd, 4318638.343, 136
Trd, 4318639.143, 97
Trd, 4318639.893, 88
Trd, 4318640.193, 87
Trd, 4318640.243, 97
Trd, 4318640.693, 107
Trd, 4318642.593, 128
Trd, 4318643.293, 118
Trd, 4318644.693, 115
Trd, 4318644.843, 113
Trd, 4318645.043, 106
Trd, 4318646.643, 125
Trd, 4318647.443, 95
Trd, 4318647.793, 94
Trd, 4318648.943, 92
Trd, 4318649.343, 129
Trd, 4318649.993, 95
Trd, 4318650.443, 96
Trd, 4318650.743, 107
Trd, 4318650.943, 97
Trd, 4318652.293, 89
Trd, 4318653.043, 120
Trd, 4318653.943, 133
Trd, 4318654.343, 121
Trd, 4318655.993, 124
Trd, 4318656.243, 119
Trd, 4318656.643, 117
Trd, 4318657.843, 112
Trd, 4318657.893, 102
Trd, 4318658.093, 92
Trd, 4318658.893, 80
Trd, 4318659.193, 73
Trd, 4318660.093, 103
Trd, 4318661.143, 63
Trd, 4318662.393, 86
Trd, 4318663.893, 96
Trd, 4318664.343, 90
Trd, 4318666.743, 96
Trd, 4318666.793, 95
Trd, 4318667.143, 95
Trd, 4318668.543, 116
Trd, 4318669.493, 101
Trd, 4318669.843, 94
Trd, 4318670.493, 111
Trd, 4318670.643, 91
Trd, 4318671.993, 81
Trd, 4318673.393, 90
Trd, 4318673.693, 87
Trd, 4318674.993, 85
Trd, 4318675.293, 82
Trd, 4318676.193, 136
Trd, 4318676.593, 77
Trd, 4318678.443, 99
Trd, 4318678.843, 97
Trd, 4318679.043, 131
Trd, 4318679.143, 90
Trd, 4318680.343, 91
Trd, 4318680.643, 108
Trd, 4318680.893, 117
Trd, 4318681.893, 129
Trd, 4318682.093, 121
Trd, 4318683.643, 117
Trd, 4318683.843, 111
Trd, 4318684.793, 82
Trd, 4318686.543, 134
Trd, 4318686.793, 121
Trd, 4318687.593, 111
Trd, 4318689.293, 101
Trd, 4318690.093, 99
Trd, 4318690.293, 94
Trd, 4318690.343, 89
Trd, 4318690.493, 95
Trd, 4318690.743, 86
Trd, 4318691.843, 140
Trd, 4318692.243, 62
Trd, 4318692.893, 126
Trd, 4318692.993, 86
Trd, 4318693.393, 84
Trd, 4318694.493, 81
Trd, 4318694.843, 79
Trd, 4318695.693, 77
Trd, 4318696.693, 104
Trd, 4318698.893, 62
Trd, 4318698.943, 63
Trd, 4318699.793, 83
Trd, 4318700.093, 135
Trd, 4318701.143, 99
Trd, 4318701.693, 105
Trd, 4318701.743, 99
Trd, 4318702.243, 104
Trd, 4318702.943, 95
Trd, 4318703.493, 84
Trd, 4318704.593, 65
Trd, 4318707.043, 128
Trd, 4318707.443, 117
Trd, 4318707.993, 127
Trd, 4318708.643, 121
Trd, 4318708.893, 120
Trd, 4318708.993, 110
Trd, 4318710.243, 83
Trd, 4318711.093, 89
Trd, 4318711.143, 89
Trd, 4318712.493, 63
Trd, 4318713.143, 71
Trd, 4318713.743, 61
Trd, 4318714.393, 62
Trd, 4318714.643, 61
Trd, 4318714.793, 68
Trd, 4318716.593, 65
Trd, 4318717.243, 65
Trd, 4318717.943, 91
Trd, 4318717.993, 104
Trd, 4318718.593, 113
Trd, 4318718.943, 85
Trd, 4318720.793, 65
Trd, 4318721.443, 64
Trd, 4318722.443, 90
Trd, 4318723.393, 86
Trd, 4318724.443, 89
Trd, 4318724.493, 88
Trd, 4318725.643, 111
Trd, 4318727.093, 112
Trd, 4318727.993, 122
Trd, 4318728.393, 113
Trd, 4318728.443, 111
Trd, 4318728.893, 104
Trd, 4318728.993, 62
Trd, 4318729.893, 122
Trd, 4318730.543, 127
Trd, 4318731.893, 134
Trd, 4318732.043, 126
Trd, 4318732.293, 122
Trd, 4318732.493, 97
Trd, 4318734.293, 60
Trd, 4318734.693, 68
Trd, 4318735.393, 65
Trd, 4318738.293, 101
Trd, 4318738.493, 135
Trd, 4318739.243, 110
Trd, 4318740.243, 134
Trd, 4318740.393, 115
Trd, 4318740.743, 107
Trd, 4318740.993, 107
Trd, 4318741.693, 75
Trd, 4318742.193, 135
Trd, 4318744.493, 99
Trd, 4318744.543, 99
Trd, 4318745.193, 95
Trd, 4318745.493, 74
Trd, 4318746.743, 78
Trd, 4318747.193, 121
Trd, 4318748.243, 136
Trd, 4318748.943, 124
Trd, 4318749.093, 123
Trd, 4318749.743, 100
Trd, 4318749.843, 88
Trd, 4318751.543, 102
Trd, 4318752.543, 101
Trd, 4318754.293, 122
Trd, 4318754.543, 106
Trd, 4318754.593, 102
Trd, 4318754.693, 86
Trd, 4318756.043, 104
Trd, 4318756.143, 103
Trd, 4318757.293, 111
Trd, 4318757.443, 105
Trd, 4318757.993, 107
Trd, 4318758.343, 91
Trd, 4318758.893, 94
Trd, 4318759.243, 84
Trd, 4318759.793, 81
Trd, 4318760.793, 72
Trd, 4318762.143, 90
Trd, 4318763.093, 70
Trd, 4318763.243, 77
Trd, 4318763.893, 90
Trd, 4318764.443, 111
Trd, 4318765.093, 115
Trd, 4318765.143, 104
Trd, 4318767.493, 116
Trd, 4318767.593, 116
Trd, 4318767.693, 106
Trd, 4318768.193, 103
Trd, 4318769.493, 78
Trd, 4318769.943, 75
Trd, 4318771.143, 126
Trd, 4318771.543, 120
Trd, 4318772.143, 83
Trd, 4318772.243, 107
Trd, 4318772.443, 77
Trd, 4318773.943, 87
Trd, 4318774.793, 75
Trd, 4318775.293, 104
Trd, 4318775.443, 97
Trd, 4318777.393, 68
Trd, 4318777.793, 93
Trd, 4318779.893, 128
Trd, 4318779.943, 128
Trd, 4318780.543, 135
Trd, 4318780.693, 134
Trd, 4318781.143, 121
Trd, 4318781.893, 72
Trd, 4318782.643, 62
Trd, 4318782.893, 112
Trd, 4318784.093, 67
Trd, 4318785.143, 89
Trd, 4318785.543, 115
Trd, 4318786.143, 80
Trd, 4318787.143, 84
Trd, 4318787.243, 92
Trd, 4318788.593, 91
Trd, 4318788.643, 90
Trd, 4318789.193, 93
Trd, 4318789.293, 113
Trd, 4318789.993, 84
Trd, 4318790.193, 112
Trd, 4318792.643, 132
Trd, 4318793.593, 126
Trd, 4318793.843, 123
Trd, 4318794.493, 82
Trd, 4318795.543, 98
Trd, 4318795.743, 97
Trd, 4318795.893, 89
Trd, 4318796.343, 78
Trd, 4318797.443, 66
Trd, 4318797.693, 132
Trd, 4318800.593, 133
Trd, 4318800.743, 132
Trd, 4318801.243, 138
Trd, 4318801.593, 122
Trd, 4318802.443, 114
Trd, 4318803.143, 135
Trd, 4318803.693, 114
Trd, 4318804.693, 107
Trd, 4318805.243, 101
Trd, 4318806.643, 98
Trd, 4318806.693, 95
Trd, 4318808.293, 132
Trd, 4318808.443, 118
Trd, 4318809.443, 109
Trd, 4318809.693, 88
Trd, 4318809.943, 125
Trd, 4318811.793, 106
Trd, 4318813.193, 134
Trd, 4318813.343, 120
Trd, 4318814.393, 130
Trd, 4318814.793, 131
Trd, 4318815.593, 130
Trd, 4318816.293, 117
Trd, 4318816.543, 99
Trd, 4318816.643, 95
Trd, 4318818.343, 96
Trd, 4318818.693, 117
Trd, 4318818.993, 68
Trd, 4318819.943, 98
Trd, 4318820.443, 92
Trd, 4318820.593, 115
Trd, 4318820.943, 90
Trd, 4318821.393, 125
Trd, 4318821.693, 82
Trd, 4318823.093, 139
Trd, 4318824.293, 127
Trd, 4318824.643, 133
Trd, 4318824.743, 115
Trd, 4318824.893, 101
Trd, 4318826.993, 104
Trd, 4318827.643, 104
Trd, 4318827.943, 108
Trd, 4318828.193, 103
Trd, 4318828.843, 140
Trd, 4318829.293, 126
Trd, 4318831.693, 117
Trd, 4318831.843, 115
Trd, 4318831.993, 108
Trd, 4318832.243, 109
Trd, 4318832.743, 123
Trd, 4318833.193, 108
Trd, 4318833.843, 136
Trd, 4318834.393, 128
Trd, 4318834.643, 112
Trd, 4318836.543, 67
Trd, 4318837.293, 70
Trd, 4318837.843, 60
Trd, 4318839.243, 128
Trd, 4318839.293, 136
Trd, 4318839.543, 106
Trd, 4318840.043, 75
Trd, 4318840.443, 77
Trd, 4318841.193, 69
Trd, 4318841.243, 80
Trd, 4318841.743, 83
Trd, 4318842.943, 61
Trd, 4318844.393, 76
Trd, 4318844.993, 101
Trd, 4318845.543, 97
Trd, 4318846.293, 95
Trd, 4318847.843, 126
Trd, 4318849.443, 114
Trd, 4318849.643, 105
Trd, 4318850.193, 98
Trd, 4318852.293, 125
Trd, 4318852.893, 134
Trd, 4318852.993, 109
Trd, 4318853.493, 105
Trd, 4318854.243, 126
Trd, 4318854.443, 125
Trd, 4318854.693, 122
Trd, 4318854.993, 120
Trd, 4318855.193, 113
Trd, 4318855.793, 102
Trd, 4318856.743, 101
Trd, 4318857.443, 105
Trd, 4318858.193, 92
Trd, 4318858.743, 88
Trd, 4318859.093, 84
Trd, 4318860.993, 84
Trd, 4318861.043, 102
Trd, 4318861.643, 79
Trd, 4318862.443, 81
Trd, 4318863.043, 70
Trd, 4318863.443, 71
Trd, 4318864.693, 120
Trd, 4318865.043, 113
Trd, 4318865.343, 111
Trd, 4318867.293, 125
Trd, 4318867.593, 113
Trd, 4318867.893, 107
Trd, 4318868.393, 100
Trd, 4318869.243, 106
Trd, 4318869.593, 96
Trd, 4318869.993, 82
Trd, 4318871.793, 128
Trd, 4318872.143, 115
Trd, 4318872.393, 104
Trd, 4318873.293, 104
Trd, 4318875.543, 128
Trd, 4318876.043, 125
Trd, 4318876.093, 93
Trd, 4318876.143, 85
Trd, 4318877.093, 86
Trd, 4318878.893, 112
Trd, 4318879.243, 122
Trd, 4318879.543, 110
Trd, 4318879.843, 106
Trd, 4318880.343, 90
Trd, 4318881.393, 118
Trd, 4318881.643, 113
Trd, 4318881.943, 113
Trd, 4318883.593, 105
Trd, 4318884.293, 119
Trd, 4318884.543, 97
Trd, 4318884.693, 80
Trd, 4318886.393, 120
Trd, 4318886.893, 131
Trd, 4318887.193, 116
Trd, 4318887.243, 103
Trd, 4318889.493, 109
Trd, 4318889.743, 91
Trd, 4318890.293, 87
Trd, 4318892.743, 62
Trd, 4318892.943, 97
Trd, 4318893.193, 105
Trd, 4318893.543, 79
Trd, 4318893.843, 88
Trd, 4318894.293, 75
Trd, 4318896.043, 127
Trd, 4318896.193, 119
Trd, 4318898.943, 126
Trd, 4318898.993, 125
Trd, 4318899.993, 132
Trd, 4318900.243, 114
Trd, 4318900.643, 112
Trd, 4318900.943, 126
Trd, 4318901.693, 115
Trd, 4318902.443, 122
Trd, 4318903.743, 113
Trd, 4318903.993, 113
Trd, 4318907.343, 113
Trd, 4318907.493, 109
Trd, 4318907.643, 108
Trd, 4318907.843, 107
Trd, 4318909.193, 118
Trd, 4318909.493, 105
Trd, 4318910.043, 103
Trd, 4318912.493, 138
Trd, 4318913.243, 135
Trd, 4318914.143, 125
Trd, 4318914.193, 124
Trd, 4318914.493, 138
Trd, 4318914.543, 112
Trd, 4318914.943, 102
Trd, 4318916.443, 67
Trd, 4318917.543, 111
Trd, 4318917.993, 86
Trd, 4318919.893, 89
Trd, 4318921.393, 71
Trd, 4318922.193, 77
Trd, 4318922.543, 60
Trd, 4318923.643, 64
Trd, 4318924.343, 75
Trd, 4318925.893, 116
Trd, 4318926.043, 87
Trd, 4318926.093, 86
Trd, 4318926.743, 98
Trd, 4318926.943, 127
Trd, 4318928.243, 122
Trd, 4318928.493, 112
Trd, 4318929.243, 116
Trd, 4318930.543, 136
Trd, 4318931.543, 112
Trd, 4318931.793, 104
Trd, 4318933.293, 107
Trd, 4318933.493, 102
Trd, 4318933.643, 101
Trd, 4318934.193, 125
Trd, 4318934.943, 129
Trd, 4318935.643, 99
Trd, 4318936.843, 67
Trd, 4318937.843, 140
Trd, 4318938.793, 109
Trd, 4318939.393, 101
Trd, 4318940.143, 104
Trd, 4318940.543, 104
Trd, 4318941.093, 93
Trd, 4318942.593, 95
Trd, 4318943.643, 133
Trd, 4318943.993, 132
Trd, 4318944.293, 112
Trd, 4318944.943, 105
Trd, 4318945.543, 101
Trd, 4318946.393, 112
Trd, 4318946.743, 105
Trd, 4318947.243, 115
Trd, 4318948.093, 130
Trd, 4318948.893, 121
Trd, 4318949.343, 134
Trd, 4318949.393, 112
Trd, 4318949.893, 122
Trd, 4318950.143, 101
Trd, 4318951.693, 114
Trd, 4318951.793, 98
Trd, 4318955.343, 84
Trd, 4318956.493, 96
Trd, 4318957.593, 121
Trd, 4318957.943, 121
Trd, 4318958.293, 113
Trd, 4318958.543, 112
Trd, 4318958.593, 95
Trd, 4318959.093, 111
Trd, 4318959.943, 140
Trd, 4318959.993, 139
Trd, 4318960.393, 125
Trd, 4318961.243, 114
Trd, 4318962.693, 89
Trd, 4318962.993, 110
Trd, 4318963.343, 76
Trd, 4318965.193, 117
Trd, 4318965.893, 114
Trd, 4318966.143, 112
Trd, 4318967.293, 103
Trd, 4318967.343, 126
Trd, 4318968.993, 132
Trd, 4318970.093, 113
Trd, 4318970.443, 109
Trd, 4318970.543, 108
Trd, 4318972.293, 89
Trd, 4318973.443, 76
Trd, 4318973.843, 79
Trd, 4318974.293, 110
Trd, 4318974.343, 77
Trd, 4318974.793, 73
Trd, 4318974.943, 65
Trd, 4318977.993, 128
Trd, 4318978.193, 105
Trd, 4318978.593, 94
Trd, 4318979.393, 115
Trd, 4318980.493, 117
Trd, 4318980.543, 105
Trd, 4318981.293, 107
Trd, 4318982.543, 61
Trd, 4318983.193, 66
Trd, 4318983.643, 67
Trd, 4318983.943, 101
Trd, 4318984.343, 134
Trd, 4318986.043, 111
Trd, 4318987.093, 111
Trd, 4318987.693, 128
Trd, 4318989.943, 132
Trd, 4318991.643, 123
Trd, 4318991.843, 123
Trd, 4318991.993, 118
Trd, 4318993.493, 112
Trd, 4318995.143, 116
Trd, 4318995.593, 109
Trd, 4318995.743, 100
Trd, 4318995.843, 98
Trd, 4318996.243, 89
Trd, 4318997.343, 135
Trd, 4318998.693, 81
Trd, 4318999.993, 87
Trd, 4319000.043, 95
Trd, 4319000.343, 91
Trd, 4319000.893, 130
Trd, 4319000.943, 77
Trd, 4319002.193, 117
Trd, 4319002.243, 101
Trd, 4319002.543, 119
Trd, 4319003.093, 123
Trd, 4319003.943, 100
Trd, 4319004.093, 96
Trd, 4319005.843, 116
Trd, 4319006.693, 101
Trd, 4319007.243, 127
Trd, 4319007.443, 95
Trd, 4319008.693, 96
Trd, 4319010.543, 132
Trd, 4319012.293, 135
Trd, 4319012.443, 134
Trd, 4319012.843, 121
Trd, 4319012.993, 110
Trd, 4319013.593, 124
Trd, 4319014.093, 140
Trd, 4319014.393, 112
Trd, 4319015.593, 106
Trd, 4319015.993, 107
Trd, 4319016.693, 99
Trd, 4319017.243, 89
Trd, 4319017.843, 87
Trd, 4319018.593, 98
Trd, 4319020.543, 140
Trd, 4319021.143, 118
Trd, 4319021.243, 110
Trd, 4319021.643, 107
Trd, 4319022.043, 103
Trd, 4319022.843, 102
Trd, 4319022.943, 100
Trd, 4319025.393, 97
Trd, 4319025.593, 97
Trd, 4319025.693, 96
Trd, 4319027.843, 118
Trd, 4319028.043, 107
Trd, 4319028.593, 83
Trd, 4319028.893, 97
Trd, 4319029.593, 91
Trd, 4319029.893, 109
Trd, 4319030.843, 70
Trd, 4319031.643, 68
Trd, 4319032.393, 100
Trd, 4319032.443, 70
Trd, 4319032.693, 85
Trd, 4319035.793, 89
Trd, 4319037.393, 82
Trd, 4319038.093, 112
Trd, 4319038.443, 104
Trd, 4319039.193, 92
Trd, 4319039.243, 91
Trd, 4319041.643, 101
Trd, 4319041.993, 97
Trd, 4319042.193, 126
Trd, 4319042.993, 115
Trd, 4319044.543, 114
Trd, 4319045.093, 96
Trd, 4319046.593, 118
Trd, 4319047.043, 137
Trd, 4319047.143, 136
Trd, 4319047.293, 116
Trd, 4319047.343, 96
Trd, 4319049.143, 92
Trd, 4319049.893, 71
Trd, 4319050.393, 130
Trd, 4319051.243, 122
Trd, 4319054.093, 126
Trd, 4319055.043, 118
Trd, 4319055.293, 119
Trd, 4319055.643, 111
Trd, 4319056.343, 112
Trd, 4319056.493, 109
Trd, 4319057.793, 87
Trd, 4319058.293, 92
Trd, 4319058.393, 82
Trd, 4319059.643, 70
Trd, 4319060.243, 76
Trd, 4319060.993, 102
Trd, 4319061.893, 72
Trd, 4319062.393, 72
Trd, 4319064.843, 93
Trd, 4319064.993, 91
Trd, 4319065.293, 134
Trd, 4319065.593, 77
Trd, 4319067.243, 113
Trd, 4319067.943, 126
Trd, 4319068.943, 101
Trd, 4319070.193, 130
Trd, 4319071.343, 131
Trd, 4319071.643, 120
Trd, 4319071.743, 112
Trd, 4319071.793, 105
Trd, 4319073.643, 131
Trd, 4319074.793, 117
Trd, 4319074.993, 107
Trd, 4319075.043, 89
Trd, 4319075.593, 138
Trd, 4319078.093, 116
Trd, 4319078.343, 115
Trd, 4319078.593, 111
Trd, 4319078.893, 107
Trd, 4319079.593, 109
Trd, 4319080.293, 124
Trd, 4319080.493, 104
Trd, 4319080.693, 98
Trd, 4319081.593, 136
Trd, 4319082.143, 114
Trd, 4319082.593, 90
Trd, 4319084.493, 79
Trd, 4319084.943, 96
Trd, 4319087.093, 134
Trd, 4319087.943, 130
Trd, 4319088.043, 126
Trd, 4319089.393, 130
Trd, 4319089.693, 110
Trd, 4319089.893, 95
Trd, 4319090.643, 94
Trd, 4319091.093, 82
Trd, 4319091.243, 87
Trd, 4319092.843, 125
Trd, 4319092.893, 116
Trd, 4319093.143, 69
Trd, 4319093.793, 64
Trd, 4319094.193, 72
Trd, 4319095.593, 136
Trd, 4319096.393, 87
Trd, 4319096.793, 116
Trd, 4319097.043, 97
Trd, 4319097.943, 124
Trd, 4319098.193, 118
Trd, 4319098.993, 108
Trd, 4319099.693, 108
Trd, 4319102.193, 130
Trd, 4319102.843, 117
Trd, 4319102.943, 111
Trd, 4319102.993, 108
Trd, 4319103.643, 100
Trd, 4319103.843, 61
Trd, 4319105.143, 62
Trd, 4319105.993, 62
Trd, 4319106.643, 107
Trd, 4319107.093, 64
Trd, 4319108.693, 101
Trd, 4319108.793, 98
Trd, 4319109.993, 107
Trd, 4319111.043, 123
Trd, 4319111.093, 121
Trd, 4319112.593, 124
Trd, 4319112.893, 117
Trd, 4319114.393, 107
Trd, 4319115.193, 94
Trd, 4319115.393, 111
Trd, 4319116.293, 99
Trd, 4319116.643, 98
Trd, 4319117.643, 89
Trd, 4319118.343, 136
Trd, 4319119.793, 98
Trd, 4319120.843, 99
Trd, 4319120.893, 98
Trd, 4319121.093, 90
Trd, 4319121.193, 112
Trd, 4319121.443, 75
Trd, 4319123.293, 63
Trd, 4319124.243, 77
Trd, 4319124.743, 82
Trd, 4319126.093, 68
Trd, 4319127.243, 66
Trd, 4319129.993, 65
Trd, 4319130.443, 64
Trd, 4319131.093, 72
Trd, 4319131.343, 107
Trd, 4319131.943, 114
Trd, 4319132.443, 111
Trd, 4319133.943, 99
Trd, 4319134.043, 98
Trd, 4319134.593, 132
Trd, 4319135.293, 118
Trd, 4319136.143, 108
Trd, 4319136.193, 99
Trd, 4319137.743, 139
Trd, 4319138.593, 126
Trd, 4319139.193, 130
Trd, 4319139.493, 129
Trd, 4319140.443, 108
Trd, 4319140.493, 101
Trd, 4319141.443, 98
Trd, 4319141.493, 94
Trd, 4319141.943, 121
Trd, 4319142.843, 105
Trd, 4319143.043, 93
Trd, 4319143.343, 88
Trd, 4319144.443, 76
Trd, 4319145.093, 83
Trd, 4319145.943, 137
Trd, 4319146.193, 136
Trd, 4319146.693, 111
Trd, 4319147.993, 98
Trd, 4319148.893, 81
Trd, 4319151.193, 78
Trd, 4319151.893, 92
Trd, 4319152.343, 87
Trd, 4319152.543, 76
Trd, 4319153.043, 80
Trd, 4319153.993, 116
Trd, 4319154.243, 91
Trd, 4319156.193, 99
Trd, 4319157.243, 101
Trd, 4319157.643, 99
Trd, 4319158.043, 99
Trd, 4319158.693, 123
Trd, 4319158.743, 99
Trd, 4319158.943, 96
Trd, 4319160.093, 110
Trd, 4319161.293, 102
Trd, 4319161.443, 99
Trd, 4319162.493, 120
Trd, 4319162.693, 82
Trd, 4319163.543, 75
Trd, 4319163.793, 73
Trd, 4319164.693, 76
Trd, 4319165.693, 82
Trd, 4319167.443, 119
Trd, 4319167.843, 107
Trd, 4319168.143, 111
Trd, 4319168.543, 106
Trd, 4319170.593, 124
Trd, 4319171.193, 118
Trd, 4319171.693, 106
Trd, 4319173.343, 136
Trd, 4319174.293, 100
Trd, 4319175.443, 86
Trd, 4319175.793, 105
Trd, 4319176.293, 135
Trd, 4319177.143, 74
Trd, 4319178.493, 114
Trd, 4319179.393, 119
Trd, 4319179.593, 105
Trd, 4319179.693, 104
Trd, 4319181.093, 118
Trd, 4319181.593, 71
Trd, 4319183.243, 75
Trd, 4319183.643, 79
Trd, 4319183.743, 123
Trd, 4319185.143, 100
Trd, 4319185.843, 124
Trd, 4319186.593, 95
Trd, 4319188.393, 99
Trd, 4319188.543, 101
Trd, 4319188.693, 97
Trd, 4319188.893, 94
Trd, 4319189.593, 92
Trd, 4319189.643, 91
Trd, 4319189.743, 90
Trd, 4319191.943, 92
Trd, 4319192.093, 81
Trd, 4319192.943, 87
Trd, 4319193.443, 99
Trd, 4319193.493, 88
Trd, 4319194.893, 135
Trd, 4319195.093, 78
Trd, 4319196.843, 64
Trd, 4319197.193, 85
Trd, 4319198.193, 62
Trd, 4319198.443, 108
Trd, 4319200.243, 70
Trd, 4319200.843, 83
Trd, 4319201.343, 139
Trd, 4319202.293, 139
Trd, 4319202.793, 122
Trd, 4319203.193, 114
Trd, 4319203.593, 105
Trd, 4319203.643, 99
Trd, 4319204.493, 139
Trd, 4319204.593, 128
Trd, 4319207.443, 138
Trd, 4319207.943, 103
Trd, 4319208.893, 114
Trd, 4319210.093, 125
Trd, 4319210.293, 118
Trd, 4319210.493, 108
Trd, 4319210.793, 96
Trd, 4319210.943, 94
Trd, 4319211.393, 126
Trd, 4319212.793, 122
Trd, 4319214.343, 139
Trd, 4319214.443, 126
Trd, 4319214.493, 114
Trd, 4319214.943, 97
Trd, 4319215.343, 87
Trd, 4319216.343, 76
Trd, 4319216.943, 66
Trd, 4319218.993, 71
Trd, 4319219.743, 76
Trd, 4319221.193, 97
Trd, 4319221.393, 96
Trd, 4319221.893, 108
Trd, 4319221.943, 92
Trd, 4319222.793, 77
Trd, 4319223.443, 122
Trd, 4319223.643, 124
Trd, 4319223.793, 110
Trd, 4319225.593, 67
Trd, 4319226.543, 91
Trd, 4319227.493, 72
Trd, 4319227.593, 105
Trd, 4319229.093, 61
Trd, 4319230.043, 64
Trd, 4319230.243, 74
Trd, 4319230.543, 72
Trd, 4319230.693, 126
Trd, 4319231.543, 69
Trd, 4319232.293, 88
Trd, 4319233.543, 86
Trd, 4319234.143, 90
Trd, 4319234.243, 87
Trd, 4319234.593, 137
Trd, 4319234.993, 88
Trd, 4319235.943, 123
Trd, 4319237.493, 89
Trd, 4319238.143, 110
Trd, 4319238.243, 106
Trd, 4319238.593, 106
Trd, 4319238.793, 100
Trd, 4319240.543, 60
Trd, 4319241.043, 72
Trd, 4319242.693, 99
Trd, 4319243.643, 117
Trd, 4319245.043, 115
Trd, 4319245.343, 113
Trd, 4319245.943, 135
Trd, 4319246.393, 110
Trd, 4319246.693, 124
Trd, 4319246.843, 110
Trd, 4319248.043, 119
Trd, 4319249.693, 119
Trd, 4319250.143, 107
Trd, 4319250.393, 108
Trd, 4319250.543, 101
Trd, 4319251.893, 126
Trd, 4319253.093, 88
Trd, 4319253.443, 81
Trd, 4319253.843, 80
Trd, 4319254.693, 86
Trd, 4319254.843, 105
Trd, 4319255.693, 79
Trd, 4319256.593, 111
Trd, 4319256.743, 78
Trd, 4319258.493, 124
Trd, 4319258.593, 103
Trd, 4319260.593, 134
Trd, 4319260.943, 133
Trd, 4319261.343, 131
Trd, 4319261.593, 120
Trd, 4319261.693, 120
Trd, 4319261.843, 119
Trd, 4319263.243, 111
Trd, 4319263.393, 103
Trd, 4319264.893, 92
Trd, 4319266.093, 79
Trd, 4319266.943, 75
Trd, 4319267.243, 67
Trd, 4319268.343, 86
Trd, 4319269.293, 104
Trd, 4319269.493, 85
Trd, 4319269.993, 90
Trd, 4319270.043, 99
Trd, 4319270.693, 109
Trd, 4319271.743, 107
Trd, 4319272.143, 104
Trd, 4319273.593, 87
Trd, 4319275.093, 102
Trd, 4319275.593, 94
Trd, 4319276.043, 93
Trd, 4319276.293, 122
Trd, 4319276.743, 118
Trd, 4319277.893, 97
Trd, 4319278.293, 127
Trd, 4319278.443, 88
Trd, 4319278.843, 88
Trd, 4319279.943, 82
Trd, 4319280.643, 87
Trd, 4319280.793, 86
Trd, 4319282.343, 74
Trd, 4319283.643, 63
Trd, 4319283.843, 98
Trd, 4319284.693, 77
Trd, 4319285.693, 140
Trd, 4319285.843, 99
Trd, 4319287.043, 94
Trd, 4319287.343, 97
Trd, 4319290.143, 77
Trd, 4319290.243, 80
Trd, 4319290.343, 76
Trd, 4319291.443, 89
Trd, 4319291.843, 98
Trd, 4319292.043, 85
Trd, 4319292.343, 135
Trd, 4319292.543, 87
Trd, 4319292.943, 81
Trd, 4319293.293, 82
Trd, 4319293.993, 115
Trd, 4319294.493, 104
Trd, 4319295.643, 108
Trd, 4319296.093, 86
Trd, 4319297.343, 91
Trd, 4319297.493, 83
Trd, 4319299.593, 128
Trd, 4319300.043, 139
Trd, 4319300.343, 127
Trd, 4319300.443, 116
Trd, 4319301.193, 93
Trd, 4319301.343, 83
Trd, 4319302.543, 130
Trd, 4319303.193, 129
Trd, 4319303.743, 64
Trd, 4319304.743, 67
Trd, 4319305.743, 61
Trd, 4319306.043, 113
Trd, 4319306.543, 85
Trd, 4319308.593, 95
Trd, 4319309.493, 94
Trd, 4319309.593, 78
Trd, 4319309.893, 115
Trd, 4319310.643, 128
Trd, 4319310.943, 90
Trd, 4319311.493, 87
Trd, 4319311.993, 80
Trd, 4319312.993, 129
Trd, 4319313.093, 117
Trd, 4319313.893, 129
Trd, 4319313.993, 128
Trd, 4319315.043, 131
Trd, 4319316.693, 133
Trd, 4319316.793, 120
Trd, 4319316.843, 110
Trd, 4319317.293, 122
Trd, 4319318.593, 113
Trd, 4319318.793, 88
Trd, 4319319.493, 91
Trd, 4319320.543, 94
Trd, 4319320.743, 78
Trd, 4319322.443, 114
Trd, 4319324.193, 100
Trd, 4319325.093, 98
Trd, 4319325.393, 99
Trd, 4319326.143, 104
Trd, 4319326.193, 101
Trd, 4319327.743, 122
Trd, 4319327.943, 121
Trd, 4319328.743, 116
Trd, 4319329.443, 105
Trd, 4319330.193, 139
Trd, 4319330.243, 120
Trd, 4319330.893, 107
Trd, 4319331.143, 89
Trd, 4319332.043, 102
Trd, 4319332.243, 115
Trd, 4319335.143, 128
Trd, 4319335.293, 71
Trd, 4319335.343, 66
Trd, 4319335.493, 123
Trd, 4319336.243, 136
Trd, 4319337.143, 137
Trd, 4319337.493, 128
Trd, 4319337.893, 131
Trd, 4319338.843, 121
Trd, 4319339.243, 113
Trd, 4319340.343, 114
Trd, 4319340.693, 96
Trd, 4319341.093, 80
Trd, 4319341.893, 118
Trd, 4319342.543, 89
Trd, 4319343.693, 70
Trd, 4319344.693, 130
Trd, 4319346.093, 128
Trd, 4319346.343, 127
Trd, 4319346.443, 117
Trd, 4319347.093, 137
Trd, 4319347.143, 136
Trd, 4319348.043, 120
Trd, 4319349.143, 97
Trd, 4319349.543, 87
Trd, 4319350.443, 114
Trd, 4319350.893, 103
Trd, 4319351.693, 118
Trd, 4319352.093, 103
Trd, 4319352.343, 127
Trd, 4319354.443, 88
Trd, 4319355.093, 66
Trd, 4319355.893, 105
Trd, 4319356.693, 91
Trd, 4319358.393, 114
Trd, 4319358.443, 105
Trd, 4319358.593, 123
Trd, 4319360.043, 133
Trd, 4319360.193, 97
Trd, 4319361.243, 91
Trd, 4319362.643, 137
Trd, 4319362.893, 128
Trd, 4319363.893, 111
Trd, 4319364.193, 103
Trd, 4319364.643, 96
Trd, 4319366.593, 77
Trd, 4319366.643, 91
Trd, 4319367.343, 88
Trd, 4319367.943, 109
Trd, 4319368.593, 109
Trd, 4319368.643, 102
Trd, 4319369.043, 77
Trd, 4319369.343, 64
Trd, 4319369.743, 81
Trd, 4319370.643, 60
Trd, 4319371.793, 64
Trd, 4319373.493, 81
Trd, 4319373.693, 98
Trd, 4319375.193, 94
Trd, 4319375.493, 93
Trd, 4319376.043, 90
Trd, 4319377.393, 103
Trd, 4319378.543, 98
Trd, 4319378.643, 98
Trd, 4319379.193, 133
Trd, 4319379.593, 76
Trd, 4319380.543, 131
Trd, 4319380.743, 110
Trd, 4319382.193, 101
Trd, 4319384.693, 118
Trd, 4319385.943, 130
Trd, 4319386.243, 113
Trd, 4319386.443, 112
Trd, 4319386.793, 102
Trd, 4319386.993, 102
Trd, 4319387.043, 115
Trd, 4319389.093, 130
Trd, 4319389.943, 117
Trd, 4319392.493, 117
Trd, 4319392.943, 130
Trd, 4319393.043, 100
Trd, 4319393.993, 138
Trd, 4319394.393, 137
Trd, 4319396.843, 124
Trd, 4319396.893, 122
Trd, 4319397.143, 120
Trd, 4319397.593, 111
Trd, 4319397.843, 101
Trd, 4319398.143, 122
Trd, 4319398.793, 119
Trd, 4319400.993, 121
Trd, 4319401.743, 122
Trd, 4319402.143, 120
Trd, 4319402.343, 116
Trd, 4319403.743, 112
Trd, 4319403.893, 111
Trd, 4319404.543, 125
Trd, 4319405.093, 116
Trd, 4319405.293, 123
Trd, 4319405.743, 105
Trd, 4319407.243, 110
Trd, 4319407.793, 70
Trd, 4319408.993, 129
Trd, 4319409.343, 122
Trd, 4319409.843, 136
Trd, 4319409.993, 118
Trd, 4319410.243, 115
Trd, 4319412.343, 61
Trd, 4319412.643, 62
Trd, 4319414.093, 82
Trd, 4319415.343, 101
Trd, 4319415.943, 81
Trd, 4319416.843, 109
Trd, 4319417.793, 123
Trd, 4319418.143, 114
Trd, 4319418.693, 113
Trd, 4319420.493, 138
Trd, 4319420.543, 137
Trd, 4319421.343, 63
Trd, 4319421.743, 60
Trd, 4319422.943, 136
Trd, 4319423.993, 139
Trd, 4319424.293, 123
Trd, 4319424.993, 102
Trd, 4319427.343, 60
Trd, 4319427.643, 61
Trd, 4319428.543, 114
Trd, 4319428.593, 125
Trd, 4319429.543, 109
Trd, 4319429.993, 100
Trd, 4319430.943, 128
Trd, 4319431.843, 88
Trd, 4319432.343, 88
Trd, 4319432.593, 72
Trd, 4319433.693, 60
Trd, 4319434.693, 60
Trd, 4319435.593, 132
Trd, 4319436.693, 132
Trd, 4319437.643, 130
Trd, 4319437.793, 120
Trd, 4319438.093, 138
Trd, 4319438.243, 112
Trd, 4319439.243, 92
Trd, 4319439.343, 69
Trd, 4319441.693, 106
Trd, 4319441.943, 73
Trd, 4319442.793, 72
Trd, 4319442.993, 91
Trd, 4319443.893, 137
Trd, 4319443.993, 136
Trd, 4319444.793, 121
Trd, 4319444.943, 111
Trd, 4319446.543, 135
Trd, 4319446.593, 113
Trd, 4319446.893, 112
Trd, 4319447.143, 110
Trd, 4319447.943, 83
Trd, 4319449.193, 97
Trd, 4319451.093, 99
Trd, 4319452.043, 81
Trd, 4319453.293, 87
Trd, 4319453.543, 116
Trd, 4319454.193, 73
Trd, 4319454.593, 74
Trd, 4319455.993, 132
Trd, 4319456.193, 106
Trd, 4319456.643, 75
Trd, 4319457.493, 78
Trd, 4319458.143, 73
Trd, 4319458.993, 74
Trd, 4319459.743, 67
Trd, 4319460.043, 123
Trd, 4319461.893, 99
Trd, 4319463.493, 140
Trd, 4319463.593, 140
Trd, 4319464.643, 140
Trd, 4319465.293, 126
Trd, 4319465.643, 124
Trd, 4319465.943, 123
Trd, 4319467.393, 128
Trd, 4319468.043, 84
Trd, 4319468.543, 81
Trd, 4319469.643, 139
Trd, 4319470.343, 122
Trd, 4319470.693, 117
Trd, 4319472.943, 140
Trd, 4319473.043, 126
Trd, 4319473.093, 125
Trd, 4319473.793, 104
Trd, 4319474.243, 112
Trd, 4319474.643, 119
Trd, 4319477.043, 123
Trd, 4319478.093, 120
Trd, 4319478.293, 115
Trd, 4319478.843, 113
Trd, 4319479.693, 135
Trd, 4319480.543, 136
Trd, 4319480.993, 134
Trd, 4319482.893, 122
Trd, 4319483.493, 111
Trd, 4319484.493, 129
Trd, 4319485.243, 116
Trd, 4319485.843, 121
Trd, 4319487.693, 124
Trd, 4319489.293, 136
Trd, 4319489.393, 121
Trd, 4319489.493, 114
Trd, 4319490.143, 133
Trd, 4319490.593, 120
Trd, 4319491.593, 133
Trd, 4319492.593, 136
Trd, 4319492.693, 132
Trd, 4319492.993, 131
Trd, 4319493.093, 129
Trd, 4319493.293, 135
Trd, 4319493.443, 112
Trd, 4319495.393, 133
Trd, 4319495.893, 115
Trd, 4319496.893, 91
Trd, 4319499.343, 131
Trd, 4319499.493, 128
Trd, 4319499.643, 117
Trd, 4319500.043, 133
Trd, 4319500.393, 112
Trd, 4319500.643, 100
Trd, 4319502.993, 69
Trd, 4319503.643, 61
Trd, 4319503.943, 87
Trd, 4319504.193, 75
Trd, 4319505.243, 138
Trd, 4319505.543, 138
Trd, 4319505.943, 137
Trd, 4319507.693, 113
Trd, 4319508.243, 112
Trd, 4319509.193, 121
Trd, 4319509.893, 115
Trd, 4319510.693, 131
Trd, 4319510.743, 130
Trd, 4319511.243, 128
Trd, 4319513.043, 127
Trd, 4319513.093, 125
Trd, 4319513.443, 132
Trd, 4319513.893, 131
Trd, 4319513.993, 111
Trd, 4319515.893, 118
Trd, 4319516.093, 115
Trd, 4319516.393, 123
Trd, 4319516.843, 106
Trd, 4319519.243, 115
Trd, 4319519.743, 100
Trd, 4319520.393, 100
Trd, 4319521.043, 102
Trd, 4319522.043, 101
Trd, 4319522.293, 95
Trd, 4319522.443, 93
Trd, 4319524.093, 129
Trd, 4319526.493, 140
Trd, 4319526.693, 139
Trd, 4319526.893, 133
Trd, 4319527.243, 121
Trd, 4319527.643, 125
Trd, 4319528.193, 117
Trd, 4319528.493, 102
Trd, 4319530.193, 76
Trd, 4319530.893, 63
Trd, 4319531.793, 95
Trd, 4319532.193, 89
Trd, 4319532.793, 105
Trd, 4319533.693, 76
Trd, 4319534.143, 99
Trd, 4319535.193, 136
Trd, 4319535.643, 135
Trd, 4319535.743, 134
Trd, 4319536.393, 99
Trd, 4319536.793, 85
Trd, 4319537.493, 80
Trd, 4319538.043, 104
Trd, 4319538.943, 69
Trd, 4319539.693, 90
Trd, 4319540.743, 89
Trd, 4319541.643, 121
Trd, 4319542.143, 108
Trd, 4319543.493, 99
Trd, 4319544.393, 109
Trd, 4319544.543, 86
Trd, 4319545.043, 76
Trd, 4319547.693, 127
Trd, 4319548.543, 130
Trd, 4319549.193, 132
Trd, 4319549.593, 130
Trd, 4319549.993, 132
Trd, 4319550.093, 118
Trd, 4319550.743, 129
Trd, 4319550.893, 127
Trd, 4319551.193, 127
Trd, 4319551.293, 120
Trd, 4319552.893, 80
Trd, 4319554.193, 78
Trd, 4319554.343, 77
Trd, 4319554.693, 132
Trd, 4319555.143, 96
Trd, 4319555.793, 133
Trd, 4319556.693, 140
Trd, 4319557.143, 103
Trd, 4319557.643, 95
Trd, 4319557.993, 89
Trd, 4319559.893, 140
Trd, 4319560.243, 140
Trd, 4319561.043, 124
Trd, 4319561.293, 97
Trd, 4319563.043, 132
Trd, 4319563.593, 133
Trd, 4319564.693, 109
Trd, 4319565.493, 105
Trd, 4319566.243, 100
Trd, 4319566.643, 106
Trd, 4319567.593, 96
Trd, 4319568.793, 120
Trd, 4319569.193, 113
Trd, 4319570.793, 122
Trd, 4319571.343, 120
Trd, 4319571.593, 111
Trd, 4319572.743, 99
Trd, 4319572.993, 98
Trd, 4319573.593, 95
Trd, 4319573.793, 93
Trd, 4319574.043, 87
Trd, 4319575.293, 138
Trd, 4319575.443, 120
Trd, 4319576.193, 110
Trd, 4319576.393, 103
Trd, 4319576.543, 100
Trd, 4319578.043, 117
Trd, 4319578.243, 121
Trd, 4319578.443, 115
Trd, 4319578.993, 126
Trd, 4319579.343, 81
Trd, 4319579.793, 61
Trd, 4319581.443, 63
Trd, 4319582.393, 70
Trd, 4319583.393, 90
Trd, 4319585.193, 107
Trd, 4319585.243, 85
Trd, 4319586.243, 73
Trd, 4319588.143, 131
Trd, 4319588.193, 120
Trd, 4319589.793, 123
Trd, 4319590.843, 138
Trd, 4319591.343, 138
Trd, 4319591.393, 123
Trd, 4319591.693, 104
Trd, 4319592.193, 76
Trd, 4319593.393, 108
Trd, 4319594.393, 105
Trd, 4319595.293, 139
Trd, 4319595.743, 139
Trd, 4319596.443, 123
Trd, 4319596.643, 111
Trd, 4319596.793, 119
Trd, 4319597.093, 127
Trd, 4319597.943, 72
Trd, 4319598.093, 89
Trd, 4319599.643, 67
Trd, 4319600.393, 104
Trd, 4319600.843, 125
Trd, 4319602.393, 92
Trd, 4319602.743, 79
Trd, 4319603.943, 83
Trd, 4319604.493, 110
Trd, 4319604.993, 87
Trd, 4319605.543, 83
Trd, 4319605.693, 111
Trd, 4319607.543, 114
Trd, 4319607.693, 106
Trd, 4319607.893, 105
Trd, 4319609.393, 116
Trd, 4319610.343, 133
Trd, 4319612.443, 129
Trd, 4319612.893, 118
Trd, 4319613.493, 113
Trd, 4319613.643, 112
Trd, 4319614.343, 92
Trd, 4319614.643, 82
Trd, 4319615.693, 119
Trd, 4319616.793, 127
Trd, 4319618.543, 115
Trd, 4319618.643, 114
Trd, 4319619.143, 113
Trd, 4319619.593, 116
Trd, 4319620.093, 98
Trd, 4319620.793, 97
Trd, 4319621.043, 95
Trd, 4319622.743, 133
Trd, 4319623.143, 122
Trd, 4319623.593, 129
Trd, 4319623.993, 121
Trd, 4319624.543, 97
Trd, 4319625.143, 93
Trd, 4319625.293, 129
Trd, 4319626.743, 110
Trd, 4319627.143, 99
Trd, 4319627.593, 128
Trd, 4319629.343, 76
Trd, 4319629.493, 89
Trd, 4319629.793, 85
Trd, 4319631.093, 109
Trd, 4319631.693, 94
Trd, 4319631.943, 87
Trd, 4319632.243, 78
Trd, 4319634.493, 96
Trd, 4319635.693, 91
Trd, 4319635.993, 119
Trd, 4319636.443, 114
Trd, 4319636.793, 115
Trd, 4319638.343, 102
Trd, 4319638.793, 133
Trd, 4319639.143, 87
Trd, 4319639.693, 106
Trd, 4319641.293, 78
Trd, 4319642.043, 140
Trd, 4319642.893, 126
Trd, 4319643.143, 121
Trd, 4319643.343, 107
Trd, 4319643.793, 77
Trd, 4319645.093, 83
Trd, 4319645.193, 76
Trd, 4319645.493, 109
Trd, 4319646.843, 89
Trd, 4319647.543, 83
Trd, 4319647.993, 76
Trd, 4319648.793, 85
Trd, 4319649.893, 79
Trd, 4319650.543, 120
Trd, 4319650.643, 99
Trd, 4319651.043, 87
Trd, 4319651.493, 87
Trd, 4319652.943, 124
Trd, 4319654.493, 125
Trd, 4319654.643, 122
Trd, 4319654.793, 127
Trd, 4319655.243, 130
Trd, 4319655.993, 118
Trd, 4319658.643, 124
Trd, 4319658.693, 119
Trd, 4319659.693, 116
Trd, 4319659.743, 111
Trd, 4319661.243, 118
Trd, 4319661.393, 105
Trd, 4319661.843, 117
Trd, 4319662.243, 90
Trd, 4319662.893, 63
Trd, 4319664.943, 92
Trd, 4319664.993, 91
Trd, 4319666.443, 66
Trd, 4319667.193, 70
Trd, 4319667.243, 73
Trd, 4319667.743, 82
Trd, 4319667.893, 136
Trd, 4319668.243, 106
Trd, 4319669.293, 132
Trd, 4319670.193, 97
Trd, 4319671.243, 83
Trd, 4319672.943, 77
Trd, 4319673.143, 74
Trd, 4319673.743, 82
Trd, 4319673.843, 72
Trd, 4319675.243, 113
Trd, 4319675.593, 116
Trd, 4319675.693, 102
Trd, 4319678.143, 109
Trd, 4319678.243, 103
Trd, 4319678.493, 70
Trd, 4319679.893, 138
Trd, 4319680.393, 138
Trd, 4319681.143, 136
Trd, 4319681.743, 117
Trd, 4319681.893, 113
Trd, 4319683.993, 140
Trd, 4319684.593, 138
Trd, 4319684.793, 133
Trd, 4319685.143, 123
Trd, 4319685.243, 122
Trd, 4319686.743, 123
Trd, 4319687.193, 124
Trd, 4319687.693, 113
Trd, 4319687.993, 111
Trd, 4319689.993, 98
Trd, 4319690.943, 95
Trd, 4319691.193, 80
Trd, 4319691.693, 97
Trd, 4319691.743, 77
Trd, 4319693.143, 108
Trd, 4319693.643, 103
Trd, 4319694.293, 93
Trd, 4319694.893, 132
Trd, 4319695.143, 121
Trd, 4319695.293, 108
Trd, 4319696.443, 101
Trd, 4319697.193, 101
Trd, 4319697.393, 94
Trd, 4319699.293, 115
Trd, 4319700.043, 118
Trd, 4319701.243, 96
Trd, 4319702.793, 60
Trd, 4319702.893, 89
Trd, 4319703.993, 115
Trd, 4319705.393, 109
Trd, 4319705.493, 107
Trd, 4319706.393, 100
Trd, 4319706.743, 112
Trd, 4319706.843, 99
Trd, 4319708.143, 140
Trd, 4319708.243, 128
Trd, 4319708.893, 124
Trd, 4319709.743, 116
Trd, 4319709.843, 119
Trd, 4319710.643, 115
Trd, 4319711.743, 128
Trd, 4319712.743, 128
Trd, 4319712.893, 123
Trd, 4319713.043, 122
Trd, 4319713.993, 117
Trd, 4319714.193, 111
Trd, 4319714.343, 102
Trd, 4319715.793, 134
Trd, 4319717.593, 138
Trd, 4319718.193, 136
Trd, 4319718.243, 108
Trd, 4319719.943, 120
Trd, 4319719.993, 112
Trd, 4319720.543, 119
Trd, 4319721.193, 133
Trd, 4319722.643, 140
Trd, 4319722.793, 139
Trd, 4319723.043, 126
Trd, 4319723.243, 117
Trd, 4319723.893, 115
Trd, 4319724.193, 128
Trd, 4319724.793, 76
Trd, 4319725.893, 70
Trd, 4319725.943, 74
Trd, 4319728.393, 88
Trd, 4319728.593, 78
Trd, 4319728.893, 60
Trd, 4319729.243, 103
Trd, 4319729.643, 91
Trd, 4319730.643, 69
Trd, 4319734.043, 115
Trd, 4319734.493, 127
Trd, 4319735.143, 129
Trd, 4319735.493, 115
Trd, 4319735.593, 115
Trd, 4319736.143, 114
Trd, 4319736.493, 92
Trd, 4319736.543, 77
Trd, 4319737.243, 61
Trd, 4319738.393, 75
Trd, 4319739.443, 114
Trd, 4319739.843, 68
Trd, 4319741.393, 61
Trd, 4319742.093, 67
Trd, 4319742.393, 71
Trd, 4319744.093, 67
Trd, 4319745.043, 73
Trd, 4319745.493, 80
Trd, 4319746.593, 65
Trd, 4319746.643, 97
Trd, 4319747.743, 86
Trd, 4319749.193, 114
Trd, 4319749.343, 113
Trd, 4319749.493, 110
Trd, 4319750.343, 123
Trd, 4319751.543, 105
Trd, 4319751.643, 103
Trd, 4319751.743, 75
Trd, 4319752.293, 76
Trd, 4319752.593, 75
Trd, 4319752.993, 121
Trd, 4319754.143, 80
Trd, 4319754.593, 79
Trd, 4319755.093, 76
Trd, 4319755.143, 88
Trd, 4319755.643, 69
Trd, 4319755.843, 129
Trd, 4319757.743, 133
Trd, 4319757.993, 131
Trd, 4319759.543, 129
Trd, 4319760.293, 137
Trd, 4319760.343, 126
Trd, 4319760.493, 120
Trd, 4319760.843, 111
Trd, 4319761.293, 75
Trd, 4319762.043, 78
Trd, 4319762.093, 73
Trd, 4319764.093, 70
Trd, 4319765.743, 98
Trd, 4319767.443, 113
Trd, 4319767.943, 84
Trd, 4319768.443, 118
Trd, 4319768.743, 79
Trd, 4319769.393, 119
Trd, 4319769.543, 116
Trd, 4319770.393, 80
Trd, 4319770.593, 84
Trd, 4319772.093, 111
Trd, 4319772.393, 108
Trd, 4319773.293, 128
Trd, 4319774.143, 96
Trd, 4319774.393, 82
Trd, 4319776.193, 127
Trd, 4319776.643, 127
Trd, 4319777.193, 126
Trd, 4319779.293, 77
Trd, 4319779.643, 76
Trd, 4319780.043, 80
Trd, 4319780.443, 84
Trd, 4319780.643, 74
Trd, 4319781.593, 69
Trd, 4319781.843, 67
Trd, 4319782.543, 82
Trd, 4319783.043, 129
Trd, 4319784.293, 129
Trd, 4319784.993, 118
Trd, 4319785.593, 125
Trd, 4319785.993, 126
Trd, 4319786.593, 106
Trd, 4319786.843, 99
Trd, 4319788.043, 64
Trd, 4319789.793, 133
Trd, 4319791.293, 126
Trd, 4319791.793, 120
Trd, 4319791.843, 113
Trd, 4319792.543, 140
Trd, 4319792.843, 105
Trd, 4319794.143, 133
Trd, 4319794.243, 121
Trd, 4319794.943, 119
Trd, 4319797.093, 140
Trd, 4319797.343, 125
Trd, 4319797.493, 114
Trd, 4319797.643, 108
Trd, 4319799.593, 101
Trd, 4319799.743, 106
Trd, 4319799.893, 118
Trd, 4319799.993, 93
Trd, 4319801.743, 74
Trd, 4319803.743, 112
Trd, 4319803.943, 104
Trd, 4319804.993, 107
Trd, 4319806.093, 123
Trd, 4319806.793, 128
Trd, 4319806.993, 109
Trd, 4319807.193, 86
Trd, 4319807.443, 83
Trd, 4319807.893, 76
Trd, 4319810.843, 113
Trd, 4319811.043, 112
Trd, 4319811.093, 111
Trd, 4319812.243, 111
Trd, 4319812.793, 90
Trd, 4319812.943, 137
Trd, 4319812.993, 113
Trd, 4319814.143, 84
Trd, 4319815.343, 84
Trd, 4319816.443, 93
Trd, 4319816.593, 92
Trd, 4319817.193, 98
Trd, 4319817.243, 91
Trd, 4319817.793, 124
Trd, 4319818.543, 114
Trd, 4319821.143, 136
Trd, 4319821.493, 122
Trd, 4319822.793, 117
Trd, 4319823.193, 117
Trd, 4319823.393, 92
Trd, 4319823.893, 92
Trd, 4319823.993, 113
Trd, 4319825.593, 91
Trd, 4319826.343, 89
Trd, 4319827.093, 74
Trd, 4319827.543, 71
Trd, 4319827.693, 89
Trd, 4319829.493, 88
Trd, 4319829.593, 78
Trd, 4319831.043, 62
Trd, 4319831.743, 71
Trd, 4319832.393, 98
Trd, 4319832.893, 82
Trd, 4319833.343, 85
Trd, 4319834.993, 133
Trd, 4319835.643, 132
Trd, 4319836.493, 124
Trd, 4319837.193, 123
Trd, 4319839.293, 127
Trd, 4319839.643, 119
Trd, 4319840.643, 101
Trd, 4319841.043, 100
Trd, 4319841.343, 116
Trd, 4319841.893, 122
Trd, 4319842.343, 89
Trd, 4319842.643, 95
Trd, 4319843.693, 94
Trd, 4319843.843, 87
Trd, 4319843.943, 86
Trd, 4319844.643, 136
Trd, 4319845.393, 85
Trd, 4319846.443, 94
Trd, 4319846.893, 77
Trd, 4319847.543, 70
Trd, 4319848.343, 126
Trd, 4319849.143, 68
Trd, 4319849.793, 108
Trd, 4319850.943, 80
Trd, 4319851.043, 77
Trd, 4319852.143, 80
Trd, 4319852.193, 104
Trd, 4319853.443, 79
Trd, 4319853.493, 78
Trd, 4319855.293, 110
Trd, 4319855.543, 109
Trd, 4319855.793, 107
Trd, 4319855.893, 97
Trd, 4319856.543, 128
Trd, 4319857.943, 134
Trd, 4319858.243, 98
Trd, 4319859.143, 123
Trd, 4319859.543, 114
Trd, 4319859.993, 107
Trd, 4319860.143, 87
Trd, 4319861.593, 79
Trd, 4319863.543, 94
Trd, 4319863.793, 91
Trd, 4319864.443, 113
Trd, 4319865.893, 94
Trd, 4319867.043, 94
Trd, 4319867.443, 99
Trd, 4319867.743, 101
Trd, 4319868.093, 87
Trd, 4319868.443, 87
Trd, 4319869.943, 139
Trd, 4319870.493, 125
Trd, 4319871.493, 107
Trd, 4319871.743, 102
Trd, 4319872.993, 124
Trd, 4319873.993, 113
Trd, 4319874.143, 95
Trd, 4319874.193, 83
Trd, 4319875.143, 78
Trd, 4319875.193, 96
Trd, 4319875.893, 78
Trd, 4319876.393, 87
Trd, 4319877.893, 75
Trd, 4319879.043, 60
Trd, 4319879.093, 66
Trd, 4319879.443, 91
Trd, 4319880.343, 97
Trd, 4319881.043, 87
Trd, 4319881.493, 115
Trd, 4319884.043, 113
Trd, 4319884.243, 112
Trd, 4319884.593, 109
Trd, 4319886.143, 62
Trd, 4319886.393, 79
Trd, 4319886.943, 63
Trd, 4319888.393, 64
Trd, 4319890.093, 78
Trd, 4319890.493, 73
Trd, 4319891.543, 116
Trd, 4319891.893, 114
Trd, 4319892.093, 100
Trd, 4319893.193, 101
Trd, 4319893.593, 99
Trd, 4319894.193, 91
Trd, 4319894.943, 96
Trd, 4319896.193, 70
Trd, 4319896.493, 105
Trd, 4319897.793, 107
Trd, 4319898.343, 129
Trd, 4319899.393, 134
Trd, 4319900.193, 123
Trd, 4319900.393, 130
Trd, 4319901.093, 117
Trd, 4319901.243, 110
Trd, 4319902.043, 101
Trd, 4319902.793, 113
Trd, 4319903.043, 93
Trd, 4319903.993, 87
Trd, 4319905.793, 134
Trd, 4319906.443, 116
Trd, 4319906.843, 94
Trd, 4319906.893, 87
Trd, 4319907.493, 91
Trd, 4319908.343, 62
Trd, 4319909.743, 122
Trd, 4319910.093, 121
Trd, 4319910.293, 101
Trd, 4319912.193, 65
Trd, 4319913.193, 66
Trd, 4319913.643, 121
Trd, 4319914.893, 118
Trd, 4319915.343, 109
Trd, 4319916.243, 112
Trd, 4319917.393, 128
Trd, 4319917.493, 95
Trd, 4319918.993, 121
Trd, 4319919.093, 120
Trd, 4319919.293, 114
Trd, 4319919.993, 105
Trd, 4319920.993, 135
Trd, 4319922.093, 111
Trd, 4319922.543, 112
Trd, 4319922.743, 117
Trd, 4319923.443, 135
Trd, 4319924.793, 133
Trd, 4319925.043, 114
Trd, 4319925.993, 110
Trd, 4319927.143, 78
Trd, 4319927.893, 120
Trd, 4319928.393, 73
Trd, 4319928.543, 74
Trd, 4319930.643, 70
Trd, 4319930.943, 69
Trd, 4319931.593, 86
Trd, 4319932.393, 67
Trd, 4319932.943, 89
Trd, 4319934.743, 115
Trd, 4319935.293, 92
Trd, 4319935.543, 90
Trd, 4319936.043, 92
Trd, 4319937.843, 84
Trd, 4319938.093, 112
Trd, 4319938.543, 85
Trd, 4319939.843, 105
Trd, 4319940.743, 131
Trd, 4319940.943, 91
Trd, 4319941.443, 109
Trd, 4319941.793, 90
Trd, 4319941.943, 85
Trd, 4319942.743, 111
Trd, 4319943.243, 61
Trd, 4319943.943, 81
Trd, 4319945.043, 102
Trd, 4319945.093, 94
Trd, 4319945.493, 62
Trd, 4319946.343, 72
Trd, 4319947.443, 98
Trd, 4319948.693, 92
Trd, 4319949.293, 89
Trd, 4319949.543, 92
Trd, 4319949.843, 93
Trd, 4319951.043, 96
Trd, 4319952.393, 102
Trd, 4319953.193, 101
Trd, 4319954.043, 100
Trd, 4319954.593, 110
Trd, 4319955.343, 95
Trd, 4319955.543, 86
Trd, 4319956.493, 80
Trd, 4319957.093, 87
Trd, 4319958.093, 65
Trd, 4319958.693, 73
Trd, 4319959.443, 73
Trd, 4319959.893, 60
Trd, 4319961.043, 86
Trd, 4319961.593, 90
Trd, 4319962.043, 95
Trd, 4319962.943, 79
Trd, 4319964.643, 90
Trd, 4319964.693, 109
Trd, 4319965.243, 79
Trd, 4319965.943, 118
Trd, 4319966.243, 117
Trd, 4319966.493, 103
Trd, 4319967.393, 97
Trd, 4319967.593, 95
Trd, 4319968.243, 96
Trd, 4319968.593, 118
Trd, 4319970.993, 90
Trd, 4319971.243, 93
Trd, 4319972.193, 120
Trd, 4319972.743, 77
Trd, 4319973.893, 80
Trd, 4319975.293, 67
Trd, 4319975.343, 67
Trd, 4319975.493, 66
Trd, 4319975.993, 126
Trd, 4319976.643, 70
Trd, 4319977.393, 99
Trd, 4319978.893, 112
Trd, 4319979.043, 122
Trd, 4319979.793, 99
Trd, 4319981.893, 139
Trd, 4319982.393, 116
Trd, 4319982.793, 105
Trd, 4319983.293, 126
Trd, 4319983.343, 104
Trd, 4319984.343, 111
Trd, 4319985.293, 109
Trd, 4319987.593, 96
Trd, 4319987.843, 90
Trd, 4319988.093, 73
Trd, 4319988.143, 70
Trd, 4319989.843, 117
Trd, 4319990.293, 107
Trd, 4319990.443, 90
Trd, 4319990.493, 87
Trd, 4319991.943, 138
Trd, 4319993.143, 128
Trd, 4319994.493, 130
Trd, 4319994.743, 129
Trd, 4319995.093, 103
Trd, 4319995.593, 96
Trd, 4319996.843, 106
Trd, 4319997.393, 122
Trd, 4319997.993, 95
Trd, 4319999.293, 111
Trd, 4319999.743, 109
