Trd, 4318186.643, 139
Trd, 4318186.693, 138
Trd, 4318186.893, 111
Trd, 4318187.393, 104
Trd, 4318187.743, 109
Trd, 4318188.493, 140
Trd, 4318189.093, 140
Trd, 4318190.193, 140
Trd, 4318190.493, 131
Trd, 4318190.793, 140
Trd, 4318191.193, 121
Trd, 4318192.193, 86
Trd, 4318192.593, 110
Trd, 4318192.843, 76
Trd, 4318194.593, 140
Trd, 4318194.693, 138
Trd, 4318194.793, 117
Trd, 4318195.243, 75
Trd, 4318195.643, 71
Trd, 4318196.943, 140
Trd, 4318198.443, 140
Trd, 4318198.743, 140
Trd, 4318199.043, 125
Trd, 4318199.093, 137
Trd, 4318199.293, 107
Trd, 4318199.593, 140
Trd, 4318200.543, 60
Trd, 4318201.243, 109
Trd, 4318201.793, 138
Trd, 4318203.143, 62
Trd, 4318203.443, 68
Trd, 4318204.293, 60
Trd, 4318205.643, 120
Trd, 4318205.993, 84
Trd, 4318206.043, 108
Trd, 4318206.293, 60
Trd, 4318206.893, 139
Trd, 4318207.193, 125
Trd, 4318208.543, 60
Trd, 4318209.443, 62
Trd, 4318209.793, 87
Trd, 4318211.043, 94
Trd, 4318212.143, 62
Trd, 4318212.343, 124
Trd, 4318214.493, 60
Trd, 4318214.593, 63
Trd, 4318215.043, 68
Trd, 4318215.443, 74
Trd, 4318216.443, 94
Trd, 4318216.693, 85
Trd, 4318216.793, 85
Trd, 4318216.943, 119
Trd, 4318219.093, 60
Trd, 4318219.793, 60
Trd, 4318220.093, 61
Trd, 4318220.443, 70
Trd, 4318220.643, 64
Trd, 4318220.893, 139
Trd, 4318222.043, 63
Trd, 4318222.593, 140
Trd, 4318222.643, 125
Trd, 4318224.443, 61
Trd, 4318224.493, 75
Trd, 4318225.043, 138
Trd, 4318225.443, 139
Trd, 4318227.043, 139
Trd, 4318227.693, 140
Trd, 4318227.893, 138
Trd, 4318227.993, 72
Trd, 4318229.843, 64
Trd, 4318229.893, 68
Trd, 4318230.243, 60
Trd, 4318230.293, 63
Trd, 4318231.443, 140
Trd, 4318231.843, 140
Trd, 4318231.993, 126
Trd, 4318233.043, 140
Trd, 4318233.093, 140
Trd, 4318233.443, 140
Trd, 4318235.043, 97
Trd, 4318235.693, 140
Trd, 4318236.093, 92
Trd, 4318236.493, 140
Trd, 4318237.343, 91
Trd, 4318238.093, 65
Trd, 4318238.293, 90
Trd, 4318239.643, 139
Trd, 4318240.093, 139
Trd, 4318241.143, 140
Trd, 4318241.493, 140
Trd, 4318241.693, 125
Trd, 4318242.443, 80
Trd, 4318243.443, 129
Trd, 4318244.193, 67
Trd, 4318245.293, 63
Trd, 4318246.043, 62
Trd, 4318246.343, 63
Trd, 4318247.343, 68
Trd, 4318247.443, 64
Trd, 4318247.493, 69
Trd, 4318248.343, 73
Trd, 4318248.943, 65
Trd, 4318249.393, 89
Trd, 4318249.643, 76
Trd, 4318250.043, 93
Trd, 4318251.893, 138
Trd, 4318251.993, 136
Trd, 4318252.543, 98
Trd, 4318252.843, 111
Trd, 4318254.493, 140
Trd, 4318254.993, 108
Trd, 4318255.743, 106
Trd, 4318256.243, 83
Trd, 4318256.593, 76
Trd, 4318256.693, 62
Trd, 4318256.743, 92
Trd, 4318258.943, 139
Trd, 4318259.843, 88
Trd, 4318260.143, 140
Trd, 4318260.643, 140
Trd, 4318261.293, 123
Trd, 4318261.493, 140
Trd, 4318262.093, 127
Trd, 4318262.593, 124
Trd, 4318263.193, 140
Trd, 4318263.943, 113
Trd, 4318264.643, 61
Trd, 4318265.243, 140
Trd, 4318265.443, 140
Trd, 4318266.343, 139
Trd, 4318266.843, 140
Trd, 4318267.793, 139
Trd, 4318268.543, 109
Trd, 4318269.643, 64
Trd, 4318270.093, 140
Trd, 4318270.193, 117
Trd, 4318270.493, 108
Trd, 4318270.843, 107
Trd, 4318271.893, 140
Trd, 4318272.943, 135
Trd, 4318273.543, 139
Trd, 4318273.743, 121
Trd, 4318275.293, 140
Trd, 4318275.393, 139
Trd, 4318275.593, 138
Trd, 4318275.693, 116
Trd, 4318275.843, 115
Trd, 4318277.493, 62
Trd, 4318278.043, 89
Trd, 4318278.593, 100
Trd, 4318278.893, 87
Trd, 4318279.043, 88
Trd, 4318279.393, 80
Trd, 4318280.193, 66
Trd, 4318280.843, 106
Trd, 4318283.143, 124
Trd, 4318283.543, 140
Trd, 4318284.293, 138
Trd, 4318284.543, 137
Trd, 4318285.693, 107
Trd, 4318285.793, 66
Trd, 4318286.393, 64
Trd, 4318286.793, 69
Trd, 4318287.493, 139
Trd, 4318288.443, 140
Trd, 4318289.893, 140
Trd, 4318289.943, 139
Trd, 4318290.293, 116
Trd, 4318290.693, 138
Trd, 4318290.843, 115
Trd, 4318290.893, 109
Trd, 4318292.193, 90
Trd, 4318293.043, 138
Trd, 4318293.143, 64
Trd, 4318294.393, 61
Trd, 4318295.143, 72
Trd, 4318295.443, 80
Trd, 4318295.643, 126
Trd, 4318296.693, 60
Trd, 4318296.893, 81
Trd, 4318297.993, 140
Trd, 4318298.043, 68
Trd, 4318298.993, 138
Trd, 4318299.893, 88
Trd, 4318300.443, 71
Trd, 4318300.893, 62
Trd, 4318302.893, 137
Trd, 4318303.143, 137
Trd, 4318303.293, 137
Trd, 4318304.793, 140
Trd, 4318304.843, 140
Trd, 4318305.393, 140
Trd, 4318305.643, 111
Trd, 4318305.993, 136
Trd, 4318306.093, 139
Trd, 4318306.943, 72
Trd, 4318307.643, 80
Trd, 4318308.793, 140
Trd, 4318309.193, 140
Trd, 4318310.693, 140
Trd, 4318310.793, 135
Trd, 4318311.193, 140
Trd, 4318311.343, 111
Trd, 4318312.243, 140
Trd, 4318312.293, 139
Trd, 4318312.643, 98
Trd, 4318313.793, 69
Trd, 4318313.893, 87
Trd, 4318314.943, 62
Trd, 4318315.643, 139
Trd, 4318315.743, 68
Trd, 4318316.093, 61
Trd, 4318316.693, 60
Trd, 4318318.093, 140
Trd, 4318318.293, 140
Trd, 4318318.343, 127
Trd, 4318318.793, 139
Trd, 4318319.243, 140
Trd, 4318319.643, 100
Trd, 4318320.993, 140
Trd, 4318321.343, 63
Trd, 4318322.143, 78
Trd, 4318323.093, 68
Trd, 4318323.343, 67
Trd, 4318323.893, 133
Trd, 4318324.443, 139
Trd, 4318324.593, 87
Trd, 4318324.993, 60
Trd, 4318326.843, 60
Trd, 4318327.543, 72
Trd, 4318327.593, 91
Trd, 4318327.843, 60
Trd, 4318328.243, 127
Trd, 4318328.843, 140
Trd, 4318330.393, 63
Trd, 4318330.693, 74
Trd, 4318331.443, 60
Trd, 4318333.193, 65
Trd, 4318333.593, 76
Trd, 4318333.643, 125
Trd, 4318333.993, 140
Trd, 4318334.393, 96
Trd, 4318334.943, 62
Trd, 4318335.343, 67
Trd, 4318335.943, 60
Trd, 4318336.193, 73
Trd, 4318336.543, 115
Trd, 4318337.193, 138
Trd, 4318337.343, 99
Trd, 4318338.443, 81
Trd, 4318339.193, 99
Trd, 4318340.293, 115
Trd, 4318341.193, 68
Trd, 4318341.343, 66
Trd, 4318341.493, 104
Trd, 4318341.743, 132
Trd, 4318343.493, 140
Trd, 4318343.643, 103
Trd, 4318343.993, 129
Trd, 4318345.493, 112
Trd, 4318345.693, 100
Trd, 4318345.843, 134
Trd, 4318346.293, 137
Trd, 4318346.743, 139
Trd, 4318346.943, 111
Trd, 4318347.493, 133
Trd, 4318347.843, 100
Trd, 4318348.043, 99
Trd, 4318348.193, 70
Trd, 4318348.943, 140
Trd, 4318349.993, 121
Trd, 4318350.393, 62
Trd, 4318351.443, 65
Trd, 4318351.743, 88
Trd, 4318352.843, 65
Trd, 4318353.843, 67
Trd, 4318354.593, 84
Trd, 4318354.893, 71
Trd, 4318355.493, 62
Trd, 4318355.893, 103
Trd, 4318356.143, 84
Trd, 4318356.393, 104
Trd, 4318357.293, 113
Trd, 4318357.393, 84
Trd, 4318357.693, 139
Trd, 4318359.443, 140
Trd, 4318359.643, 139
Trd, 4318359.893, 124
Trd, 4318360.743, 140
Trd, 4318360.793, 100
Trd, 4318361.293, 139
Trd, 4318361.593, 60
Trd, 4318362.243, 61
Trd, 4318362.443, 63
Trd, 4318364.993, 60
Trd, 4318365.493, 60
Trd, 4318366.343, 61
Trd, 4318366.543, 111
Trd, 4318366.893, 140
Trd, 4318368.543, 77
Trd, 4318368.843, 98
Trd, 4318369.393, 71
Trd, 4318370.243, 140
Trd, 4318370.743, 71
Trd, 4318371.293, 118
Trd, 4318371.643, 111
Trd, 4318372.343, 85
Trd, 4318372.493, 107
Trd, 4318372.993, 128
Trd, 4318373.093, 84
Trd, 4318373.843, 138
Trd, 4318373.893, 138
Trd, 4318373.993, 69
Trd, 4318376.443, 140
Trd, 4318376.943, 140
Trd, 4318377.043, 140
Trd, 4318377.143, 81
Trd, 4318377.243, 75
Trd, 4318378.643, 62
Trd, 4318378.893, 88
Trd, 4318379.593, 60
Trd, 4318379.843, 69
Trd, 4318380.293, 97
Trd, 4318381.243, 60
Trd, 4318382.043, 60
Trd, 4318383.193, 94
Trd, 4318384.093, 140
Trd, 4318384.243, 140
Trd, 4318384.643, 136
Trd, 4318385.643, 140
Trd, 4318386.143, 79
Trd, 4318386.943, 72
Trd, 4318388.193, 64
Trd, 4318388.943, 60
Trd, 4318390.543, 61
Trd, 4318391.643, 60
Trd, 4318391.793, 60
Trd, 4318391.993, 139
Trd, 4318392.493, 140
Trd, 4318393.293, 138
Trd, 4318393.393, 104
Trd, 4318393.993, 140
Trd, 4318394.343, 140
Trd, 4318394.643, 140
Trd, 4318396.243, 117
Trd, 4318396.543, 129
Trd, 4318397.293, 139
Trd, 4318397.443, 124
Trd, 4318398.093, 140
Trd, 4318398.543, 139
Trd, 4318398.793, 108
Trd, 4318398.843, 78
Trd, 4318399.693, 80
Trd, 4318400.343, 90
Trd, 4318400.993, 140
Trd, 4318401.843, 67
Trd, 4318403.643, 140
Trd, 4318404.043, 140
Trd, 4318404.093, 138
Trd, 4318405.593, 77
Trd, 4318406.143, 66
Trd, 4318406.343, 67
Trd, 4318406.793, 61
Trd, 4318407.593, 109
Trd, 4318408.893, 67
Trd, 4318409.143, 89
Trd, 4318409.893, 84
Trd, 4318410.893, 140
Trd, 4318411.543, 140
Trd, 4318412.693, 131
Trd, 4318412.843, 71
Trd, 4318413.193, 140
Trd, 4318414.043, 84
Trd, 4318414.243, 103
Trd, 4318415.093, 139
Trd, 4318415.293, 138
Trd, 4318416.593, 61
Trd, 4318417.393, 60
Trd, 4318417.843, 62
Trd, 4318418.543, 140
Trd, 4318419.443, 140
Trd, 4318419.893, 139
Trd, 4318420.693, 120
Trd, 4318420.843, 107
Trd, 4318422.143, 140
Trd, 4318422.193, 140
Trd, 4318422.543, 98
Trd, 4318423.943, 140
Trd, 4318424.243, 60
Trd, 4318424.943, 75
Trd, 4318426.093, 65
Trd, 4318426.943, 65
Trd, 4318427.793, 61
Trd, 4318427.993, 63
Trd, 4318429.243, 64
Trd, 4318429.293, 75
Trd, 4318429.643, 77
Trd, 4318430.593, 98
Trd, 4318431.743, 89
Trd, 4318431.793, 71
Trd, 4318431.993, 94
Trd, 4318432.593, 115
Trd, 4318432.843, 115
Trd, 4318434.493, 64
Trd, 4318435.093, 65
Trd, 4318435.693, 82
Trd, 4318436.043, 138
Trd, 4318436.693, 140
Trd, 4318436.793, 137
Trd, 4318437.893, 138
Trd, 4318438.543, 138
Trd, 4318439.743, 63
Trd, 4318441.293, 63
Trd, 4318441.493, 65
Trd, 4318441.943, 66
Trd, 4318442.243, 61
Trd, 4318442.443, 140
Trd, 4318443.193, 78
Trd, 4318443.643, 140
Trd, 4318444.393, 139
Trd, 4318444.493, 139
Trd, 4318445.893, 135
Trd, 4318445.943, 134
Trd, 4318447.043, 140
Trd, 4318447.543, 139
Trd, 4318449.043, 140
Trd, 4318449.493, 140
Trd, 4318449.543, 138
Trd, 4318450.343, 139
Trd, 4318450.993, 112
Trd, 4318451.593, 140
Trd, 4318451.943, 138
Trd, 4318452.143, 109
Trd, 4318452.643, 139
Trd, 4318452.743, 100
Trd, 4318453.043, 140
Trd, 4318453.543, 140
Trd, 4318454.443, 66
Trd, 4318455.443, 140
Trd, 4318455.593, 126
Trd, 4318456.543, 60
Trd, 4318456.743, 61
Trd, 4318457.193, 60
Trd, 4318457.243, 126
Trd, 4318458.393, 79
Trd, 4318458.643, 103
Trd, 4318460.243, 140
Trd, 4318460.693, 139
Trd, 4318461.743, 138
Trd, 4318462.093, 136
Trd, 4318462.393, 140
Trd, 4318462.693, 116
Trd, 4318464.443, 97
Trd, 4318464.543, 91
Trd, 4318464.693, 68
Trd, 4318466.843, 68
Trd, 4318466.993, 89
Trd, 4318467.043, 106
Trd, 4318467.343, 62
Trd, 4318468.093, 140
Trd, 4318468.143, 128
Trd, 4318468.543, 92
Trd, 4318469.943, 108
Trd, 4318470.893, 64
Trd, 4318472.393, 60
Trd, 4318472.993, 61
Trd, 4318473.293, 60
Trd, 4318474.593, 60
Trd, 4318475.243, 66
Trd, 4318475.343, 82
Trd, 4318475.443, 96
Trd, 4318477.043, 61
Trd, 4318478.493, 61
Trd, 4318478.743, 63
Trd, 4318478.793, 64
Trd, 4318479.843, 117
Trd, 4318480.693, 138
Trd, 4318481.043, 82
Trd, 4318481.893, 114
Trd, 4318482.493, 64
Trd, 4318483.243, 140
Trd, 4318483.543, 139
Trd, 4318484.343, 135
Trd, 4318485.893, 140
Trd, 4318486.793, 140
Trd, 4318487.143, 140
Trd, 4318487.243, 136
Trd, 4318487.543, 118
Trd, 4318487.693, 97
Trd, 4318488.243, 139
Trd, 4318489.243, 140
Trd, 4318489.593, 140
Trd, 4318489.743, 125
Trd, 4318490.043, 100
Trd, 4318491.743, 137
Trd, 4318493.043, 60
Trd, 4318493.593, 69
Trd, 4318493.843, 138
Trd, 4318494.393, 88
Trd, 4318494.543, 140
Trd, 4318495.743, 140
Trd, 4318496.343, 64
Trd, 4318499.043, 66
Trd, 4318499.143, 124
Trd, 4318499.293, 63
Trd, 4318499.543, 140
Trd, 4318500.393, 121
Trd, 4318500.643, 87
Trd, 4318501.193, 117
Trd, 4318502.593, 61
Trd, 4318502.843, 140
Trd, 4318505.093, 84
Trd, 4318505.143, 113
Trd, 4318505.643, 60
Trd, 4318505.793, 93
Trd, 4318506.593, 140
Trd, 4318506.843, 140
Trd, 4318507.293, 126
Trd, 4318507.693, 124
Trd, 4318507.943, 91
Trd, 4318508.693, 140
Trd, 4318509.843, 138
Trd, 4318510.143, 125
Trd, 4318510.493, 140
Trd, 4318510.993, 137
Trd, 4318511.493, 136
Trd, 4318512.543, 140
Trd, 4318513.343, 138
Trd, 4318513.993, 133
Trd, 4318514.243, 132
Trd, 4318515.293, 109
Trd, 4318515.443, 79
Trd, 4318516.093, 65
Trd, 4318516.593, 72
Trd, 4318517.693, 60
Trd, 4318518.043, 62
Trd, 4318519.193, 120
Trd, 4318519.493, 60
Trd, 4318519.693, 104
Trd, 4318521.793, 140
Trd, 4318522.993, 139
Trd, 4318523.293, 140
Trd, 4318523.393, 138
Trd, 4318523.893, 103
Trd, 4318524.393, 137
Trd, 4318524.543, 101
Trd, 4318525.543, 109
Trd, 4318525.793, 91
Trd, 4318526.193, 69
Trd, 4318526.693, 84
Trd, 4318528.093, 139
Trd, 4318528.693, 140
Trd, 4318529.043, 140
Trd, 4318529.443, 140
Trd, 4318530.743, 140
Trd, 4318530.843, 140
Trd, 4318531.993, 104
Trd, 4318532.393, 69
Trd, 4318532.793, 139
Trd, 4318533.743, 124
Trd, 4318534.293, 137
Trd, 4318534.693, 122
Trd, 4318535.093, 64
Trd, 4318535.543, 128
Trd, 4318537.543, 140
Trd, 4318537.893, 140
Trd, 4318538.793, 140
Trd, 4318539.693, 140
Trd, 4318540.543, 101
Trd, 4318541.343, 89
Trd, 4318541.793, 140
Trd, 4318541.993, 136
Trd, 4318542.093, 79
Trd, 4318542.893, 84
Trd, 4318543.043, 139
Trd, 4318544.343, 137
Trd, 4318544.693, 126
Trd, 4318545.043, 138
Trd, 4318545.593, 102
Trd, 4318545.693, 93
Trd, 4318546.343, 108
Trd, 4318547.093, 60
Trd, 4318547.943, 139
Trd, 4318548.843, 139
Trd, 4318549.893, 140
Trd, 4318550.843, 140
Trd, 4318551.193, 113
Trd, 4318551.693, 61
Trd, 4318552.093, 62
Trd, 4318552.243, 64
Trd, 4318552.293, 136
Trd, 4318553.243, 140
Trd, 4318553.393, 62
Trd, 4318554.493, 134
Trd, 4318555.143, 139
Trd, 4318556.243, 95
Trd, 4318556.343, 72
Trd, 4318557.843, 140
Trd, 4318558.243, 138
Trd, 4318559.443, 140
Trd, 4318560.193, 139
Trd, 4318561.343, 137
Trd, 4318562.043, 94
Trd, 4318562.243, 90
Trd, 4318562.393, 99
Trd, 4318563.293, 80
Trd, 4318563.443, 87
Trd, 4318563.643, 77
Trd, 4318564.043, 63
Trd, 4318565.243, 80
Trd, 4318565.793, 92
Trd, 4318566.193, 139
Trd, 4318566.993, 140
Trd, 4318567.243, 124
Trd, 4318567.693, 82
Trd, 4318567.993, 65
Trd, 4318569.043, 97
Trd, 4318569.893, 140
Trd, 4318569.943, 139
Trd, 4318570.043, 79
Trd, 4318570.993, 140
Trd, 4318571.993, 64
Trd, 4318572.243, 119
Trd, 4318572.893, 97
Trd, 4318572.993, 96
Trd, 4318573.793, 140
Trd, 4318574.743, 60
Trd, 4318575.093, 74
Trd, 4318576.493, 60
Trd, 4318576.543, 85
Trd, 4318577.543, 86
Trd, 4318577.843, 75
Trd, 4318578.543, 60
Trd, 4318578.643, 108
Trd, 4318580.793, 93
Trd, 4318581.343, 140
Trd, 4318581.643, 138
Trd, 4318582.293, 124
Trd, 4318582.743, 119
Trd, 4318582.943, 88
Trd, 4318583.393, 120
Trd, 4318583.943, 140
Trd, 4318584.543, 139
Trd, 4318585.343, 140
Trd, 4318585.943, 139
Trd, 4318586.493, 137
Trd, 4318586.643, 140
Trd, 4318587.693, 114
Trd, 4318589.043, 97
Trd, 4318589.343, 96
Trd, 4318589.593, 64
Trd, 4318589.993, 63
Trd, 4318590.743, 139
Trd, 4318591.393, 139
Trd, 4318592.543, 140
Trd, 4318592.593, 124
Trd, 4318592.743, 68
Trd, 4318593.393, 136
Trd, 4318593.843, 91
Trd, 4318595.143, 84
Trd, 4318596.043, 64
Trd, 4318596.943, 70
Trd, 4318597.893, 139
Trd, 4318598.143, 84
Trd, 4318598.743, 94
Trd, 4318599.293, 71
Trd, 4318599.343, 69
Trd, 4318599.443, 65
Trd, 4318600.193, 140
Trd, 4318601.943, 140
Trd, 4318602.293, 124
Trd, 4318602.543, 103
Trd, 4318602.843, 139
Trd, 4318604.143, 140
Trd, 4318605.043, 140
Trd, 4318605.493, 140
Trd, 4318605.993, 140
Trd, 4318606.843, 140
Trd, 4318607.843, 140
Trd, 4318608.243, 110
Trd, 4318608.643, 99
Trd, 4318608.893, 115
Trd, 4318609.793, 140
Trd, 4318609.943, 140
Trd, 4318610.043, 61
Trd, 4318611.193, 136
Trd, 4318611.493, 97
Trd, 4318612.793, 140
Trd, 4318613.243, 139
Trd, 4318614.043, 128
Trd, 4318615.843, 135
Trd, 4318616.043, 109
Trd, 4318616.893, 60
Trd, 4318617.093, 66
Trd, 4318617.243, 88
Trd, 4318617.693, 89
Trd, 4318618.093, 120
Trd, 4318618.543, 140
Trd, 4318620.393, 61
Trd, 4318621.043, 63
Trd, 4318621.843, 72
Trd, 4318622.343, 139
Trd, 4318622.393, 126
Trd, 4318623.993, 64
Trd, 4318624.143, 70
Trd, 4318625.143, 60
Trd, 4318625.193, 80
Trd, 4318625.493, 116
Trd, 4318627.293, 79
Trd, 4318628.543, 115
Trd, 4318628.743, 105
Trd, 4318628.893, 140
Trd, 4318630.543, 115
Trd, 4318630.743, 102
Trd, 4318631.143, 139
Trd, 4318631.193, 89
Trd, 4318631.543, 83
Trd, 4318631.793, 99
Trd, 4318632.343, 140
Trd, 4318633.493, 62
Trd, 4318633.693, 68
Trd, 4318634.643, 68
Trd, 4318634.993, 140
Trd, 4318635.293, 125
Trd, 4318636.693, 140
Trd, 4318637.043, 116
Trd, 4318637.193, 114
Trd, 4318638.343, 140
Trd, 4318638.543, 138
Trd, 4318638.993, 79
Trd, 4318640.093, 60
Trd, 4318640.543, 66
Trd, 4318640.593, 107
Trd, 4318641.043, 67
Trd, 4318641.293, 88
Trd, 4318642.893, 137
Trd, 4318643.793, 139
Trd, 4318644.143, 93
Trd, 4318644.343, 87
Trd, 4318645.593, 63
Trd, 4318646.343, 65
Trd, 4318646.793, 61
Trd, 4318647.193, 68
Trd, 4318648.143, 116
Trd, 4318649.293, 140
Trd, 4318649.643, 140
Trd, 4318649.793, 139
Trd, 4318650.643, 139
Trd, 4318650.993, 102
Trd, 4318652.043, 140
Trd, 4318652.393, 117
Trd, 4318652.993, 62
Trd, 4318653.793, 67
Trd, 4318654.843, 62
Trd, 4318656.043, 130
Trd, 4318656.593, 139
Trd, 4318657.343, 123
Trd, 4318657.993, 62
Trd, 4318658.543, 139
Trd, 4318658.693, 67
Trd, 4318659.293, 136
Trd, 4318659.743, 122
Trd, 4318659.843, 84
Trd, 4318660.993, 133
Trd, 4318661.093, 117
Trd, 4318661.593, 140
Trd, 4318662.043, 140
Trd, 4318662.593, 140
Trd, 4318662.743, 97
Trd, 4318663.843, 140
Trd, 4318664.893, 140
Trd, 4318665.443, 140
Trd, 4318665.843, 140
Trd, 4318665.893, 124
Trd, 4318667.593, 105
Trd, 4318667.943, 87
Trd, 4318668.243, 137
Trd, 4318669.443, 132
Trd, 4318669.793, 122
Trd, 4318669.943, 112
Trd, 4318670.493, 68
Trd, 4318672.443, 140
Trd, 4318672.593, 136
Trd, 4318674.643, 140
Trd, 4318674.793, 140
Trd, 4318675.343, 139
Trd, 4318676.043, 137
Trd, 4318676.243, 103
Trd, 4318676.443, 92
Trd, 4318676.593, 61
Trd, 4318677.243, 91
Trd, 4318679.143, 60
Trd, 4318679.193, 63
Trd, 4318679.643, 68
Trd, 4318679.893, 65
Trd, 4318680.743, 65
Trd, 4318681.193, 72
Trd, 4318681.343, 66
Trd, 4318682.143, 65
Trd, 4318684.793, 70
Trd, 4318684.993, 69
Trd, 4318685.393, 64
Trd, 4318685.793, 65
Trd, 4318686.243, 65
Trd, 4318686.493, 73
Trd, 4318688.193, 92
Trd, 4318688.243, 102
Trd, 4318689.243, 124
Trd, 4318689.643, 140
Trd, 4318690.143, 139
Trd, 4318690.593, 122
Trd, 4318691.843, 140
Trd, 4318691.993, 140
Trd, 4318692.393, 61
Trd, 4318693.793, 66
Trd, 4318694.193, 65
Trd, 4318695.093, 64
Trd, 4318695.393, 69
Trd, 4318696.193, 73
Trd, 4318697.243, 140
Trd, 4318698.143, 139
Trd, 4318698.293, 128
Trd, 4318698.693, 124
Trd, 4318700.443, 139
Trd, 4318700.493, 139
Trd, 4318700.643, 137
Trd, 4318701.693, 64
Trd, 4318703.193, 79
Trd, 4318704.393, 140
Trd, 4318704.543, 64
Trd, 4318704.793, 71
Trd, 4318705.543, 68
Trd, 4318706.943, 104
Trd, 4318707.193, 94
Trd, 4318707.693, 133
Trd, 4318707.943, 131
Trd, 4318708.993, 92
Trd, 4318709.193, 104
Trd, 4318710.193, 140
Trd, 4318710.493, 140
Trd, 4318711.743, 140
Trd, 4318711.893, 124
Trd, 4318712.043, 138
Trd, 4318712.443, 100
Trd, 4318713.193, 64
Trd, 4318714.043, 68
Trd, 4318714.243, 90
Trd, 4318714.893, 107
Trd, 4318715.343, 61
Trd, 4318716.243, 72
Trd, 4318717.143, 77
Trd, 4318717.493, 63
Trd, 4318717.943, 64
Trd, 4318718.893, 139
Trd, 4318719.293, 107
Trd, 4318719.443, 102
Trd, 4318720.893, 140
Trd, 4318721.043, 136
Trd, 4318722.093, 60
Trd, 4318722.443, 71
Trd, 4318722.593, 62
Trd, 4318722.793, 131
Trd, 4318724.493, 66
Trd, 4318725.543, 61
Trd, 4318726.143, 80
Trd, 4318726.693, 70
Trd, 4318726.943, 69
Trd, 4318727.293, 139
Trd, 4318728.893, 65
Trd, 4318728.993, 91
Trd, 4318729.293, 62
Trd, 4318729.643, 139
Trd, 4318730.493, 140
Trd, 4318731.143, 139
Trd, 4318732.843, 140
Trd, 4318734.443, 60
Trd, 4318734.693, 62
Trd, 4318734.743, 71
Trd, 4318735.743, 140
Trd, 4318735.893, 140
Trd, 4318736.193, 123
Trd, 4318736.443, 117
Trd, 4318736.993, 110
Trd, 4318738.343, 61
Trd, 4318738.943, 140
Trd, 4318739.443, 140
Trd, 4318740.793, 140
Trd, 4318740.943, 132
Trd, 4318741.793, 140
Trd, 4318741.993, 124
Trd, 4318743.343, 140
Trd, 4318743.593, 140
Trd, 4318743.793, 139
Trd, 4318744.393, 116
Trd, 4318745.193, 139
Trd, 4318745.393, 99
Trd, 4318745.693, 140
Trd, 4318746.343, 105
Trd, 4318747.143, 140
Trd, 4318747.793, 138
Trd, 4318748.743, 135
Trd, 4318749.243, 140
Trd, 4318749.493, 134
Trd, 4318751.243, 139
Trd, 4318751.293, 136
Trd, 4318752.793, 140
Trd, 4318752.943, 139
Trd, 4318754.493, 140
Trd, 4318754.793, 140
Trd, 4318755.093, 106
Trd, 4318755.143, 80
Trd, 4318756.543, 110
Trd, 4318757.493, 60
Trd, 4318758.193, 103
Trd, 4318758.693, 133
Trd, 4318758.843, 66
Trd, 4318760.243, 63
Trd, 4318760.693, 63
Trd, 4318760.743, 96
Trd, 4318762.293, 140
Trd, 4318762.343, 140
Trd, 4318763.493, 138
Trd, 4318763.593, 140
Trd, 4318764.243, 125
Trd, 4318764.943, 125
Trd, 4318765.143, 124
Trd, 4318765.443, 105
Trd, 4318765.643, 96
Trd, 4318766.793, 140
Trd, 4318768.743, 60
Trd, 4318769.043, 60
Trd, 4318769.093, 60
Trd, 4318770.443, 64
Trd, 4318771.593, 128
Trd, 4318772.143, 67
Trd, 4318773.243, 60
Trd, 4318773.393, 60
Trd, 4318773.593, 73
Trd, 4318774.293, 63
Trd, 4318774.493, 64
Trd, 4318774.893, 68
Trd, 4318775.843, 63
Trd, 4318776.843, 68
Trd, 4318777.293, 65
Trd, 4318778.143, 60
Trd, 4318779.243, 64
Trd, 4318779.693, 74
Trd, 4318780.493, 78
Trd, 4318780.643, 94
Trd, 4318781.793, 66
Trd, 4318781.993, 69
Trd, 4318782.543, 60
Trd, 4318783.543, 60
Trd, 4318785.243, 60
Trd, 4318785.593, 62
Trd, 4318786.143, 73
Trd, 4318787.143, 64
Trd, 4318787.943, 60
Trd, 4318788.043, 68
Trd, 4318789.143, 64
Trd, 4318789.843, 64
Trd, 4318790.343, 65
Trd, 4318790.593, 68
Trd, 4318790.643, 69
Trd, 4318792.543, 71
Trd, 4318792.743, 64
Trd, 4318792.843, 68
Trd, 4318793.443, 66
Trd, 4318793.593, 118
Trd, 4318794.143, 140
Trd, 4318795.993, 60
Trd, 4318796.043, 62
Trd, 4318797.343, 66
Trd, 4318798.043, 66
Trd, 4318798.243, 79
Trd, 4318799.293, 64
Trd, 4318799.643, 134
Trd, 4318800.443, 65
Trd, 4318800.843, 117
Trd, 4318801.893, 60
Trd, 4318802.243, 68
Trd, 4318802.843, 61
Trd, 4318803.493, 71
Trd, 4318803.693, 60
Trd, 4318804.043, 72
Trd, 4318804.293, 76
Trd, 4318804.443, 98
Trd, 4318806.043, 105
Trd, 4318807.693, 61
Trd, 4318808.093, 60
Trd, 4318808.243, 66
Trd, 4318808.943, 65
Trd, 4318810.093, 94
Trd, 4318810.993, 93
Trd, 4318811.393, 101
Trd, 4318811.543, 65
Trd, 4318812.693, 70
Trd, 4318812.743, 110
Trd, 4318814.393, 71
Trd, 4318814.493, 76
Trd, 4318815.243, 112
Trd, 4318816.043, 139
Trd, 4318816.593, 83
Trd, 4318817.393, 64
Trd, 4318817.443, 96
Trd, 4318819.443, 61
Trd, 4318819.793, 140
Trd, 4318820.143, 104
Trd, 4318821.893, 61
Trd, 4318824.243, 62
Trd, 4318824.443, 81
Trd, 4318824.893, 60
Trd, 4318825.143, 61
Trd, 4318825.443, 116
Trd, 4318826.493, 73
Trd, 4318826.643, 92
Trd, 4318827.043, 139
Trd, 4318828.743, 65
Trd, 4318829.093, 92
Trd, 4318829.393, 63
Trd, 4318830.193, 70
Trd, 4318830.493, 138
Trd, 4318831.993, 64
Trd, 4318832.043, 97
Trd, 4318833.143, 138
Trd, 4318833.393, 120
Trd, 4318835.193, 111
Trd, 4318835.393, 91
Trd, 4318836.393, 126
Trd, 4318836.643, 116
Trd, 4318836.693, 115
Trd, 4318837.093, 94
Trd, 4318838.243, 64
Trd, 4318839.243, 140
Trd, 4318839.443, 140
Trd, 4318839.793, 139
Trd, 4318840.743, 136
Trd, 4318841.393, 116
Trd, 4318841.543, 99
Trd, 4318842.643, 138
Trd, 4318843.093, 140
Trd, 4318843.593, 81
Trd, 4318843.693, 80
Trd, 4318843.893, 75
Trd, 4318844.793, 140
Trd, 4318845.893, 76
Trd, 4318846.793, 115
Trd, 4318847.493, 140
Trd, 4318848.593, 138
Trd, 4318849.193, 138
Trd, 4318850.793, 140
Trd, 4318851.043, 140
Trd, 4318851.443, 71
Trd, 4318851.743, 66
Trd, 4318852.793, 140
Trd, 4318852.843, 138
Trd, 4318853.043, 124
Trd, 4318853.793, 140
Trd, 4318855.743, 140
Trd, 4318856.093, 140
Trd, 4318856.243, 140
Trd, 4318856.993, 140
Trd, 4318857.893, 140
Trd, 4318858.393, 140
Trd, 4318858.543, 128
Trd, 4318859.343, 102
Trd, 4318860.393, 139
Trd, 4318860.493, 139
Trd, 4318860.593, 114
Trd, 4318861.293, 140
Trd, 4318861.793, 93
Trd, 4318862.243, 60
Trd, 4318863.443, 65
Trd, 4318863.643, 95
Trd, 4318865.093, 124
Trd, 4318865.243, 86
Trd, 4318866.343, 140
Trd, 4318866.543, 140
Trd, 4318866.893, 140
Trd, 4318867.643, 137
Trd, 4318867.693, 116
Trd, 4318868.943, 73
Trd, 4318870.043, 131
Trd, 4318870.343, 111
Trd, 4318871.243, 78
Trd, 4318871.293, 73
Trd, 4318871.393, 103
Trd, 4318871.643, 138
Trd, 4318872.843, 62
Trd, 4318873.643, 138
Trd, 4318874.343, 138
Trd, 4318874.643, 140
Trd, 4318876.143, 61
Trd, 4318876.793, 86
Trd, 4318877.543, 140
Trd, 4318877.643, 125
Trd, 4318878.143, 140
Trd, 4318878.193, 127
Trd, 4318879.293, 140
Trd, 4318879.343, 139
Trd, 4318881.543, 140
Trd, 4318882.043, 140
Trd, 4318882.343, 140
Trd, 4318882.443, 140
Trd, 4318882.543, 140
Trd, 4318883.443, 127
Trd, 4318884.343, 140
Trd, 4318884.543, 138
Trd, 4318886.093, 137
Trd, 4318886.293, 110
Trd, 4318886.393, 110
Trd, 4318888.143, 140
Trd, 4318888.443, 139
Trd, 4318888.543, 120
Trd, 4318888.893, 73
Trd, 4318888.993, 72
Trd, 4318890.443, 140
Trd, 4318891.093, 140
Trd, 4318891.193, 138
Trd, 4318892.043, 126
Trd, 4318892.743, 102
Trd, 4318893.193, 129
Trd, 4318893.693, 80
Trd, 4318894.643, 76
Trd, 4318895.543, 68
Trd, 4318895.943, 65
Trd, 4318896.043, 108
Trd, 4318896.643, 67
Trd, 4318897.143, 127
Trd, 4318898.093, 66
Trd, 4318898.443, 110
Trd, 4318899.843, 68
Trd, 4318899.943, 67
Trd, 4318900.693, 61
Trd, 4318900.993, 70
Trd, 4318901.543, 66
Trd, 4318901.743, 90
Trd, 4318903.593, 62
Trd, 4318903.743, 131
Trd, 4318904.693, 140
Trd, 4318905.143, 140
Trd, 4318905.243, 124
Trd, 4318905.843, 140
Trd, 4318908.193, 140
Trd, 4318908.493, 139
Trd, 4318909.243, 140
Trd, 4318909.793, 139
Trd, 4318909.943, 126
Trd, 4318910.243, 123
Trd, 4318910.393, 70
Trd, 4318911.193, 81
Trd, 4318911.643, 66
Trd, 4318912.043, 72
Trd, 4318913.143, 66
Trd, 4318914.693, 139
Trd, 4318914.843, 138
Trd, 4318915.343, 95
Trd, 4318915.393, 91
Trd, 4318915.593, 98
Trd, 4318917.693, 140
Trd, 4318918.143, 133
Trd, 4318918.343, 125
Trd, 4318919.443, 63
Trd, 4318920.593, 133
Trd, 4318920.893, 88
Trd, 4318921.793, 66
Trd, 4318921.993, 67
Trd, 4318923.143, 60
Trd, 4318923.543, 60
Trd, 4318923.793, 80
Trd, 4318924.443, 140
Trd, 4318925.443, 62
Trd, 4318925.993, 140
Trd, 4318926.043, 139
Trd, 4318926.793, 140
Trd, 4318926.993, 123
Trd, 4318927.643, 133
Trd, 4318928.943, 67
Trd, 4318929.593, 64
Trd, 4318929.843, 69
Trd, 4318930.143, 66
Trd, 4318930.743, 94
Trd, 4318930.993, 114
Trd, 4318931.293, 140
Trd, 4318932.193, 131
Trd, 4318932.493, 140
Trd, 4318933.993, 62
Trd, 4318934.543, 64
Trd, 4318935.143, 64
Trd, 4318936.043, 60
Trd, 4318936.143, 60
Trd, 4318936.243, 114
Trd, 4318936.793, 64
Trd, 4318936.893, 129
Trd, 4318937.743, 104
Trd, 4318938.593, 70
Trd, 4318939.793, 140
Trd, 4318940.093, 124
Trd, 4318940.793, 114
Trd, 4318941.293, 139
Trd, 4318942.193, 138
Trd, 4318943.493, 128
Trd, 4318943.893, 136
Trd, 4318945.043, 140
Trd, 4318946.043, 140
Trd, 4318946.093, 140
Trd, 4318946.943, 140
Trd, 4318947.643, 140
Trd, 4318947.843, 131
Trd, 4318948.393, 113
Trd, 4318948.443, 98
Trd, 4318948.793, 89
Trd, 4318949.493, 61
Trd, 4318949.843, 60
Trd, 4318950.693, 138
Trd, 4318951.843, 70
Trd, 4318952.293, 100
Trd, 4318952.443, 61
Trd, 4318954.443, 60
Trd, 4318954.643, 60
Trd, 4318955.143, 61
Trd, 4318956.093, 100
Trd, 4318957.693, 132
Trd, 4318958.093, 95
Trd, 4318958.243, 96
Trd, 4318959.093, 140
Trd, 4318959.793, 139
Trd, 4318959.993, 86
Trd, 4318960.743, 65
Trd, 4318961.643, 66
Trd, 4318962.193, 65
Trd, 4318962.893, 139
Trd, 4318963.143, 60
Trd, 4318963.693, 65
Trd, 4318964.043, 119
Trd, 4318965.193, 132
Trd, 4318965.343, 118
Trd, 4318966.593, 139
Trd, 4318966.993, 118
Trd, 4318967.193, 98
Trd, 4318967.993, 74
Trd, 4318968.943, 140
Trd, 4318969.143, 140
Trd, 4318969.393, 138
Trd, 4318970.443, 140
Trd, 4318970.993, 124
Trd, 4318972.043, 139
Trd, 4318972.143, 100
Trd, 4318972.643, 91
Trd, 4318973.093, 140
Trd, 4318973.343, 140
Trd, 4318973.893, 64
Trd, 4318974.993, 90
Trd, 4318976.043, 140
Trd, 4318977.293, 140
Trd, 4318977.393, 140
Trd, 4318978.093, 138
Trd, 4318978.943, 140
Trd, 4318979.043, 125
Trd, 4318979.243, 121
Trd, 4318980.493, 139
Trd, 4318981.143, 139
Trd, 4318981.343, 108
Trd, 4318981.543, 104
Trd, 4318982.643, 65
Trd, 4318984.193, 60
Trd, 4318984.293, 73
Trd, 4318984.843, 140
Trd, 4318985.243, 122
Trd, 4318985.893, 140
Trd, 4318986.043, 139
Trd, 4318986.343, 109
Trd, 4318987.043, 65
Trd, 4318988.843, 135
Trd, 4318988.943, 136
Trd, 4318989.043, 139
Trd, 4318989.993, 140
Trd, 4318990.193, 139
Trd, 4318990.393, 140
Trd, 4318991.743, 75
Trd, 4318991.793, 94
Trd, 4318992.993, 139
Trd, 4318993.943, 139
Trd, 4318994.993, 140
Trd, 4318995.493, 140
Trd, 4318995.593, 131
Trd, 4318995.843, 124
Trd, 4318996.343, 138
Trd, 4318997.943, 60
Trd, 4318999.093, 139
Trd, 4318999.793, 140
Trd, 4319000.543, 140
Trd, 4319000.743, 140
Trd, 4319001.243, 125
Trd, 4319001.343, 124
Trd, 4319001.593, 112
Trd, 4319003.843, 140
Trd, 4319004.693, 140
Trd, 4319004.843, 140
Trd, 4319004.893, 139
Trd, 4319004.943, 137
Trd, 4319006.843, 139
Trd, 4319007.093, 88
Trd, 4319007.443, 80
Trd, 4319008.443, 139
Trd, 4319008.593, 138
Trd, 4319008.793, 137
Trd, 4319009.043, 125
Trd, 4319009.293, 90
Trd, 4319009.793, 61
Trd, 4319011.193, 140
Trd, 4319011.343, 140
Trd, 4319012.293, 68
Trd, 4319012.993, 62
Trd, 4319013.793, 86
Trd, 4319015.493, 140
Trd, 4319016.043, 139
Trd, 4319017.393, 140
Trd, 4319018.493, 140
Trd, 4319018.943, 140
Trd, 4319019.193, 140
Trd, 4319020.443, 138
Trd, 4319020.743, 140
Trd, 4319021.143, 139
Trd, 4319021.493, 74
Trd, 4319021.843, 84
Trd, 4319023.143, 85
Trd, 4319023.643, 89
Trd, 4319024.743, 72
Trd, 4319025.043, 105
Trd, 4319025.193, 98
Trd, 4319025.543, 76
Trd, 4319025.693, 60
Trd, 4319025.943, 91
Trd, 4319026.893, 139
Trd, 4319028.193, 65
Trd, 4319028.893, 60
Trd, 4319029.143, 67
Trd, 4319029.593, 68
Trd, 4319030.243, 73
Trd, 4319030.543, 61
Trd, 4319031.743, 73
Trd, 4319032.893, 62
Trd, 4319032.993, 84
Trd, 4319033.593, 82
Trd, 4319034.893, 62
Trd, 4319034.943, 71
Trd, 4319035.443, 76
Trd, 4319035.643, 101
Trd, 4319036.893, 74
Trd, 4319037.093, 62
Trd, 4319038.043, 132
Trd, 4319038.243, 139
Trd, 4319039.443, 62
Trd, 4319041.293, 61
Trd, 4319041.693, 81
Trd, 4319042.343, 63
Trd, 4319042.593, 69
Trd, 4319042.893, 120
Trd, 4319043.393, 97
Trd, 4319043.443, 63
Trd, 4319044.443, 69
Trd, 4319045.493, 105
Trd, 4319045.593, 83
Trd, 4319046.043, 138
Trd, 4319046.543, 60
Trd, 4319047.243, 86
Trd, 4319047.393, 61
Trd, 4319048.493, 140
Trd, 4319048.993, 136
Trd, 4319049.143, 99
Trd, 4319049.543, 60
Trd, 4319051.993, 79
Trd, 4319052.443, 76
Trd, 4319052.543, 72
Trd, 4319052.843, 103
Trd, 4319052.943, 64
Trd, 4319054.843, 140
Trd, 4319054.993, 138
Trd, 4319055.593, 133
Trd, 4319055.993, 139
Trd, 4319056.993, 115
Trd, 4319057.343, 130
Trd, 4319057.693, 92
Trd, 4319059.343, 140
Trd, 4319059.643, 136
Trd, 4319059.893, 123
Trd, 4319060.043, 101
Trd, 4319061.093, 102
Trd, 4319062.293, 67
Trd, 4319062.743, 139
Trd, 4319062.993, 139
Trd, 4319063.743, 72
Trd, 4319064.693, 139
Trd, 4319064.843, 111
Trd, 4319064.993, 73
Trd, 4319066.543, 140
Trd, 4319067.593, 138
Trd, 4319068.993, 140
Trd, 4319069.043, 140
Trd, 4319069.193, 139
Trd, 4319069.743, 118
Trd, 4319070.043, 108
Trd, 4319070.843, 140
Trd, 4319071.493, 140
Trd, 4319072.293, 140
Trd, 4319072.743, 77
Trd, 4319073.893, 139
Trd, 4319075.893, 140
Trd, 4319075.943, 137
Trd, 4319076.093, 94
Trd, 4319076.343, 140
Trd, 4319076.693, 64
Trd, 4319076.893, 92
Trd, 4319077.443, 87
Trd, 4319078.343, 85
Trd, 4319078.593, 85
Trd, 4319080.143, 136
Trd, 4319080.393, 139
Trd, 4319081.043, 140
Trd, 4319082.343, 130
Trd, 4319082.443, 116
Trd, 4319082.893, 91
Trd, 4319083.743, 139
Trd, 4319084.093, 98
Trd, 4319084.343, 92
Trd, 4319085.243, 91
Trd, 4319085.593, 136
Trd, 4319085.943, 108
Trd, 4319086.943, 140
Trd, 4319087.993, 139
Trd, 4319088.243, 139
Trd, 4319088.443, 124
Trd, 4319089.243, 140
Trd, 4319089.393, 126
Trd, 4319089.493, 97
Trd, 4319089.993, 63
Trd, 4319090.993, 61
Trd, 4319091.293, 140
Trd, 4319092.243, 139
Trd, 4319092.593, 99
Trd, 4319093.593, 140
Trd, 4319094.293, 112
Trd, 4319095.593, 60
Trd, 4319097.393, 60
Trd, 4319097.893, 62
Trd, 4319098.143, 63
Trd, 4319098.493, 60
Trd, 4319098.593, 69
Trd, 4319099.493, 78
Trd, 4319099.543, 62
Trd, 4319099.593, 92
Trd, 4319100.993, 66
Trd, 4319101.393, 70
Trd, 4319101.593, 67
Trd, 4319101.843, 64
Trd, 4319103.293, 76
Trd, 4319105.243, 61
Trd, 4319105.543, 61
Trd, 4319106.393, 89
Trd, 4319106.743, 80
Trd, 4319106.843, 112
Trd, 4319107.543, 140
Trd, 4319107.993, 140
Trd, 4319108.243, 140
Trd, 4319109.043, 138
Trd, 4319109.143, 123
Trd, 4319109.293, 99
Trd, 4319110.043, 60
Trd, 4319110.143, 72
Trd, 4319111.043, 133
Trd, 4319111.343, 132
Trd, 4319112.093, 140
Trd, 4319112.893, 140
Trd, 4319112.943, 125
Trd, 4319113.793, 61
Trd, 4319114.693, 60
Trd, 4319114.793, 65
Trd, 4319115.193, 96
Trd, 4319115.793, 140
Trd, 4319116.843, 123
Trd, 4319118.343, 68
Trd, 4319118.793, 60
Trd, 4319120.043, 90
Trd, 4319120.193, 121
Trd, 4319121.043, 140
Trd, 4319121.093, 140
Trd, 4319121.593, 124
Trd, 4319121.843, 124
Trd, 4319122.243, 140
Trd, 4319122.343, 139
Trd, 4319122.543, 104
Trd, 4319123.993, 140
Trd, 4319124.543, 137
Trd, 4319124.793, 140
Trd, 4319125.343, 139
Trd, 4319126.093, 140
Trd, 4319127.393, 140
Trd, 4319127.493, 139
Trd, 4319129.543, 140
Trd, 4319130.143, 137
Trd, 4319130.393, 138
Trd, 4319131.293, 112
Trd, 4319131.643, 93
Trd, 4319132.043, 140
Trd, 4319132.243, 85
Trd, 4319133.193, 60
Trd, 4319134.293, 66
Trd, 4319134.993, 71
Trd, 4319135.293, 95
Trd, 4319135.993, 83
Trd, 4319136.793, 76
Trd, 4319138.493, 71
Trd, 4319138.593, 78
Trd, 4319138.743, 80
Trd, 4319140.043, 68
Trd, 4319140.643, 66
Trd, 4319140.993, 137
Trd, 4319142.393, 111
Trd, 4319142.643, 72
Trd, 4319142.843, 139
Trd, 4319142.993, 138
Trd, 4319143.943, 66
Trd, 4319144.493, 101
Trd, 4319144.993, 139
Trd, 4319145.143, 139
Trd, 4319145.893, 88
Trd, 4319146.543, 87
Trd, 4319147.793, 69
Trd, 4319148.143, 139
Trd, 4319148.893, 140
Trd, 4319149.343, 74
Trd, 4319150.643, 139
Trd, 4319151.243, 70
Trd, 4319152.443, 86
Trd, 4319153.143, 85
Trd, 4319153.443, 104
Trd, 4319153.743, 83
Trd, 4319153.843, 119
Trd, 4319154.493, 73
Trd, 4319154.843, 132
Trd, 4319156.343, 61
Trd, 4319156.793, 61
Trd, 4319157.043, 62
Trd, 4319157.243, 79
Trd, 4319157.793, 138
Trd, 4319158.043, 123
Trd, 4319158.243, 108
Trd, 4319159.543, 62
Trd, 4319160.643, 81
Trd, 4319160.843, 140
Trd, 4319161.443, 103
Trd, 4319162.593, 140
Trd, 4319163.943, 140
Trd, 4319164.593, 140
Trd, 4319164.843, 140
Trd, 4319164.893, 136
Trd, 4319165.693, 104
Trd, 4319166.593, 140
Trd, 4319167.193, 126
Trd, 4319167.343, 125
Trd, 4319167.893, 139
Trd, 4319169.143, 139
Trd, 4319170.143, 140
Trd, 4319170.693, 113
Trd, 4319170.893, 138
Trd, 4319171.593, 140
Trd, 4319172.143, 140
Trd, 4319172.243, 103
Trd, 4319172.443, 96
Trd, 4319172.893, 137
Trd, 4319172.943, 66
Trd, 4319174.193, 139
Trd, 4319174.243, 139
Trd, 4319175.443, 67
Trd, 4319176.093, 61
Trd, 4319177.043, 87
Trd, 4319177.193, 86
Trd, 4319177.843, 86
Trd, 4319178.243, 65
Trd, 4319178.293, 69
Trd, 4319178.643, 139
Trd, 4319179.443, 139
Trd, 4319179.693, 126
Trd, 4319181.093, 122
Trd, 4319181.343, 137
Trd, 4319183.243, 60
Trd, 4319184.143, 62
Trd, 4319184.293, 90
Trd, 4319184.643, 68
Trd, 4319184.893, 101
Trd, 4319185.393, 63
Trd, 4319186.643, 140
Trd, 4319187.043, 94
Trd, 4319187.243, 93
Trd, 4319187.393, 87
Trd, 4319188.593, 101
Trd, 4319188.793, 108
Trd, 4319189.343, 140
Trd, 4319189.793, 139
Trd, 4319190.143, 98
Trd, 4319190.343, 63
Trd, 4319190.743, 70
Trd, 4319192.293, 92
Trd, 4319192.593, 100
Trd, 4319192.993, 126
Trd, 4319193.743, 87
Trd, 4319194.293, 106
Trd, 4319194.943, 97
Trd, 4319195.643, 140
Trd, 4319196.043, 139
Trd, 4319197.543, 127
Trd, 4319198.743, 140
Trd, 4319199.393, 140
Trd, 4319199.943, 140
Trd, 4319200.343, 140
Trd, 4319200.493, 125
Trd, 4319200.893, 140
Trd, 4319201.043, 108
Trd, 4319201.393, 96
Trd, 4319202.993, 139
Trd, 4319203.693, 134
Trd, 4319203.943, 103
Trd, 4319204.343, 140
Trd, 4319204.593, 60
Trd, 4319205.043, 139
Trd, 4319205.393, 116
Trd, 4319206.343, 111
Trd, 4319207.193, 108
Trd, 4319207.693, 107
Trd, 4319208.643, 85
Trd, 4319208.743, 81
Trd, 4319209.493, 65
Trd, 4319210.193, 61
Trd, 4319210.893, 103
Trd, 4319211.993, 140
Trd, 4319212.643, 140
Trd, 4319212.743, 140
Trd, 4319213.043, 124
Trd, 4319213.693, 139
Trd, 4319214.093, 68
Trd, 4319214.593, 60
Trd, 4319214.843, 60
Trd, 4319215.843, 61
Trd, 4319216.443, 137
Trd, 4319216.693, 122
Trd, 4319217.243, 60
Trd, 4319217.443, 73
Trd, 4319218.193, 63
Trd, 4319219.743, 61
Trd, 4319220.243, 62
Trd, 4319220.393, 118
Trd, 4319220.893, 139
Trd, 4319222.043, 140
Trd, 4319222.393, 140
Trd, 4319222.793, 62
Trd, 4319223.443, 140
Trd, 4319223.893, 140
Trd, 4319224.643, 61
Trd, 4319226.443, 79
Trd, 4319227.093, 140
Trd, 4319227.143, 140
Trd, 4319228.793, 140
Trd, 4319229.093, 140
Trd, 4319229.343, 140
Trd, 4319229.393, 136
Trd, 4319229.593, 109
Trd, 4319230.693, 60
Trd, 4319231.093, 71
Trd, 4319231.843, 70
Trd, 4319232.193, 140
Trd, 4319232.893, 138
Trd, 4319233.043, 108
Trd, 4319233.543, 61
Trd, 4319234.443, 140
Trd, 4319235.043, 139
Trd, 4319235.743, 140
Trd, 4319236.493, 72
Trd, 4319237.793, 136
Trd, 4319238.293, 140
Trd, 4319239.743, 140
Trd, 4319239.843, 112
Trd, 4319240.293, 140
Trd, 4319240.743, 138
Trd, 4319240.943, 130
Trd, 4319241.543, 87
Trd, 4319242.043, 138
Trd, 4319243.343, 63
Trd, 4319243.693, 136
Trd, 4319245.393, 64
Trd, 4319246.043, 73
Trd, 4319246.643, 63
Trd, 4319246.943, 128
Trd, 4319247.193, 117
Trd, 4319248.243, 61
Trd, 4319249.543, 60
Trd, 4319250.093, 65
Trd, 4319250.943, 60
Trd, 4319251.293, 99
Trd, 4319251.593, 140
Trd, 4319252.993, 140
Trd, 4319253.243, 126
Trd, 4319253.793, 67
Trd, 4319255.093, 61
Trd, 4319255.293, 61
Trd, 4319255.543, 66
Trd, 4319256.593, 139
Trd, 4319257.443, 140
Trd, 4319258.043, 140
Trd, 4319258.093, 123
Trd, 4319258.343, 139
Trd, 4319258.793, 122
Trd, 4319259.243, 100
Trd, 4319259.793, 108
Trd, 4319260.293, 84
Trd, 4319262.343, 70
Trd, 4319262.593, 140
Trd, 4319262.993, 70
Trd, 4319263.593, 62
Trd, 4319263.893, 64
Trd, 4319264.193, 85
Trd, 4319265.143, 135
Trd, 4319265.593, 134
Trd, 4319265.993, 138
Trd, 4319266.793, 66
Trd, 4319266.843, 64
Trd, 4319268.743, 140
Trd, 4319269.843, 139
Trd, 4319270.393, 140
Trd, 4319270.793, 140
Trd, 4319271.443, 137
Trd, 4319271.843, 140
Trd, 4319272.243, 123
Trd, 4319273.543, 140
Trd, 4319274.043, 121
Trd, 4319274.843, 68
Trd, 4319274.993, 75
Trd, 4319275.493, 92
Trd, 4319275.793, 114
Trd, 4319277.093, 68
Trd, 4319277.193, 64
Trd, 4319277.843, 73
Trd, 4319278.043, 86
Trd, 4319278.393, 136
Trd, 4319279.143, 72
Trd, 4319279.293, 68
Trd, 4319281.343, 65
Trd, 4319281.893, 69
Trd, 4319281.943, 68
Trd, 4319282.493, 139
Trd, 4319283.143, 94
Trd, 4319283.293, 69
Trd, 4319284.643, 140
Trd, 4319285.293, 139
Trd, 4319285.643, 136
Trd, 4319286.693, 119
Trd, 4319286.793, 86
Trd, 4319287.243, 84
Trd, 4319287.693, 118
Trd, 4319288.693, 100
Trd, 4319290.343, 91
Trd, 4319290.443, 100
Trd, 4319290.493, 126
Trd, 4319290.943, 88
Trd, 4319291.593, 138
Trd, 4319292.843, 111
Trd, 4319292.993, 91
Trd, 4319293.093, 80
Trd, 4319293.393, 92
Trd, 4319294.193, 60
Trd, 4319295.393, 60
Trd, 4319295.543, 68
Trd, 4319295.793, 76
Trd, 4319297.893, 64
Trd, 4319298.243, 84
Trd, 4319298.743, 61
Trd, 4319300.293, 67
Trd, 4319300.393, 72
Trd, 4319300.743, 121
Trd, 4319301.843, 61
Trd, 4319302.443, 71
Trd, 4319303.293, 70
Trd, 4319303.693, 140
Trd, 4319303.893, 139
Trd, 4319304.093, 125
Trd, 4319304.293, 110
Trd, 4319305.893, 102
Trd, 4319306.643, 137
Trd, 4319306.793, 96
Trd, 4319307.343, 140
Trd, 4319308.293, 72
Trd, 4319309.593, 140
Trd, 4319309.943, 140
Trd, 4319309.993, 136
Trd, 4319311.093, 140
Trd, 4319311.993, 132
Trd, 4319312.093, 121
Trd, 4319312.243, 97
Trd, 4319312.743, 72
Trd, 4319314.393, 60
Trd, 4319314.493, 63
Trd, 4319314.993, 67
Trd, 4319315.143, 79
Trd, 4319317.193, 66
Trd, 4319317.843, 66
Trd, 4319318.843, 60
Trd, 4319319.243, 65
Trd, 4319319.343, 103
Trd, 4319319.743, 66
Trd, 4319319.843, 111
Trd, 4319320.843, 136
Trd, 4319321.343, 96
Trd, 4319322.843, 140
Trd, 4319322.993, 140
Trd, 4319323.693, 79
Trd, 4319324.793, 73
Trd, 4319325.643, 62
Trd, 4319326.543, 68
Trd, 4319326.643, 128
Trd, 4319327.793, 89
Trd, 4319329.543, 138
Trd, 4319329.593, 109
Trd, 4319330.143, 118
Trd, 4319330.943, 73
Trd, 4319331.693, 139
Trd, 4319331.993, 123
Trd, 4319332.893, 106
Trd, 4319333.393, 140
Trd, 4319333.693, 140
Trd, 4319334.293, 124
Trd, 4319334.993, 140
Trd, 4319336.643, 140
Trd, 4319337.093, 140
Trd, 4319337.343, 139
Trd, 4319337.493, 112
Trd, 4319338.143, 61
Trd, 4319339.743, 140
Trd, 4319340.143, 140
Trd, 4319340.343, 139
Trd, 4319340.943, 140
Trd, 4319341.743, 75
Trd, 4319342.793, 140
Trd, 4319343.193, 139
Trd, 4319343.293, 138
Trd, 4319343.543, 127
Trd, 4319344.243, 140
Trd, 4319344.493, 138
Trd, 4319344.943, 82
Trd, 4319345.443, 140
Trd, 4319346.043, 137
Trd, 4319346.893, 124
Trd, 4319347.193, 113
Trd, 4319347.693, 63
Trd, 4319348.943, 140
Trd, 4319350.193, 140
Trd, 4319350.993, 139
Trd, 4319351.343, 139
Trd, 4319352.143, 140
Trd, 4319352.443, 140
Trd, 4319353.093, 139
Trd, 4319353.543, 114
Trd, 4319353.743, 82
Trd, 4319354.793, 138
Trd, 4319354.993, 97
Trd, 4319355.193, 96
Trd, 4319355.543, 98
Trd, 4319355.643, 77
Trd, 4319356.543, 140
Trd, 4319357.643, 140
Trd, 4319358.143, 140
Trd, 4319358.743, 140
Trd, 4319358.893, 102
Trd, 4319359.493, 140
Trd, 4319360.443, 110
Trd, 4319362.393, 140
Trd, 4319362.493, 140
Trd, 4319362.943, 140
Trd, 4319362.993, 138
Trd, 4319363.293, 124
Trd, 4319363.493, 101
Trd, 4319363.843, 89
Trd, 4319365.493, 140
Trd, 4319365.643, 138
Trd, 4319366.443, 136
Trd, 4319367.143, 70
Trd, 4319368.343, 70
Trd, 4319368.743, 77
Trd, 4319369.143, 61
Trd, 4319369.743, 136
Trd, 4319369.943, 107
Trd, 4319370.093, 105
Trd, 4319370.643, 62
Trd, 4319371.293, 63
Trd, 4319372.143, 61
Trd, 4319373.643, 76
Trd, 4319374.543, 75
Trd, 4319375.193, 77
Trd, 4319375.243, 74
Trd, 4319376.243, 138
Trd, 4319377.043, 139
Trd, 4319377.343, 138
Trd, 4319377.443, 124
Trd, 4319378.643, 138
Trd, 4319380.393, 68
Trd, 4319380.843, 60
Trd, 4319381.893, 140
Trd, 4319382.643, 63
Trd, 4319383.343, 79
Trd, 4319383.643, 140
Trd, 4319383.893, 91
Trd, 4319385.993, 81
Trd, 4319386.193, 109
Trd, 4319386.793, 93
Trd, 4319387.493, 61
Trd, 4319387.743, 67
Trd, 4319388.693, 139
Trd, 4319388.743, 93
Trd, 4319389.843, 66
Trd, 4319391.393, 69
Trd, 4319391.593, 140
Trd, 4319392.343, 138
Trd, 4319393.243, 66
Trd, 4319393.443, 138
Trd, 4319394.043, 81
Trd, 4319394.593, 140
Trd, 4319394.793, 138
Trd, 4319395.093, 140
Trd, 4319395.743, 115
Trd, 4319397.693, 139
Trd, 4319398.193, 135
Trd, 4319399.093, 115
Trd, 4319399.243, 140
Trd, 4319399.443, 114
Trd, 4319400.643, 140
Trd, 4319401.093, 138
Trd, 4319401.443, 139
Trd, 4319401.643, 123
Trd, 4319402.193, 140
Trd, 4319403.643, 135
Trd, 4319404.293, 139
Trd, 4319405.043, 140
Trd, 4319405.343, 124
Trd, 4319405.843, 138
Trd, 4319406.393, 101
Trd, 4319406.543, 100
Trd, 4319408.143, 140
Trd, 4319408.543, 140
Trd, 4319408.743, 140
Trd, 4319409.793, 138
Trd, 4319410.343, 125
Trd, 4319410.993, 139
Trd, 4319411.243, 129
Trd, 4319412.293, 140
Trd, 4319413.343, 126
Trd, 4319413.843, 110
Trd, 4319414.143, 103
Trd, 4319414.693, 60
Trd, 4319416.093, 140
Trd, 4319416.943, 100
Trd, 4319417.143, 92
Trd, 4319418.393, 140
Trd, 4319418.443, 140
Trd, 4319418.493, 139
Trd, 4319419.493, 139
Trd, 4319419.693, 136
Trd, 4319420.693, 63
Trd, 4319422.043, 93
Trd, 4319422.243, 70
Trd, 4319422.893, 101
Trd, 4319423.443, 62
Trd, 4319423.793, 60
Trd, 4319424.143, 63
Trd, 4319425.243, 90
Trd, 4319425.593, 100
Trd, 4319425.693, 83
Trd, 4319427.143, 61
Trd, 4319427.243, 83
Trd, 4319427.843, 76
Trd, 4319428.993, 62
Trd, 4319429.393, 65
Trd, 4319429.793, 140
Trd, 4319429.893, 63
Trd, 4319430.643, 63
Trd, 4319431.593, 110
Trd, 4319431.743, 78
Trd, 4319431.943, 86
Trd, 4319432.093, 107
Trd, 4319432.493, 75
Trd, 4319433.993, 96
Trd, 4319435.143, 138
Trd, 4319435.793, 60
Trd, 4319436.393, 109
Trd, 4319436.793, 105
Trd, 4319437.693, 61
Trd, 4319437.993, 85
Trd, 4319440.093, 74
Trd, 4319440.243, 73
Trd, 4319440.993, 65
Trd, 4319441.743, 86
Trd, 4319442.343, 135
Trd, 4319443.143, 65
Trd, 4319443.393, 65
Trd, 4319443.893, 139
Trd, 4319444.643, 140
Trd, 4319444.943, 114
Trd, 4319446.043, 89
Trd, 4319446.193, 140
Trd, 4319446.693, 140
Trd, 4319447.843, 138
Trd, 4319448.743, 139
Trd, 4319449.643, 129
Trd, 4319449.943, 126
Trd, 4319452.043, 140
Trd, 4319452.093, 139
Trd, 4319452.143, 138
Trd, 4319452.493, 131
Trd, 4319452.893, 140
Trd, 4319453.443, 113
Trd, 4319454.443, 139
Trd, 4319454.543, 93
Trd, 4319455.543, 140
Trd, 4319455.643, 140
Trd, 4319456.793, 139
Trd, 4319456.993, 140
Trd, 4319458.093, 61
Trd, 4319458.693, 62
Trd, 4319460.593, 140
Trd, 4319460.643, 139
Trd, 4319461.693, 139
Trd, 4319462.043, 138
Trd, 4319462.843, 137
Trd, 4319463.593, 107
Trd, 4319463.993, 98
Trd, 4319464.043, 74
Trd, 4319465.093, 140
Trd, 4319465.193, 116
Trd, 4319466.543, 140
Trd, 4319467.193, 140
Trd, 4319467.293, 140
Trd, 4319467.943, 140
Trd, 4319468.043, 140
Trd, 4319469.043, 140
Trd, 4319469.843, 120
Trd, 4319470.243, 123
Trd, 4319470.393, 102
Trd, 4319470.643, 140
Trd, 4319472.043, 139
Trd, 4319472.393, 137
Trd, 4319472.543, 112
Trd, 4319474.343, 62
Trd, 4319474.393, 86
Trd, 4319475.693, 60
Trd, 4319476.393, 97
Trd, 4319476.993, 140
Trd, 4319477.143, 140
Trd, 4319477.193, 105
Trd, 4319477.243, 91
Trd, 4319479.593, 63
Trd, 4319479.793, 78
Trd, 4319480.543, 74
Trd, 4319481.593, 85
Trd, 4319483.093, 140
Trd, 4319483.543, 139
Trd, 4319484.893, 62
Trd, 4319485.093, 60
Trd, 4319485.293, 60
Trd, 4319485.543, 63
Trd, 4319485.743, 102
Trd, 4319487.943, 62
Trd, 4319488.393, 63
Trd, 4319488.443, 89
Trd, 4319488.743, 63
Trd, 4319489.193, 77
Trd, 4319489.243, 118
Trd, 4319489.693, 62
Trd, 4319491.493, 60
Trd, 4319491.593, 63
Trd, 4319492.693, 62
Trd, 4319493.093, 66
Trd, 4319494.543, 64
Trd, 4319494.843, 75
Trd, 4319495.443, 64
Trd, 4319495.893, 61
Trd, 4319496.993, 63
Trd, 4319497.193, 62
Trd, 4319497.743, 63
Trd, 4319498.743, 101
Trd, 4319499.193, 72
Trd, 4319499.443, 125
Trd, 4319500.543, 94
Trd, 4319501.993, 140
Trd, 4319502.243, 101
Trd, 4319502.293, 132
Trd, 4319503.143, 140
Trd, 4319503.693, 99
Trd, 4319503.793, 97
Trd, 4319504.143, 62
Trd, 4319505.743, 97
Trd, 4319506.993, 136
Trd, 4319507.143, 129
Trd, 4319507.643, 128
Trd, 4319507.743, 128
Trd, 4319508.693, 140
Trd, 4319508.993, 140
Trd, 4319509.043, 140
Trd, 4319510.293, 138
Trd, 4319510.343, 137
Trd, 4319511.043, 140
Trd, 4319511.493, 112
Trd, 4319511.743, 138
Trd, 4319512.143, 140
Trd, 4319512.643, 140
Trd, 4319513.343, 133
Trd, 4319513.643, 75
Trd, 4319514.043, 138
Trd, 4319515.293, 140
Trd, 4319515.943, 124
Trd, 4319516.543, 104
Trd, 4319516.993, 61
Trd, 4319517.943, 72
Trd, 4319518.893, 61
Trd, 4319519.343, 61
Trd, 4319519.593, 62
Trd, 4319520.593, 80
Trd, 4319521.143, 61
Trd, 4319521.593, 61
Trd, 4319522.643, 67
Trd, 4319523.293, 68
Trd, 4319524.293, 119
Trd, 4319524.843, 140
Trd, 4319525.043, 140
Trd, 4319525.593, 89
Trd, 4319526.093, 82
Trd, 4319526.493, 75
Trd, 4319527.343, 140
Trd, 4319528.693, 140
Trd, 4319529.093, 140
Trd, 4319530.093, 140
Trd, 4319530.993, 140
Trd, 4319531.093, 138
Trd, 4319531.443, 124
Trd, 4319531.493, 77
Trd, 4319532.543, 84
Trd, 4319533.493, 126
Trd, 4319534.843, 140
Trd, 4319535.093, 70
Trd, 4319535.343, 140
Trd, 4319535.893, 140
Trd, 4319536.743, 137
Trd, 4319537.043, 98
Trd, 4319537.143, 139
Trd, 4319537.343, 95
Trd, 4319538.543, 101
Trd, 4319539.893, 140
Trd, 4319540.343, 140
Trd, 4319540.643, 94
Trd, 4319541.393, 140
Trd, 4319541.893, 89
Trd, 4319542.193, 140
Trd, 4319542.743, 72
Trd, 4319543.043, 72
Trd, 4319544.343, 63
Trd, 4319545.143, 71
Trd, 4319545.243, 79
Trd, 4319545.793, 136
Trd, 4319548.193, 76
Trd, 4319548.543, 138
Trd, 4319548.643, 83
Trd, 4319549.343, 140
Trd, 4319550.393, 140
Trd, 4319550.643, 139
Trd, 4319550.743, 124
Trd, 4319550.893, 101
Trd, 4319552.793, 140
Trd, 4319552.943, 140
Trd, 4319553.343, 135
Trd, 4319554.893, 140
Trd, 4319555.193, 139
Trd, 4319555.443, 139
Trd, 4319556.293, 140
Trd, 4319556.643, 140
Trd, 4319557.843, 140
Trd, 4319558.343, 109
Trd, 4319559.093, 81
Trd, 4319559.443, 71
Trd, 4319560.343, 125
Trd, 4319560.893, 104
Trd, 4319561.393, 72
Trd, 4319562.043, 65
Trd, 4319562.093, 111
Trd, 4319563.043, 140
Trd, 4319564.093, 63
Trd, 4319564.493, 60
Trd, 4319565.443, 66
Trd, 4319566.543, 140
Trd, 4319566.593, 139
Trd, 4319567.343, 140
Trd, 4319567.443, 140
Trd, 4319567.493, 124
Trd, 4319568.043, 109
Trd, 4319568.493, 138
Trd, 4319569.843, 60
Trd, 4319570.893, 61
Trd, 4319571.193, 62
Trd, 4319571.543, 66
Trd, 4319573.343, 139
Trd, 4319573.443, 124
Trd, 4319573.543, 116
Trd, 4319573.743, 77
Trd, 4319574.993, 129
Trd, 4319576.743, 102
Trd, 4319577.293, 140
Trd, 4319577.543, 140
Trd, 4319578.343, 63
Trd, 4319579.093, 84
Trd, 4319579.793, 60
Trd, 4319579.993, 60
Trd, 4319580.393, 102
Trd, 4319581.843, 64
Trd, 4319582.443, 64
Trd, 4319583.843, 60
Trd, 4319584.743, 61
Trd, 4319585.243, 94
Trd, 4319585.743, 140
Trd, 4319585.993, 126
Trd, 4319587.393, 140
Trd, 4319587.893, 140
Trd, 4319588.743, 140
Trd, 4319588.793, 140
Trd, 4319589.143, 140
Trd, 4319589.293, 139
Trd, 4319591.343, 140
Trd, 4319591.643, 139
Trd, 4319591.743, 128
Trd, 4319592.193, 140
Trd, 4319593.443, 135
Trd, 4319593.643, 122
Trd, 4319594.443, 140
Trd, 4319594.943, 137
Trd, 4319595.743, 140
Trd, 4319595.893, 140
Trd, 4319596.093, 125
Trd, 4319597.043, 140
Trd, 4319597.893, 102
Trd, 4319598.543, 60
Trd, 4319599.693, 140
Trd, 4319600.643, 140
Trd, 4319601.343, 118
Trd, 4319602.293, 69
Trd, 4319602.493, 79
Trd, 4319603.243, 113
Trd, 4319603.293, 123
Trd, 4319604.593, 140
Trd, 4319605.193, 140
Trd, 4319605.643, 140
Trd, 4319606.243, 139
Trd, 4319606.793, 75
Trd, 4319607.243, 75
Trd, 4319607.593, 83
Trd, 4319608.193, 62
Trd, 4319610.093, 68
Trd, 4319610.193, 71
Trd, 4319610.443, 71
Trd, 4319611.193, 140
Trd, 4319612.343, 98
Trd, 4319612.593, 97
Trd, 4319613.393, 107
Trd, 4319613.693, 110
Trd, 4319614.143, 140
Trd, 4319614.793, 140
Trd, 4319616.943, 92
Trd, 4319617.193, 111
Trd, 4319617.243, 91
Trd, 4319617.343, 89
Trd, 4319617.643, 78
Trd, 4319618.543, 84
Trd, 4319618.893, 79
Trd, 4319619.643, 61
Trd, 4319620.793, 110
Trd, 4319621.293, 81
Trd, 4319621.493, 132
Trd, 4319621.593, 78
Trd, 4319622.943, 139
Trd, 4319622.993, 139
Trd, 4319624.043, 140
Trd, 4319624.993, 139
Trd, 4319625.093, 124
Trd, 4319625.143, 97
Trd, 4319625.593, 61
Trd, 4319626.993, 115
Trd, 4319627.293, 69
Trd, 4319627.743, 139
Trd, 4319628.193, 140
Trd, 4319628.693, 76
Trd, 4319629.043, 139
Trd, 4319630.193, 60
Trd, 4319631.093, 139
Trd, 4319631.693, 139
Trd, 4319631.943, 126
Trd, 4319633.143, 138
Trd, 4319633.993, 113
Trd, 4319634.093, 88
Trd, 4319634.493, 84
Trd, 4319635.593, 140
Trd, 4319635.643, 126
Trd, 4319636.143, 84
Trd, 4319637.843, 61
Trd, 4319638.293, 140
Trd, 4319638.543, 136
Trd, 4319639.093, 64
Trd, 4319639.243, 60
Trd, 4319639.643, 140
Trd, 4319641.093, 60
Trd, 4319641.493, 64
Trd, 4319643.243, 62
Trd, 4319644.193, 65
Trd, 4319644.543, 62
Trd, 4319645.393, 63
Trd, 4319645.443, 68
Trd, 4319646.043, 63
Trd, 4319646.593, 71
Trd, 4319646.893, 67
Trd, 4319647.543, 73
Trd, 4319647.843, 140
Trd, 4319648.343, 113
Trd, 4319650.343, 62
Trd, 4319650.493, 116
Trd, 4319650.743, 65
Trd, 4319652.343, 111
Trd, 4319653.293, 63
Trd, 4319653.493, 64
Trd, 4319654.043, 111
Trd, 4319654.393, 106
Trd, 4319656.193, 63
Trd, 4319656.343, 118
Trd, 4319657.493, 64
Trd, 4319657.843, 60
Trd, 4319659.393, 64
Trd, 4319661.143, 74
Trd, 4319661.643, 88
Trd, 4319661.743, 90
Trd, 4319662.543, 73
Trd, 4319663.493, 69
Trd, 4319663.943, 67
Trd, 4319664.043, 63
Trd, 4319664.593, 60
Trd, 4319665.143, 79
Trd, 4319665.743, 63
Trd, 4319665.993, 119
Trd, 4319666.593, 60
Trd, 4319668.393, 68
Trd, 4319670.643, 71
Trd, 4319672.493, 63
Trd, 4319672.693, 62
Trd, 4319673.193, 68
Trd, 4319673.293, 87
Trd, 4319673.743, 65
Trd, 4319674.043, 112
Trd, 4319674.243, 67
Trd, 4319674.543, 127
Trd, 4319675.993, 140
Trd, 4319676.093, 137
Trd, 4319676.893, 138
Trd, 4319677.093, 124
Trd, 4319677.993, 138
Trd, 4319679.243, 74
Trd, 4319679.293, 126
Trd, 4319680.143, 140
Trd, 4319680.443, 140
Trd, 4319682.043, 130
Trd, 4319682.143, 112
Trd, 4319682.493, 139
Trd, 4319683.093, 140
Trd, 4319683.593, 139
Trd, 4319683.943, 101
Trd, 4319684.793, 69
Trd, 4319685.543, 68
Trd, 4319688.043, 140
Trd, 4319688.193, 140
Trd, 4319688.993, 139
Trd, 4319689.093, 140
Trd, 4319689.143, 138
Trd, 4319689.543, 115
Trd, 4319689.593, 97
Trd, 4319689.793, 62
Trd, 4319690.293, 61
Trd, 4319691.193, 61
Trd, 4319691.693, 64
Trd, 4319692.643, 99
Trd, 4319692.893, 140
Trd, 4319693.843, 117
Trd, 4319694.643, 68
Trd, 4319695.343, 64
Trd, 4319695.393, 62
Trd, 4319696.243, 63
Trd, 4319696.343, 60
Trd, 4319697.143, 67
Trd, 4319697.593, 68
Trd, 4319697.993, 67
Trd, 4319698.593, 139
Trd, 4319699.843, 94
Trd, 4319700.293, 137
Trd, 4319700.393, 140
Trd, 4319701.293, 140
Trd, 4319701.793, 117
Trd, 4319703.093, 140
Trd, 4319703.393, 140
Trd, 4319703.793, 131
Trd, 4319704.193, 128
Trd, 4319704.893, 140
Trd, 4319704.943, 140
Trd, 4319705.293, 107
Trd, 4319706.493, 60
Trd, 4319706.943, 99
Trd, 4319707.243, 138
Trd, 4319707.843, 131
Trd, 4319708.143, 116
Trd, 4319708.943, 74
Trd, 4319709.893, 140
Trd, 4319710.543, 65
Trd, 4319710.793, 87
Trd, 4319711.493, 124
Trd, 4319712.243, 95
Trd, 4319712.943, 74
Trd, 4319713.393, 86
Trd, 4319713.993, 139
Trd, 4319715.143, 138
Trd, 4319715.193, 123
Trd, 4319716.393, 140
Trd, 4319716.543, 99
Trd, 4319716.893, 64
Trd, 4319717.093, 109
Trd, 4319718.293, 75
Trd, 4319718.643, 73
Trd, 4319718.943, 88
Trd, 4319719.643, 87
Trd, 4319720.793, 135
Trd, 4319721.143, 122
Trd, 4319722.993, 62
Trd, 4319723.543, 72
Trd, 4319723.693, 103
Trd, 4319723.843, 80
Trd, 4319724.693, 62
Trd, 4319725.293, 68
Trd, 4319726.593, 67
Trd, 4319727.243, 112
Trd, 4319727.543, 61
Trd, 4319728.293, 139
Trd, 4319728.543, 112
Trd, 4319729.193, 74
Trd, 4319730.643, 61
Trd, 4319731.093, 63
Trd, 4319731.243, 107
Trd, 4319731.893, 138
Trd, 4319732.343, 140
Trd, 4319732.743, 65
Trd, 4319733.793, 125
Trd, 4319733.843, 124
Trd, 4319734.243, 140
Trd, 4319735.243, 84
Trd, 4319735.843, 75
Trd, 4319736.493, 95
Trd, 4319737.343, 139
Trd, 4319737.743, 120
Trd, 4319738.093, 103
Trd, 4319738.693, 140
Trd, 4319738.893, 140
Trd, 4319739.343, 79
Trd, 4319740.443, 140
Trd, 4319740.893, 138
Trd, 4319741.743, 138
Trd, 4319742.743, 140
Trd, 4319742.893, 124
Trd, 4319743.543, 140
Trd, 4319744.393, 140
Trd, 4319744.843, 140
Trd, 4319745.593, 139
Trd, 4319746.143, 139
Trd, 4319746.943, 139
Trd, 4319747.843, 100
Trd, 4319748.343, 140
Trd, 4319748.393, 127
Trd, 4319748.893, 71
Trd, 4319749.643, 76
Trd, 4319749.693, 88
Trd, 4319750.593, 75
Trd, 4319750.793, 88
Trd, 4319751.593, 107
Trd, 4319751.993, 93
Trd, 4319755.093, 67
Trd, 4319755.693, 60
Trd, 4319755.993, 68
Trd, 4319756.043, 82
Trd, 4319756.443, 100
Trd, 4319756.993, 63
Trd, 4319758.443, 91
Trd, 4319758.543, 90
Trd, 4319758.743, 138
Trd, 4319758.993, 82
Trd, 4319759.493, 139
Trd, 4319760.943, 86
Trd, 4319761.593, 100
Trd, 4319761.693, 137
Trd, 4319762.293, 98
Trd, 4319763.243, 64
Trd, 4319763.343, 67
Trd, 4319764.293, 81
Trd, 4319764.993, 112
Trd, 4319765.143, 76
Trd, 4319765.643, 129
Trd, 4319765.743, 118
Trd, 4319766.643, 61
Trd, 4319767.043, 140
Trd, 4319768.593, 63
Trd, 4319768.743, 74
Trd, 4319769.343, 91
Trd, 4319770.893, 61
Trd, 4319771.443, 61
Trd, 4319771.543, 65
Trd, 4319773.543, 65
Trd, 4319774.593, 64
Trd, 4319774.743, 68
Trd, 4319774.793, 95
Trd, 4319775.043, 140
Trd, 4319775.943, 60
Trd, 4319776.393, 78
Trd, 4319777.343, 112
Trd, 4319777.393, 116
Trd, 4319777.793, 110
Trd, 4319778.043, 107
Trd, 4319778.543, 108
Trd, 4319779.943, 140
Trd, 4319779.993, 140
Trd, 4319780.393, 98
Trd, 4319780.743, 88
Trd, 4319782.193, 140
Trd, 4319782.693, 139
Trd, 4319782.743, 135
Trd, 4319783.693, 67
Trd, 4319783.893, 70
Trd, 4319786.343, 60
Trd, 4319786.943, 60
Trd, 4319787.393, 60
Trd, 4319788.243, 68
Trd, 4319788.343, 88
Trd, 4319789.493, 125
Trd, 4319789.943, 77
Trd, 4319790.593, 77
Trd, 4319790.693, 83
Trd, 4319791.293, 139
Trd, 4319792.293, 112
Trd, 4319792.993, 139
Trd, 4319794.243, 140
Trd, 4319794.293, 138
Trd, 4319794.693, 139
Trd, 4319795.193, 88
Trd, 4319795.243, 64
Trd, 4319795.543, 105
Trd, 4319796.943, 74
Trd, 4319797.293, 73
Trd, 4319798.043, 139
Trd, 4319798.943, 60
Trd, 4319799.193, 73
Trd, 4319799.993, 74
Trd, 4319802.093, 60
Trd, 4319802.393, 64
Trd, 4319802.793, 67
Trd, 4319803.143, 64
Trd, 4319803.643, 72
Trd, 4319805.243, 73
Trd, 4319805.293, 93
Trd, 4319805.693, 96
Trd, 4319806.493, 87
Trd, 4319807.093, 70
Trd, 4319807.143, 124
Trd, 4319808.343, 87
Trd, 4319808.993, 93
Trd, 4319809.343, 82
Trd, 4319809.893, 140
Trd, 4319811.143, 82
Trd, 4319811.643, 113
Trd, 4319812.093, 120
Trd, 4319812.743, 75
Trd, 4319813.143, 137
Trd, 4319813.393, 107
Trd, 4319813.443, 81
Trd, 4319813.793, 61
Trd, 4319814.643, 87
Trd, 4319815.393, 63
Trd, 4319816.843, 63
Trd, 4319816.993, 70
Trd, 4319817.093, 99
Trd, 4319817.443, 63
Trd, 4319818.293, 140
Trd, 4319819.443, 61
Trd, 4319819.943, 61
Trd, 4319820.643, 84
Trd, 4319821.343, 62
Trd, 4319822.993, 112
Trd, 4319823.193, 136
Trd, 4319823.693, 115
Trd, 4319824.593, 140
Trd, 4319824.943, 124
Trd, 4319825.243, 104
Trd, 4319825.593, 140
Trd, 4319826.993, 140
Trd, 4319828.043, 60
Trd, 4319828.543, 60
Trd, 4319829.593, 89
Trd, 4319830.143, 128
Trd, 4319830.493, 67
Trd, 4319831.743, 60
Trd, 4319832.093, 102
Trd, 4319833.043, 60
Trd, 4319833.093, 82
Trd, 4319833.593, 139
Trd, 4319834.143, 124
Trd, 4319834.793, 111
Trd, 4319835.893, 140
Trd, 4319836.393, 70
Trd, 4319836.693, 60
Trd, 4319838.043, 116
Trd, 4319838.293, 140
Trd, 4319839.743, 98
Trd, 4319840.593, 140
Trd, 4319841.543, 139
Trd, 4319841.643, 112
Trd, 4319841.693, 110
Trd, 4319841.943, 84
Trd, 4319843.443, 71
Trd, 4319844.343, 64
Trd, 4319844.493, 79
Trd, 4319846.343, 140
Trd, 4319846.543, 140
Trd, 4319846.743, 139
Trd, 4319847.043, 140
Trd, 4319848.843, 101
Trd, 4319849.343, 116
Trd, 4319849.643, 109
Trd, 4319849.943, 107
Trd, 4319851.243, 140
Trd, 4319851.593, 140
Trd, 4319851.893, 124
Trd, 4319852.593, 140
Trd, 4319853.093, 140
Trd, 4319854.593, 140
Trd, 4319854.993, 140
Trd, 4319856.243, 140
Trd, 4319856.443, 139
Trd, 4319856.493, 70
Trd, 4319857.043, 139
Trd, 4319857.193, 79
Trd, 4319857.693, 139
Trd, 4319858.043, 140
Trd, 4319858.093, 138
Trd, 4319858.843, 112
Trd, 4319859.493, 140
Trd, 4319860.193, 114
Trd, 4319860.293, 139
Trd, 4319860.893, 106
Trd, 4319862.493, 139
Trd, 4319862.943, 139
Trd, 4319864.443, 140
Trd, 4319864.893, 139
Trd, 4319865.543, 113
Trd, 4319866.043, 88
Trd, 4319866.443, 87
Trd, 4319866.643, 77
Trd, 4319867.193, 116
Trd, 4319867.543, 62
Trd, 4319867.593, 64
Trd, 4319868.943, 97
Trd, 4319869.293, 137
Trd, 4319869.643, 140
Trd, 4319870.293, 69
Trd, 4319871.343, 68
Trd, 4319872.343, 77
Trd, 4319872.443, 106
Trd, 4319872.593, 74
Trd, 4319872.943, 109
Trd, 4319873.793, 77
Trd, 4319874.393, 110
Trd, 4319875.293, 66
Trd, 4319876.243, 61
Trd, 4319876.443, 77
Trd, 4319877.393, 60
Trd, 4319878.243, 84
Trd, 4319879.143, 73
Trd, 4319880.343, 65
Trd, 4319881.343, 60
Trd, 4319882.543, 60
Trd, 4319882.743, 60
Trd, 4319883.043, 73
Trd, 4319883.193, 80
Trd, 4319883.793, 81
Trd, 4319884.143, 87
Trd, 4319884.843, 105
Trd, 4319885.093, 118
Trd, 4319885.493, 104
Trd, 4319886.593, 118
Trd, 4319887.643, 140
Trd, 4319887.943, 139
Trd, 4319888.693, 136
Trd, 4319888.943, 105
Trd, 4319889.893, 140
Trd, 4319891.193, 140
Trd, 4319891.493, 90
Trd, 4319891.643, 83
Trd, 4319891.693, 77
Trd, 4319891.993, 140
Trd, 4319893.643, 107
Trd, 4319895.143, 140
Trd, 4319895.393, 140
Trd, 4319895.493, 103
Trd, 4319896.343, 140
Trd, 4319896.393, 97
Trd, 4319897.093, 138
Trd, 4319897.793, 140
Trd, 4319898.543, 140
Trd, 4319898.943, 140
Trd, 4319899.643, 137
Trd, 4319899.893, 129
Trd, 4319900.443, 100
Trd, 4319900.693, 106
Trd, 4319901.843, 62
Trd, 4319903.843, 139
Trd, 4319904.193, 140
Trd, 4319904.593, 139
Trd, 4319905.343, 140
Trd, 4319905.793, 139
Trd, 4319906.643, 140
Trd, 4319907.193, 114
Trd, 4319907.743, 113
Trd, 4319908.493, 139
Trd, 4319908.643, 83
Trd, 4319909.693, 140
Trd, 4319910.643, 60
Trd, 4319911.143, 64
Trd, 4319911.193, 74
Trd, 4319911.993, 60
Trd, 4319913.293, 61
Trd, 4319913.843, 86
Trd, 4319914.593, 115
Trd, 4319914.693, 64
Trd, 4319914.893, 129
Trd, 4319916.293, 62
Trd, 4319917.493, 61
Trd, 4319918.293, 117
Trd, 4319919.143, 64
Trd, 4319919.643, 140
Trd, 4319920.693, 62
Trd, 4319920.793, 62
Trd, 4319920.843, 64
Trd, 4319921.793, 140
Trd, 4319923.443, 61
Trd, 4319923.893, 66
Trd, 4319924.593, 139
Trd, 4319924.943, 138
Trd, 4319925.543, 131
Trd, 4319925.643, 112
Trd, 4319927.193, 139
Trd, 4319927.293, 109
Trd, 4319927.943, 140
Trd, 4319928.243, 108
Trd, 4319928.843, 117
Trd, 4319929.093, 101
Trd, 4319929.243, 78
Trd, 4319929.743, 140
Trd, 4319930.043, 139
Trd, 4319930.493, 63
Trd, 4319931.993, 60
Trd, 4319932.143, 121
Trd, 4319933.993, 61
Trd, 4319934.143, 88
Trd, 4319934.693, 138
Trd, 4319935.043, 139
Trd, 4319936.093, 140
Trd, 4319936.193, 136
Trd, 4319936.993, 138
Trd, 4319937.543, 132
Trd, 4319937.893, 125
Trd, 4319938.593, 140
Trd, 4319938.743, 112
Trd, 4319939.143, 105
Trd, 4319940.693, 97
Trd, 4319940.793, 89
Trd, 4319941.443, 62
Trd, 4319941.693, 67
Trd, 4319942.993, 140
Trd, 4319943.443, 139
Trd, 4319944.343, 140
Trd, 4319944.843, 139
Trd, 4319945.143, 108
Trd, 4319945.543, 66
Trd, 4319945.893, 87
Trd, 4319946.093, 140
Trd, 4319947.143, 66
Trd, 4319948.343, 63
Trd, 4319948.593, 68
Trd, 4319948.643, 71
Trd, 4319948.993, 140
Trd, 4319950.443, 140
Trd, 4319950.643, 139
Trd, 4319951.493, 60
Trd, 4319952.293, 60
Trd, 4319952.593, 60
Trd, 4319953.843, 60
Trd, 4319954.093, 128
Trd, 4319954.643, 134
Trd, 4319956.143, 63
Trd, 4319956.743, 83
Trd, 4319957.043, 77
Trd, 4319957.293, 108
Trd, 4319958.443, 138
Trd, 4319959.093, 62
Trd, 4319959.643, 140
Trd, 4319959.843, 139
Trd, 4319959.943, 139
Trd, 4319961.543, 60
Trd, 4319962.193, 62
Trd, 4319962.693, 63
Trd, 4319962.943, 70
Trd, 4319963.643, 137
Trd, 4319964.543, 140
Trd, 4319965.593, 140
Trd, 4319965.843, 140
Trd, 4319966.443, 140
Trd, 4319967.143, 139
Trd, 4319967.643, 83
Trd, 4319967.693, 80
Trd, 4319968.343, 107
Trd, 4319969.043, 62
Trd, 4319970.643, 127
Trd, 4319971.143, 126
Trd, 4319971.443, 114
Trd, 4319971.993, 79
Trd, 4319972.343, 139
Trd, 4319972.893, 65
Trd, 4319973.693, 91
Trd, 4319974.993, 98
Trd, 4319977.193, 140
Trd, 4319977.793, 139
Trd, 4319978.093, 139
Trd, 4319978.293, 124
Trd, 4319978.343, 115
Trd, 4319978.793, 109
Trd, 4319979.143, 77
Trd, 4319979.643, 64
Trd, 4319980.393, 140
Trd, 4319981.193, 140
Trd, 4319982.143, 140
Trd, 4319983.693, 140
Trd, 4319983.843, 140
Trd, 4319983.993, 79
Trd, 4319984.143, 110
Trd, 4319985.043, 136
Trd, 4319985.493, 140
Trd, 4319986.293, 134
Trd, 4319987.743, 140
Trd, 4319987.943, 139
Trd, 4319987.993, 124
Trd, 4319988.043, 115
Trd, 4319988.593, 60
Trd, 4319990.643, 62
Trd, 4319991.693, 62
Trd, 4319991.793, 100
Trd, 4319992.743, 65
Trd, 4319993.243, 89
Trd, 4319993.293, 130
Trd, 4319993.993, 139
Trd, 4319994.143, 140
Trd, 4319994.643, 72
Trd, 4319995.243, 121
Trd, 4319996.543, 114
Trd, 4319998.043, 105
Trd, 4319998.143, 124
Trd, 4319998.343, 66
Trd, 4319998.993, 65
Trd, 4319999.343, 62
Trd, 4319999.693, 110
Trd, 4319999.943, 61
