Trd, 4318121.043, 83
Trd, 4318121.143, 82
Trd, 4318121.593, 109
Trd, 4318121.993, 129
Trd, 4318122.093, 98
Trd, 4318123.043, 88
Trd, 4318123.693, 128
Trd, 4318124.143, 85
Trd, 4318124.993, 105
Trd, 4318125.293, 86
Trd, 4318126.693, 132
Trd, 4318127.143, 121
Trd, 4318129.643, 99
Trd, 4318129.893, 90
Trd, 4318130.143, 83
Trd, 4318130.843, 83
Trd, 4318131.243, 89
Trd, 4318132.743, 70
Trd, 4318133.043, 76
Trd, 4318134.193, 129
Trd, 4318134.343, 131
Trd, 4318134.643, 126
Trd, 4318135.593, 114
Trd, 4318135.893, 110
Trd, 4318136.343, 110
Trd, 4318136.443, 65
Trd, 4318136.793, 61
Trd, 4318138.293, 79
Trd, 4318138.993, 106
Trd, 4318139.543, 78
Trd, 4318139.693, 120
Trd, 4318141.243, 83
Trd, 4318141.593, 90
Trd, 4318142.643, 124
Trd, 4318143.643, 136
Trd, 4318144.043, 127
Trd, 4318144.793, 96
Trd, 4318145.043, 86
Trd, 4318145.743, 84
Trd, 4318146.043, 81
Trd, 4318147.093, 95
Trd, 4318147.393, 73
Trd, 4318147.443, 80
Trd, 4318147.793, 94
Trd, 4318148.443, 108
Trd, 4318149.693, 137
Trd, 4318150.093, 103
Trd, 4318150.643, 82
Trd, 4318152.843, 101
Trd, 4318153.143, 98
Trd, 4318153.293, 93
Trd, 4318154.543, 132
Trd, 4318157.143, 132
Trd, 4318157.193, 121
Trd, 4318158.393, 116
Trd, 4318158.443, 104
Trd, 4318158.893, 100
Trd, 4318160.343, 97
Trd, 4318161.493, 79
Trd, 4318161.643, 86
Trd, 4318162.043, 76
Trd, 4318164.093, 132
Trd, 4318164.293, 129
Trd, 4318165.593, 126
Trd, 4318165.693, 123
Trd, 4318165.793, 116
Trd, 4318166.243, 94
Trd, 4318166.993, 72
Trd, 4318167.543, 85
Trd, 4318169.393, 84
Trd, 4318170.193, 130
Trd, 4318171.143, 113
Trd, 4318171.343, 94
Trd, 4318172.143, 68
Trd, 4318173.643, 94
Trd, 4318174.443, 113
Trd, 4318175.343, 125
Trd, 4318178.343, 134
Trd, 4318178.443, 122
Trd, 4318178.743, 117
Trd, 4318178.993, 126
Trd, 4318179.543, 135
Trd, 4318180.493, 115
Trd, 4318181.793, 80
Trd, 4318181.893, 61
Trd, 4318183.043, 75
Trd, 4318183.443, 74
Trd, 4318183.643, 71
Trd, 4318184.443, 129
Trd, 4318185.543, 69
Trd, 4318186.043, 65
Trd, 4318187.793, 130
Trd, 4318188.943, 111
Trd, 4318189.093, 101
Trd, 4318189.543, 80
Trd, 4318190.093, 103
Trd, 4318190.943, 77
Trd, 4318191.543, 93
Trd, 4318192.193, 75
Trd, 4318193.043, 93
Trd, 4318193.943, 99
Trd, 4318194.593, 85
Trd, 4318195.143, 105
Trd, 4318195.793, 77
Trd, 4318196.193, 114
Trd, 4318197.493, 99
Trd, 4318198.443, 94
Trd, 4318198.693, 96
Trd, 4318199.343, 60
Trd, 4318199.593, 60
Trd, 4318200.893, 105
Trd, 4318201.193, 61
Trd, 4318201.743, 111
Trd, 4318201.893, 108
Trd, 4318203.043, 90
Trd, 4318203.943, 74
Trd, 4318204.793, 75
Trd, 4318204.893, 81
Trd, 4318205.943, 107
Trd, 4318206.043, 70
Trd, 4318206.493, 63
Trd, 4318207.593, 90
Trd, 4318210.343, 117
Trd, 4318210.743, 107
Trd, 4318211.193, 106
Trd, 4318211.293, 122
Trd, 4318212.943, 111
Trd, 4318213.093, 104
Trd, 4318213.293, 87
Trd, 4318213.393, 92
Trd, 4318214.293, 124
Trd, 4318215.143, 129
Trd, 4318215.843, 123
Trd, 4318215.893, 115
Trd, 4318216.143, 114
Trd, 4318216.393, 111
Trd, 4318218.143, 111
Trd, 4318219.443, 125
Trd, 4318219.993, 110
Trd, 4318221.593, 133
Trd, 4318221.893, 122
Trd, 4318222.443, 119
Trd, 4318223.143, 120
Trd, 4318223.343, 115
Trd, 4318223.793, 126
Trd, 4318224.443, 117
Trd, 4318224.893, 94
Trd, 4318226.043, 127
Trd, 4318226.893, 118
Trd, 4318227.593, 118
Trd, 4318228.243, 136
Trd, 4318228.493, 107
Trd, 4318229.043, 127
Trd, 4318229.743, 108
Trd, 4318230.843, 100
Trd, 4318232.093, 100
Trd, 4318232.243, 120
Trd, 4318233.043, 98
Trd, 4318234.693, 128
Trd, 4318236.643, 110
Trd, 4318236.993, 103
Trd, 4318237.043, 102
Trd, 4318237.393, 86
Trd, 4318237.593, 75
Trd, 4318238.093, 90
Trd, 4318238.343, 89
Trd, 4318239.993, 71
Trd, 4318240.193, 118
Trd, 4318242.343, 82
Trd, 4318243.043, 116
Trd, 4318243.193, 112
Trd, 4318243.443, 104
Trd, 4318243.793, 95
Trd, 4318245.793, 65
Trd, 4318246.293, 104
Trd, 4318246.943, 137
Trd, 4318247.393, 89
Trd, 4318247.493, 76
Trd, 4318248.443, 121
Trd, 4318249.343, 74
Trd, 4318250.443, 84
Trd, 4318251.193, 81
Trd, 4318251.443, 110
Trd, 4318252.543, 89
Trd, 4318253.893, 112
Trd, 4318254.293, 108
Trd, 4318254.693, 99
Trd, 4318254.943, 102
Trd, 4318255.343, 87
Trd, 4318255.493, 87
Trd, 4318256.393, 124
Trd, 4318257.043, 88
Trd, 4318257.543, 96
Trd, 4318257.793, 85
Trd, 4318258.493, 124
Trd, 4318259.443, 139
Trd, 4318259.593, 129
Trd, 4318260.743, 101
Trd, 4318261.193, 95
Trd, 4318261.593, 124
Trd, 4318263.293, 111
Trd, 4318263.443, 105
Trd, 4318264.243, 87
Trd, 4318265.743, 70
Trd, 4318267.143, 90
Trd, 4318268.093, 60
Trd, 4318269.493, 81
Trd, 4318270.093, 78
Trd, 4318270.243, 107
Trd, 4318271.343, 65
Trd, 4318271.743, 61
Trd, 4318272.093, 68
Trd, 4318272.193, 75
Trd, 4318272.493, 82
Trd, 4318272.543, 85
Trd, 4318273.143, 60
Trd, 4318274.443, 69
Trd, 4318274.743, 129
Trd, 4318274.993, 103
Trd, 4318277.143, 110
Trd, 4318277.443, 105
Trd, 4318278.343, 101
Trd, 4318278.443, 117
Trd, 4318279.443, 104
Trd, 4318279.893, 86
Trd, 4318281.093, 125
Trd, 4318281.493, 123
Trd, 4318281.693, 110
Trd, 4318283.093, 77
Trd, 4318283.343, 73
Trd, 4318283.743, 95
Trd, 4318284.493, 113
Trd, 4318286.143, 119
Trd, 4318286.793, 105
Trd, 4318287.393, 111
Trd, 4318287.993, 105
Trd, 4318288.193, 105
Trd, 4318289.343, 84
Trd, 4318289.893, 82
Trd, 4318290.393, 131
Trd, 4318292.043, 108
Trd, 4318292.643, 121
Trd, 4318293.293, 120
Trd, 4318294.293, 110
Trd, 4318294.393, 104
Trd, 4318294.843, 101
Trd, 4318296.793, 74
Trd, 4318297.343, 91
Trd, 4318298.393, 133
Trd, 4318299.293, 136
Trd, 4318300.093, 97
Trd, 4318300.293, 92
Trd, 4318300.943, 79
Trd, 4318301.293, 73
Trd, 4318302.943, 119
Trd, 4318303.593, 128
Trd, 4318304.493, 103
Trd, 4318305.793, 96
Trd, 4318306.243, 74
Trd, 4318306.743, 81
Trd, 4318307.593, 139
Trd, 4318307.693, 133
Trd, 4318307.943, 127
Trd, 4318307.993, 116
Trd, 4318308.943, 118
Trd, 4318310.543, 116
Trd, 4318311.293, 109
Trd, 4318311.693, 127
Trd, 4318311.943, 116
Trd, 4318312.043, 82
Trd, 4318314.893, 71
Trd, 4318315.643, 126
Trd, 4318316.743, 92
Trd, 4318317.893, 96
Trd, 4318319.143, 98
Trd, 4318319.193, 105
Trd, 4318321.443, 132
Trd, 4318321.543, 128
Trd, 4318322.043, 125
Trd, 4318322.593, 118
Trd, 4318322.993, 100
Trd, 4318323.243, 114
Trd, 4318323.443, 93
Trd, 4318323.943, 72
Trd, 4318325.393, 103
Trd, 4318326.043, 137
Trd, 4318326.993, 99
Trd, 4318328.143, 131
Trd, 4318328.243, 126
Trd, 4318328.593, 106
Trd, 4318328.743, 91
Trd, 4318329.393, 61
Trd, 4318329.893, 72
Trd, 4318331.143, 99
Trd, 4318332.943, 130
Trd, 4318333.593, 121
Trd, 4318333.793, 113
Trd, 4318334.143, 106
Trd, 4318334.293, 63
Trd, 4318335.643, 61
Trd, 4318336.043, 65
Trd, 4318336.243, 70
Trd, 4318336.843, 64
Trd, 4318336.943, 128
Trd, 4318338.593, 78
Trd, 4318338.643, 80
Trd, 4318339.293, 85
Trd, 4318339.593, 69
Trd, 4318340.343, 117
Trd, 4318340.493, 115
Trd, 4318341.693, 63
Trd, 4318342.393, 94
Trd, 4318345.393, 95
Trd, 4318346.193, 70
Trd, 4318346.343, 90
Trd, 4318346.943, 67
Trd, 4318347.993, 73
Trd, 4318349.043, 86
Trd, 4318349.943, 94
Trd, 4318349.993, 88
Trd, 4318351.493, 124
Trd, 4318351.593, 98
Trd, 4318352.793, 107
Trd, 4318353.143, 109
Trd, 4318353.393, 136
Trd, 4318354.693, 90
Trd, 4318356.193, 135
Trd, 4318356.643, 124
Trd, 4318356.793, 115
Trd, 4318357.743, 98
Trd, 4318358.093, 97
Trd, 4318358.443, 109
Trd, 4318358.643, 97
Trd, 4318358.943, 85
Trd, 4318360.043, 79
Trd, 4318361.143, 90
Trd, 4318361.443, 95
Trd, 4318361.693, 78
Trd, 4318361.893, 89
Trd, 4318363.493, 90
Trd, 4318365.193, 132
Trd, 4318365.593, 101
Trd, 4318366.793, 119
Trd, 4318366.993, 113
Trd, 4318367.043, 100
Trd, 4318367.393, 120
Trd, 4318368.543, 105
Trd, 4318369.643, 81
Trd, 4318371.393, 76
Trd, 4318371.943, 79
Trd, 4318373.693, 83
Trd, 4318373.943, 87
Trd, 4318375.093, 118
Trd, 4318375.243, 116
Trd, 4318375.543, 115
Trd, 4318375.643, 89
Trd, 4318375.843, 89
Trd, 4318376.193, 91
Trd, 4318377.093, 133
Trd, 4318378.443, 115
Trd, 4318380.243, 107
Trd, 4318381.793, 130
Trd, 4318382.443, 112
Trd, 4318383.043, 140
Trd, 4318383.643, 125
Trd, 4318384.493, 100
Trd, 4318384.593, 95
Trd, 4318385.443, 113
Trd, 4318385.943, 105
Trd, 4318387.643, 127
Trd, 4318388.093, 124
Trd, 4318388.843, 119
Trd, 4318388.893, 116
Trd, 4318389.443, 128
Trd, 4318391.593, 103
Trd, 4318392.543, 111
Trd, 4318393.943, 125
Trd, 4318394.093, 101
Trd, 4318394.443, 91
Trd, 4318394.993, 103
Trd, 4318396.193, 107
Trd, 4318397.743, 109
Trd, 4318397.943, 102
Trd, 4318398.043, 81
Trd, 4318398.793, 88
Trd, 4318399.243, 84
Trd, 4318402.193, 66
Trd, 4318402.493, 111
Trd, 4318403.043, 130
Trd, 4318403.693, 67
Trd, 4318406.093, 104
Trd, 4318406.293, 90
Trd, 4318407.193, 91
Trd, 4318407.343, 87
Trd, 4318407.643, 86
Trd, 4318407.943, 61
Trd, 4318408.243, 116
Trd, 4318409.443, 74
Trd, 4318409.643, 60
Trd, 4318410.793, 63
Trd, 4318412.743, 107
Trd, 4318413.393, 129
Trd, 4318415.293, 100
Trd, 4318415.993, 104
Trd, 4318417.443, 104
Trd, 4318418.293, 99
Trd, 4318418.343, 98
Trd, 4318418.593, 88
Trd, 4318419.343, 130
Trd, 4318419.693, 88
Trd, 4318419.943, 83
Trd, 4318420.543, 92
Trd, 4318421.393, 76
Trd, 4318422.743, 108
Trd, 4318423.593, 118
Trd, 4318423.893, 129
Trd, 4318424.743, 112
Trd, 4318424.943, 92
Trd, 4318424.993, 91
Trd, 4318426.743, 76
Trd, 4318427.743, 135
Trd, 4318427.943, 110
Trd, 4318429.243, 84
Trd, 4318429.643, 82
Trd, 4318430.143, 125
Trd, 4318430.993, 64
Trd, 4318432.493, 115
Trd, 4318433.743, 108
Trd, 4318433.843, 91
Trd, 4318434.043, 86
Trd, 4318434.543, 120
Trd, 4318435.093, 103
Trd, 4318435.243, 85
Trd, 4318435.943, 130
Trd, 4318436.143, 112
Trd, 4318438.193, 107
Trd, 4318438.593, 96
Trd, 4318438.693, 110
Trd, 4318439.843, 96
Trd, 4318440.193, 90
Trd, 4318440.443, 90
Trd, 4318441.593, 109
Trd, 4318442.343, 86
Trd, 4318442.543, 84
Trd, 4318442.893, 75
Trd, 4318443.643, 65
Trd, 4318444.593, 127
Trd, 4318444.893, 119
Trd, 4318444.993, 116
Trd, 4318446.193, 73
Trd, 4318446.343, 73
Trd, 4318447.393, 63
Trd, 4318449.693, 122
Trd, 4318450.343, 128
Trd, 4318450.543, 120
Trd, 4318450.643, 90
Trd, 4318450.793, 84
Trd, 4318451.593, 129
Trd, 4318451.793, 123
Trd, 4318452.943, 103
Trd, 4318453.493, 60
Trd, 4318455.343, 103
Trd, 4318455.443, 116
Trd, 4318455.493, 87
Trd, 4318456.293, 83
Trd, 4318457.743, 135
Trd, 4318457.893, 119
Trd, 4318458.543, 137
Trd, 4318458.843, 95
Trd, 4318459.193, 130
Trd, 4318461.943, 127
Trd, 4318462.843, 104
Trd, 4318462.993, 125
Trd, 4318463.743, 71
Trd, 4318464.843, 107
Trd, 4318464.993, 126
Trd, 4318465.093, 118
Trd, 4318466.943, 91
Trd, 4318467.543, 90
Trd, 4318468.543, 76
Trd, 4318469.393, 70
Trd, 4318469.493, 92
Trd, 4318469.993, 100
Trd, 4318470.443, 99
Trd, 4318471.093, 94
Trd, 4318471.243, 82
Trd, 4318471.493, 109
Trd, 4318472.443, 74
Trd, 4318472.593, 76
Trd, 4318473.993, 121
Trd, 4318475.243, 113
Trd, 4318475.493, 89
Trd, 4318475.893, 68
Trd, 4318476.843, 140
Trd, 4318478.343, 120
Trd, 4318478.443, 117
Trd, 4318478.843, 89
Trd, 4318479.593, 123
Trd, 4318481.043, 99
Trd, 4318481.943, 112
Trd, 4318483.893, 112
Trd, 4318484.393, 102
Trd, 4318484.593, 123
Trd, 4318484.693, 116
Trd, 4318486.593, 90
Trd, 4318486.693, 121
Trd, 4318486.793, 84
Trd, 4318487.593, 100
Trd, 4318487.743, 80
Trd, 4318489.343, 133
Trd, 4318490.193, 135
Trd, 4318490.643, 136
Trd, 4318491.093, 130
Trd, 4318491.443, 126
Trd, 4318493.443, 133
Trd, 4318493.543, 122
Trd, 4318493.843, 105
Trd, 4318494.443, 94
Trd, 4318495.293, 72
Trd, 4318495.693, 81
Trd, 4318496.043, 100
Trd, 4318496.843, 115
Trd, 4318496.893, 82
Trd, 4318498.193, 123
Trd, 4318499.743, 118
Trd, 4318499.943, 115
Trd, 4318501.243, 110
Trd, 4318502.293, 127
Trd, 4318502.793, 119
Trd, 4318503.643, 108
Trd, 4318504.293, 104
Trd, 4318504.643, 97
Trd, 4318505.393, 107
Trd, 4318505.443, 98
Trd, 4318506.243, 83
Trd, 4318506.543, 109
Trd, 4318507.643, 109
Trd, 4318508.193, 128
Trd, 4318508.843, 85
Trd, 4318510.843, 80
Trd, 4318511.143, 119
Trd, 4318511.893, 102
Trd, 4318512.243, 99
Trd, 4318512.943, 109
Trd, 4318513.593, 121
Trd, 4318513.893, 83
Trd, 4318514.343, 136
Trd, 4318514.643, 122
Trd, 4318515.043, 116
Trd, 4318516.293, 112
Trd, 4318517.393, 96
Trd, 4318517.993, 92
Trd, 4318518.993, 135
Trd, 4318520.343, 136
Trd, 4318521.443, 91
Trd, 4318522.093, 96
Trd, 4318522.743, 89
Trd, 4318522.793, 72
Trd, 4318523.943, 125
Trd, 4318524.593, 119
Trd, 4318525.743, 114
Trd, 4318526.143, 118
Trd, 4318526.193, 108
Trd, 4318527.493, 87
Trd, 4318527.593, 102
Trd, 4318527.843, 101
Trd, 4318528.443, 78
Trd, 4318529.343, 79
Trd, 4318529.693, 75
Trd, 4318530.693, 72
Trd, 4318531.243, 63
Trd, 4318531.643, 94
Trd, 4318532.243, 128
Trd, 4318532.743, 104
Trd, 4318533.843, 98
Trd, 4318534.293, 76
Trd, 4318535.643, 101
Trd, 4318535.843, 105
Trd, 4318536.643, 96
Trd, 4318536.993, 94
Trd, 4318537.543, 85
Trd, 4318537.943, 111
Trd, 4318538.993, 98
Trd, 4318539.743, 75
Trd, 4318540.893, 122
Trd, 4318541.643, 95
Trd, 4318542.043, 71
Trd, 4318543.293, 137
Trd, 4318544.093, 134
Trd, 4318544.343, 125
Trd, 4318544.593, 101
Trd, 4318545.093, 72
Trd, 4318545.693, 66
Trd, 4318546.543, 136
Trd, 4318547.543, 86
Trd, 4318548.043, 75
Trd, 4318549.693, 78
Trd, 4318549.893, 128
Trd, 4318551.093, 102
Trd, 4318551.343, 105
Trd, 4318551.993, 109
Trd, 4318552.193, 101
Trd, 4318552.543, 132
Trd, 4318554.243, 92
Trd, 4318555.243, 126
Trd, 4318556.593, 111
Trd, 4318557.093, 94
Trd, 4318558.643, 137
Trd, 4318559.093, 131
Trd, 4318559.193, 131
Trd, 4318559.593, 117
Trd, 4318560.143, 112
Trd, 4318561.143, 99
Trd, 4318562.493, 121
Trd, 4318562.993, 110
Trd, 4318563.093, 91
Trd, 4318563.293, 90
Trd, 4318564.993, 65
Trd, 4318565.193, 86
Trd, 4318565.793, 86
Trd, 4318566.543, 84
Trd, 4318567.293, 96
Trd, 4318568.643, 92
Trd, 4318568.843, 83
Trd, 4318569.893, 102
Trd, 4318570.093, 113
Trd, 4318570.793, 96
Trd, 4318571.493, 117
Trd, 4318572.343, 138
Trd, 4318572.593, 118
Trd, 4318572.643, 93
Trd, 4318574.093, 131
Trd, 4318574.993, 126
Trd, 4318575.793, 136
Trd, 4318576.043, 133
Trd, 4318576.743, 111
Trd, 4318577.293, 107
Trd, 4318577.743, 99
Trd, 4318577.893, 96
Trd, 4318579.093, 83
Trd, 4318580.493, 69
Trd, 4318581.143, 62
Trd, 4318581.943, 133
Trd, 4318582.243, 127
Trd, 4318582.643, 107
Trd, 4318583.093, 132
Trd, 4318584.243, 118
Trd, 4318584.743, 104
Trd, 4318584.943, 101
Trd, 4318585.143, 100
Trd, 4318585.243, 132
Trd, 4318585.693, 72
Trd, 4318586.743, 137
Trd, 4318587.343, 121
Trd, 4318588.193, 132
Trd, 4318588.893, 104
Trd, 4318590.443, 120
Trd, 4318590.943, 105
Trd, 4318591.093, 100
Trd, 4318591.593, 82
Trd, 4318592.043, 107
Trd, 4318594.443, 124
Trd, 4318594.493, 105
Trd, 4318594.843, 131
Trd, 4318595.893, 85
Trd, 4318597.593, 66
Trd, 4318598.243, 69
Trd, 4318598.393, 117
Trd, 4318599.793, 93
Trd, 4318600.193, 101
Trd, 4318600.943, 86
Trd, 4318600.993, 87
Trd, 4318601.143, 102
Trd, 4318602.893, 73
Trd, 4318604.193, 83
Trd, 4318604.893, 81
Trd, 4318605.943, 87
Trd, 4318606.443, 122
Trd, 4318606.593, 101
Trd, 4318607.443, 116
Trd, 4318609.443, 93
Trd, 4318611.393, 95
Trd, 4318612.893, 101
Trd, 4318613.943, 112
Trd, 4318614.393, 117
Trd, 4318614.493, 112
Trd, 4318614.943, 120
Trd, 4318616.243, 119
Trd, 4318616.593, 112
Trd, 4318617.093, 108
Trd, 4318617.693, 137
Trd, 4318617.793, 133
Trd, 4318618.843, 122
Trd, 4318619.793, 97
Trd, 4318621.193, 93
Trd, 4318622.043, 91
Trd, 4318622.493, 115
Trd, 4318623.643, 106
Trd, 4318623.843, 135
Trd, 4318624.943, 110
Trd, 4318624.993, 91
Trd, 4318625.293, 132
Trd, 4318625.343, 71
Trd, 4318626.543, 132
Trd, 4318627.393, 110
Trd, 4318627.943, 108
Trd, 4318628.343, 99
Trd, 4318628.993, 106
Trd, 4318629.293, 101
Trd, 4318629.543, 108
Trd, 4318630.693, 111
Trd, 4318630.843, 111
Trd, 4318632.143, 99
Trd, 4318632.993, 108
Trd, 4318633.243, 106
Trd, 4318634.193, 126
Trd, 4318634.543, 95
Trd, 4318635.593, 93
Trd, 4318635.743, 109
Trd, 4318637.543, 127
Trd, 4318638.243, 115
Trd, 4318638.393, 133
Trd, 4318638.643, 114
Trd, 4318638.943, 110
Trd, 4318640.493, 68
Trd, 4318640.993, 78
Trd, 4318641.243, 73
Trd, 4318641.343, 100
Trd, 4318641.493, 123
Trd, 4318642.843, 73
Trd, 4318643.693, 102
Trd, 4318643.793, 82
Trd, 4318644.093, 68
Trd, 4318645.243, 61
Trd, 4318645.843, 68
Trd, 4318646.593, 64
Trd, 4318648.743, 109
Trd, 4318648.793, 121
Trd, 4318648.843, 107
Trd, 4318650.643, 110
Trd, 4318651.543, 99
Trd, 4318651.693, 102
Trd, 4318652.193, 90
Trd, 4318653.093, 66
Trd, 4318654.543, 112
Trd, 4318655.243, 109
Trd, 4318655.643, 95
Trd, 4318656.043, 94
Trd, 4318656.543, 116
Trd, 4318656.943, 72
Trd, 4318657.493, 103
Trd, 4318657.943, 132
Trd, 4318659.043, 62
Trd, 4318659.193, 64
Trd, 4318659.943, 75
Trd, 4318660.593, 134
Trd, 4318660.643, 80
Trd, 4318662.543, 111
Trd, 4318662.593, 90
Trd, 4318662.643, 65
Trd, 4318663.543, 132
Trd, 4318664.543, 107
Trd, 4318665.093, 104
Trd, 4318665.393, 99
Trd, 4318665.443, 124
Trd, 4318666.043, 133
Trd, 4318667.093, 118
Trd, 4318667.193, 124
Trd, 4318667.293, 108
Trd, 4318667.643, 61
Trd, 4318669.743, 118
Trd, 4318671.043, 74
Trd, 4318672.393, 115
Trd, 4318673.293, 113
Trd, 4318673.393, 113
Trd, 4318673.793, 135
Trd, 4318674.743, 132
Trd, 4318675.493, 95
Trd, 4318676.143, 109
Trd, 4318676.293, 103
Trd, 4318677.593, 84
Trd, 4318678.043, 75
Trd, 4318678.893, 69
Trd, 4318679.143, 72
Trd, 4318681.593, 112
Trd, 4318681.943, 76
Trd, 4318682.343, 61
Trd, 4318683.843, 117
Trd, 4318684.193, 111
Trd, 4318684.493, 104
Trd, 4318685.843, 96
Trd, 4318685.943, 123
Trd, 4318686.693, 116
Trd, 4318687.543, 85
Trd, 4318688.243, 104
Trd, 4318688.543, 123
Trd, 4318688.993, 85
Trd, 4318689.293, 120
Trd, 4318689.743, 121
Trd, 4318689.993, 85
Trd, 4318690.293, 76
Trd, 4318691.643, 67
Trd, 4318691.943, 61
Trd, 4318692.493, 62
Trd, 4318693.043, 114
Trd, 4318694.443, 105
Trd, 4318694.793, 103
Trd, 4318694.993, 86
Trd, 4318695.393, 81
Trd, 4318696.593, 139
Trd, 4318696.993, 134
Trd, 4318699.093, 103
Trd, 4318699.193, 97
Trd, 4318699.443, 113
Trd, 4318699.643, 110
Trd, 4318700.493, 93
Trd, 4318701.743, 100
Trd, 4318702.393, 122
Trd, 4318702.793, 129
Trd, 4318703.993, 119
Trd, 4318704.893, 112
Trd, 4318705.543, 131
Trd, 4318705.843, 94
Trd, 4318707.343, 97
Trd, 4318707.593, 68
Trd, 4318708.393, 84
Trd, 4318708.793, 98
Trd, 4318709.393, 95
Trd, 4318709.943, 83
Trd, 4318710.193, 82
Trd, 4318710.643, 62
Trd, 4318713.493, 138
Trd, 4318713.643, 126
Trd, 4318713.693, 80
Trd, 4318714.943, 93
Trd, 4318715.293, 110
Trd, 4318715.543, 93
Trd, 4318715.843, 119
Trd, 4318717.243, 85
Trd, 4318717.893, 62
Trd, 4318717.943, 62
Trd, 4318719.143, 64
Trd, 4318720.293, 73
Trd, 4318720.893, 63
Trd, 4318721.443, 115
Trd, 4318723.143, 113
Trd, 4318723.643, 91
Trd, 4318724.743, 92
Trd, 4318725.393, 93
Trd, 4318725.543, 112
Trd, 4318726.143, 135
Trd, 4318726.293, 132
Trd, 4318726.743, 115
Trd, 4318727.193, 108
Trd, 4318728.543, 60
Trd, 4318729.393, 75
Trd, 4318730.793, 107
Trd, 4318731.193, 92
Trd, 4318731.643, 83
Trd, 4318732.743, 94
Trd, 4318733.493, 101
Trd, 4318733.993, 137
Trd, 4318734.593, 92
Trd, 4318735.493, 79
Trd, 4318735.793, 79
Trd, 4318736.693, 85
Trd, 4318736.843, 133
Trd, 4318738.093, 86
Trd, 4318739.743, 96
Trd, 4318740.093, 94
Trd, 4318740.643, 111
Trd, 4318741.243, 89
Trd, 4318741.543, 87
Trd, 4318742.143, 76
Trd, 4318742.543, 78
Trd, 4318743.693, 80
Trd, 4318743.843, 123
Trd, 4318745.843, 133
Trd, 4318746.243, 116
Trd, 4318746.893, 60
Trd, 4318747.793, 121
Trd, 4318748.543, 87
Trd, 4318749.843, 122
Trd, 4318750.093, 114
Trd, 4318751.093, 73
Trd, 4318751.843, 96
Trd, 4318752.393, 132
Trd, 4318752.493, 132
Trd, 4318752.993, 115
Trd, 4318753.493, 106
Trd, 4318754.043, 106
Trd, 4318756.293, 70
Trd, 4318758.343, 132
Trd, 4318758.393, 107
Trd, 4318758.693, 86
Trd, 4318759.643, 121
Trd, 4318760.643, 115
Trd, 4318761.143, 81
Trd, 4318761.193, 79
Trd, 4318762.193, 77
Trd, 4318762.493, 73
Trd, 4318763.393, 70
Trd, 4318764.643, 72
Trd, 4318765.143, 96
Trd, 4318765.993, 128
Trd, 4318766.343, 138
Trd, 4318766.443, 104
Trd, 4318767.243, 102
Trd, 4318768.243, 108
Trd, 4318769.293, 103
Trd, 4318769.393, 92
Trd, 4318770.043, 80
Trd, 4318770.693, 100
Trd, 4318771.343, 120
Trd, 4318771.793, 103
Trd, 4318773.293, 83
Trd, 4318773.693, 116
Trd, 4318774.393, 111
Trd, 4318774.443, 107
Trd, 4318775.893, 122
Trd, 4318776.793, 121
Trd, 4318778.143, 139
Trd, 4318778.393, 133
Trd, 4318779.393, 92
Trd, 4318779.443, 83
Trd, 4318779.893, 62
Trd, 4318780.593, 124
Trd, 4318781.543, 75
Trd, 4318783.593, 114
Trd, 4318783.843, 112
Trd, 4318784.443, 124
Trd, 4318784.943, 140
Trd, 4318785.343, 109
Trd, 4318785.393, 103
Trd, 4318785.943, 73
Trd, 4318789.893, 84
Trd, 4318790.243, 72
Trd, 4318790.393, 71
Trd, 4318791.143, 109
Trd, 4318791.593, 106
Trd, 4318792.193, 84
Trd, 4318793.393, 114
Trd, 4318793.593, 139
Trd, 4318793.743, 74
Trd, 4318794.093, 72
Trd, 4318794.143, 71
Trd, 4318795.793, 135
Trd, 4318796.143, 80
Trd, 4318796.993, 97
Trd, 4318797.443, 116
Trd, 4318797.893, 75
Trd, 4318798.443, 71
Trd, 4318798.693, 73
Trd, 4318799.843, 65
Trd, 4318800.493, 114
Trd, 4318800.793, 120
Trd, 4318803.993, 121
Trd, 4318804.443, 118
Trd, 4318804.893, 93
Trd, 4318805.593, 79
Trd, 4318807.643, 83
Trd, 4318808.043, 119
Trd, 4318808.293, 75
Trd, 4318809.593, 66
Trd, 4318809.793, 74
Trd, 4318810.593, 96
Trd, 4318811.493, 104
Trd, 4318812.893, 90
Trd, 4318813.043, 113
Trd, 4318814.043, 114
Trd, 4318815.193, 122
Trd, 4318816.993, 109
Trd, 4318817.093, 110
Trd, 4318817.343, 115
Trd, 4318817.643, 105
Trd, 4318818.643, 112
Trd, 4318820.443, 140
Trd, 4318820.943, 136
Trd, 4318821.593, 132
Trd, 4318822.143, 120
Trd, 4318822.993, 116
Trd, 4318823.243, 107
Trd, 4318823.543, 72
Trd, 4318825.593, 124
Trd, 4318826.493, 111
Trd, 4318827.343, 138
Trd, 4318827.593, 133
Trd, 4318827.893, 130
Trd, 4318828.893, 114
Trd, 4318829.393, 107
Trd, 4318829.993, 88
Trd, 4318830.393, 90
Trd, 4318831.793, 87
Trd, 4318832.093, 81
Trd, 4318832.243, 79
Trd, 4318832.393, 72
Trd, 4318832.643, 88
Trd, 4318833.943, 139
Trd, 4318834.643, 105
Trd, 4318834.893, 100
Trd, 4318837.943, 133
Trd, 4318837.993, 111
Trd, 4318839.493, 129
Trd, 4318840.243, 122
Trd, 4318840.393, 100
Trd, 4318840.843, 98
Trd, 4318840.943, 93
Trd, 4318841.543, 129
Trd, 4318841.693, 81
Trd, 4318842.493, 114
Trd, 4318842.843, 109
Trd, 4318843.193, 65
Trd, 4318844.343, 93
Trd, 4318844.993, 87
Trd, 4318845.543, 107
Trd, 4318846.443, 137
Trd, 4318846.793, 133
Trd, 4318846.943, 129
Trd, 4318848.693, 82
Trd, 4318849.343, 85
Trd, 4318849.643, 66
Trd, 4318850.293, 76
Trd, 4318851.293, 66
Trd, 4318851.543, 70
Trd, 4318852.693, 70
Trd, 4318853.093, 85
Trd, 4318853.593, 91
Trd, 4318854.193, 66
Trd, 4318855.243, 66
Trd, 4318855.993, 71
Trd, 4318856.393, 89
Trd, 4318856.993, 122
Trd, 4318859.093, 115
Trd, 4318859.943, 103
Trd, 4318860.293, 97
Trd, 4318861.093, 108
Trd, 4318861.193, 93
Trd, 4318862.393, 132
Trd, 4318862.793, 122
Trd, 4318863.143, 94
Trd, 4318863.643, 92
Trd, 4318863.843, 86
Trd, 4318865.543, 116
Trd, 4318868.143, 73
Trd, 4318869.093, 125
Trd, 4318869.443, 119
Trd, 4318869.643, 112
Trd, 4318870.593, 104
Trd, 4318871.493, 119
Trd, 4318871.743, 99
Trd, 4318872.093, 97
Trd, 4318872.443, 109
Trd, 4318873.893, 88
Trd, 4318873.943, 79
Trd, 4318875.143, 140
Trd, 4318875.743, 121
Trd, 4318876.343, 99
Trd, 4318876.443, 94
Trd, 4318877.993, 136
Trd, 4318879.543, 137
Trd, 4318879.793, 134
Trd, 4318880.593, 96
Trd, 4318880.643, 94
Trd, 4318881.843, 135
Trd, 4318881.893, 111
Trd, 4318882.493, 84
Trd, 4318884.293, 117
Trd, 4318886.993, 139
Trd, 4318887.593, 136
Trd, 4318888.343, 133
Trd, 4318888.543, 127
Trd, 4318889.043, 100
Trd, 4318889.993, 137
Trd, 4318891.993, 63
Trd, 4318892.343, 120
Trd, 4318893.343, 80
Trd, 4318893.693, 111
Trd, 4318894.293, 90
Trd, 4318895.643, 79
Trd, 4318896.143, 139
Trd, 4318897.343, 118
Trd, 4318897.693, 111
Trd, 4318897.943, 109
Trd, 4318900.343, 74
Trd, 4318900.943, 98
Trd, 4318900.993, 76
Trd, 4318902.143, 88
Trd, 4318902.693, 86
Trd, 4318902.993, 84
Trd, 4318904.293, 97
Trd, 4318904.993, 102
Trd, 4318906.393, 71
Trd, 4318907.093, 84
Trd, 4318907.193, 64
Trd, 4318908.443, 135
Trd, 4318909.543, 67
Trd, 4318909.743, 91
Trd, 4318909.993, 78
Trd, 4318910.193, 108
Trd, 4318911.793, 74
Trd, 4318912.093, 64
Trd, 4318914.043, 66
Trd, 4318914.943, 70
Trd, 4318916.293, 102
Trd, 4318916.893, 127
Trd, 4318917.043, 84
Trd, 4318917.293, 88
Trd, 4318917.743, 68
Trd, 4318918.243, 71
Trd, 4318919.493, 96
Trd, 4318920.943, 73
Trd, 4318921.043, 63
Trd, 4318922.393, 70
Trd, 4318923.843, 106
Trd, 4318924.793, 133
Trd, 4318925.093, 123
Trd, 4318925.393, 121
Trd, 4318926.943, 113
Trd, 4318927.643, 99
Trd, 4318928.293, 111
Trd, 4318930.043, 132
Trd, 4318930.093, 130
Trd, 4318930.643, 113
Trd, 4318930.843, 112
Trd, 4318931.093, 105
Trd, 4318931.643, 104
Trd, 4318931.893, 136
Trd, 4318932.843, 62
Trd, 4318932.893, 75
Trd, 4318934.743, 128
Trd, 4318936.143, 115
Trd, 4318936.993, 109
Trd, 4318937.793, 137
Trd, 4318938.043, 125
Trd, 4318938.293, 93
Trd, 4318938.993, 118
Trd, 4318939.593, 72
Trd, 4318940.343, 107
Trd, 4318940.693, 105
Trd, 4318942.143, 105
Trd, 4318942.743, 102
Trd, 4318943.143, 100
Trd, 4318943.893, 90
Trd, 4318945.443, 116
Trd, 4318947.693, 97
Trd, 4318947.943, 127
Trd, 4318948.143, 99
Trd, 4318948.793, 115
Trd, 4318949.593, 81
Trd, 4318951.343, 101
Trd, 4318951.643, 106
Trd, 4318951.893, 112
Trd, 4318953.643, 112
Trd, 4318953.843, 112
Trd, 4318954.393, 86
Trd, 4318954.893, 108
Trd, 4318955.943, 84
Trd, 4318957.643, 109
Trd, 4318957.893, 89
Trd, 4318958.493, 87
Trd, 4318958.743, 122
Trd, 4318959.343, 82
Trd, 4318961.143, 65
Trd, 4318961.293, 86
Trd, 4318961.643, 61
Trd, 4318962.243, 131
Trd, 4318962.743, 102
Trd, 4318964.043, 116
Trd, 4318965.193, 120
Trd, 4318965.643, 115
Trd, 4318966.393, 105
Trd, 4318967.593, 118
Trd, 4318968.893, 96
Trd, 4318969.893, 118
Trd, 4318970.043, 104
Trd, 4318971.093, 132
Trd, 4318971.443, 123
Trd, 4318972.543, 132
Trd, 4318973.093, 134
Trd, 4318973.643, 113
Trd, 4318974.093, 97
Trd, 4318974.943, 98
Trd, 4318975.543, 83
Trd, 4318976.093, 115
Trd, 4318976.493, 81
Trd, 4318977.243, 93
Trd, 4318977.543, 81
Trd, 4318977.943, 109
Trd, 4318978.643, 137
Trd, 4318980.093, 80
Trd, 4318980.893, 79
Trd, 4318981.493, 79
Trd, 4318982.593, 122
Trd, 4318982.893, 103
Trd, 4318983.543, 126
Trd, 4318983.693, 115
Trd, 4318984.593, 82
Trd, 4318986.193, 140
Trd, 4318986.393, 110
Trd, 4318986.643, 92
Trd, 4318988.343, 127
Trd, 4318988.643, 113
Trd, 4318989.093, 136
Trd, 4318989.393, 96
Trd, 4318991.993, 98
Trd, 4318992.143, 86
Trd, 4318993.943, 78
Trd, 4318993.993, 81
Trd, 4318995.343, 130
Trd, 4318996.243, 125
Trd, 4318996.393, 132
Trd, 4318996.643, 107
Trd, 4318998.043, 76
Trd, 4318999.693, 95
Trd, 4318999.793, 114
Trd, 4319000.443, 92
Trd, 4319001.743, 87
Trd, 4319001.843, 102
Trd, 4319002.143, 86
Trd, 4319002.493, 132
Trd, 4319002.543, 112
Trd, 4319002.593, 84
Trd, 4319004.193, 122
Trd, 4319005.043, 98
Trd, 4319005.243, 99
Trd, 4319005.893, 65
Trd, 4319007.293, 138
Trd, 4319007.343, 136
Trd, 4319007.993, 115
Trd, 4319008.293, 110
Trd, 4319010.143, 97
Trd, 4319011.743, 103
Trd, 4319012.193, 100
Trd, 4319012.843, 96
Trd, 4319013.193, 113
Trd, 4319013.443, 84
Trd, 4319015.193, 89
Trd, 4319015.343, 66
Trd, 4319017.093, 96
Trd, 4319017.993, 100
Trd, 4319019.143, 96
Trd, 4319019.893, 103
Trd, 4319020.043, 109
Trd, 4319021.143, 102
Trd, 4319021.643, 108
Trd, 4319022.293, 100
Trd, 4319022.443, 111
Trd, 4319022.493, 91
Trd, 4319023.943, 65
Trd, 4319024.493, 140
Trd, 4319024.843, 110
Trd, 4319025.743, 109
Trd, 4319027.593, 82
Trd, 4319028.093, 87
Trd, 4319028.393, 82
Trd, 4319029.343, 127
Trd, 4319030.693, 100
Trd, 4319031.143, 71
Trd, 4319032.243, 109
Trd, 4319032.343, 89
Trd, 4319032.793, 83
Trd, 4319033.343, 139
Trd, 4319033.543, 82
Trd, 4319033.893, 115
Trd, 4319035.143, 123
Trd, 4319036.543, 68
Trd, 4319036.693, 90
Trd, 4319037.243, 96
Trd, 4319037.593, 88
Trd, 4319038.893, 111
Trd, 4319038.943, 110
Trd, 4319039.943, 102
Trd, 4319040.493, 78
Trd, 4319040.543, 78
Trd, 4319040.943, 81
Trd, 4319041.543, 70
Trd, 4319042.293, 120
Trd, 4319042.993, 102
Trd, 4319043.893, 136
Trd, 4319045.893, 139
Trd, 4319046.543, 119
Trd, 4319046.743, 87
Trd, 4319046.893, 84
Trd, 4319047.993, 81
Trd, 4319048.593, 100
Trd, 4319048.943, 66
Trd, 4319049.643, 64
Trd, 4319051.043, 122
Trd, 4319051.093, 64
Trd, 4319052.043, 107
Trd, 4319053.093, 68
Trd, 4319053.843, 79
Trd, 4319055.343, 106
Trd, 4319055.593, 112
Trd, 4319055.743, 102
Trd, 4319056.793, 93
Trd, 4319058.343, 117
Trd, 4319058.843, 110
Trd, 4319059.093, 107
Trd, 4319059.343, 107
Trd, 4319060.193, 124
Trd, 4319061.143, 117
Trd, 4319061.243, 98
Trd, 4319061.793, 123
Trd, 4319062.243, 122
Trd, 4319063.393, 104
Trd, 4319064.393, 91
Trd, 4319066.543, 63
Trd, 4319067.143, 119
Trd, 4319067.943, 135
Trd, 4319068.193, 135
Trd, 4319068.543, 102
Trd, 4319069.693, 73
Trd, 4319070.793, 73
Trd, 4319072.543, 98
Trd, 4319072.693, 101
Trd, 4319072.893, 130
Trd, 4319073.843, 124
Trd, 4319074.243, 118
Trd, 4319074.393, 90
Trd, 4319075.193, 92
Trd, 4319075.343, 77
Trd, 4319076.143, 62
Trd, 4319078.343, 102
Trd, 4319078.493, 115
Trd, 4319080.093, 102
Trd, 4319080.693, 129
Trd, 4319081.043, 127
Trd, 4319082.293, 73
Trd, 4319082.493, 90
Trd, 4319082.693, 107
Trd, 4319083.293, 82
Trd, 4319083.493, 80
Trd, 4319084.493, 129
Trd, 4319084.993, 138
Trd, 4319085.143, 114
Trd, 4319086.993, 107
Trd, 4319087.243, 139
Trd, 4319087.993, 109
Trd, 4319088.443, 103
Trd, 4319088.593, 128
Trd, 4319089.443, 90
Trd, 4319089.693, 85
Trd, 4319091.243, 111
Trd, 4319092.643, 97
Trd, 4319092.993, 87
Trd, 4319093.493, 139
Trd, 4319094.043, 107
Trd, 4319095.393, 116
Trd, 4319095.593, 113
Trd, 4319096.493, 109
Trd, 4319096.943, 102
Trd, 4319097.493, 117
Trd, 4319098.643, 116
Trd, 4319098.943, 90
Trd, 4319099.643, 132
Trd, 4319099.793, 93
Trd, 4319101.643, 82
Trd, 4319102.943, 76
Trd, 4319103.343, 107
Trd, 4319104.443, 127
Trd, 4319104.543, 101
Trd, 4319105.493, 107
Trd, 4319106.293, 69
Trd, 4319107.543, 121
Trd, 4319108.443, 82
Trd, 4319108.493, 81
Trd, 4319108.793, 64
Trd, 4319109.743, 103
Trd, 4319110.093, 107
Trd, 4319110.693, 91
Trd, 4319110.793, 90
Trd, 4319111.243, 140
Trd, 4319112.293, 72
Trd, 4319113.643, 120
Trd, 4319113.943, 88
Trd, 4319114.393, 126
Trd, 4319114.693, 115
Trd, 4319116.543, 139
Trd, 4319117.893, 87
Trd, 4319118.593, 113
Trd, 4319118.793, 109
Trd, 4319118.843, 108
Trd, 4319119.143, 105
Trd, 4319119.693, 76
Trd, 4319121.043, 116
Trd, 4319122.243, 111
Trd, 4319122.343, 82
Trd, 4319122.743, 118
Trd, 4319123.293, 116
Trd, 4319124.143, 105
Trd, 4319124.843, 125
Trd, 4319126.343, 116
Trd, 4319126.743, 113
Trd, 4319127.143, 101
Trd, 4319127.393, 97
Trd, 4319127.943, 109
Trd, 4319128.993, 126
Trd, 4319129.393, 97
Trd, 4319131.243, 132
Trd, 4319131.843, 71
Trd, 4319132.793, 78
Trd, 4319133.293, 77
Trd, 4319133.793, 101
Trd, 4319134.893, 122
Trd, 4319135.093, 124
Trd, 4319135.343, 127
Trd, 4319135.493, 111
Trd, 4319135.593, 99
Trd, 4319137.943, 127
Trd, 4319138.343, 126
Trd, 4319138.843, 115
Trd, 4319138.943, 107
Trd, 4319139.793, 133
Trd, 4319140.093, 132
Trd, 4319140.393, 126
Trd, 4319140.543, 114
Trd, 4319142.343, 120
Trd, 4319142.943, 119
Trd, 4319143.593, 101
Trd, 4319144.193, 87
Trd, 4319144.693, 64
Trd, 4319145.843, 102
Trd, 4319146.193, 90
Trd, 4319146.893, 97
Trd, 4319147.193, 71
Trd, 4319147.643, 85
Trd, 4319149.443, 66
Trd, 4319150.893, 85
Trd, 4319151.743, 114
Trd, 4319153.043, 137
Trd, 4319153.143, 122
Trd, 4319153.243, 114
Trd, 4319153.643, 94
Trd, 4319153.843, 90
Trd, 4319154.093, 106
Trd, 4319154.843, 72
Trd, 4319156.043, 80
Trd, 4319157.343, 78
Trd, 4319157.643, 66
Trd, 4319159.543, 124
Trd, 4319161.143, 136
Trd, 4319161.543, 104
Trd, 4319161.693, 100
Trd, 4319162.843, 99
Trd, 4319163.643, 122
Trd, 4319164.343, 116
Trd, 4319164.543, 111
Trd, 4319164.793, 101
Trd, 4319164.843, 100
Trd, 4319166.193, 127
Trd, 4319166.343, 85
Trd, 4319166.593, 73
Trd, 4319168.043, 81
Trd, 4319168.143, 95
Trd, 4319169.393, 64
Trd, 4319169.593, 99
Trd, 4319170.493, 103
Trd, 4319171.593, 91
Trd, 4319172.293, 116
Trd, 4319172.493, 90
Trd, 4319173.893, 116
Trd, 4319174.043, 114
Trd, 4319174.343, 132
Trd, 4319175.243, 110
Trd, 4319176.343, 84
Trd, 4319176.843, 71
Trd, 4319178.143, 98
Trd, 4319178.543, 131
Trd, 4319178.743, 128
Trd, 4319178.793, 91
Trd, 4319179.693, 79
Trd, 4319181.193, 121
Trd, 4319182.893, 89
Trd, 4319183.193, 78
Trd, 4319183.743, 138
Trd, 4319184.043, 104
Trd, 4319184.793, 91
Trd, 4319186.293, 121
Trd, 4319188.043, 118
Trd, 4319188.893, 114
Trd, 4319189.193, 110
Trd, 4319189.243, 108
Trd, 4319189.593, 97
Trd, 4319190.493, 111
Trd, 4319191.043, 112
Trd, 4319191.243, 108
Trd, 4319191.393, 136
Trd, 4319193.343, 139
Trd, 4319193.393, 135
Trd, 4319194.043, 107
Trd, 4319194.193, 114
Trd, 4319194.793, 72
Trd, 4319195.593, 120
Trd, 4319195.643, 91
Trd, 4319196.543, 83
Trd, 4319196.793, 113
Trd, 4319198.343, 99
Trd, 4319199.743, 80
Trd, 4319200.143, 126
Trd, 4319200.843, 115
Trd, 4319201.093, 67
Trd, 4319201.843, 95
Trd, 4319202.093, 68
Trd, 4319202.593, 72
Trd, 4319202.993, 74
Trd, 4319203.693, 61
Trd, 4319205.243, 112
Trd, 4319206.443, 96
Trd, 4319207.043, 80
Trd, 4319207.093, 73
Trd, 4319208.293, 68
Trd, 4319208.743, 73
Trd, 4319209.243, 125
Trd, 4319209.443, 78
Trd, 4319210.493, 139
Trd, 4319210.943, 136
Trd, 4319211.093, 127
Trd, 4319211.643, 124
Trd, 4319211.693, 121
Trd, 4319213.293, 120
Trd, 4319213.493, 101
Trd, 4319213.693, 110
Trd, 4319214.743, 136
Trd, 4319216.293, 108
Trd, 4319216.543, 98
Trd, 4319217.893, 90
Trd, 4319218.693, 89
Trd, 4319219.293, 85
Trd, 4319219.393, 91
Trd, 4319220.143, 88
Trd, 4319220.293, 101
Trd, 4319222.043, 127
Trd, 4319222.143, 108
Trd, 4319222.843, 86
Trd, 4319223.493, 86
Trd, 4319225.143, 94
Trd, 4319226.543, 74
Trd, 4319226.943, 73
Trd, 4319227.843, 107
Trd, 4319227.943, 102
Trd, 4319228.343, 137
Trd, 4319228.543, 114
Trd, 4319229.893, 117
Trd, 4319230.143, 87
Trd, 4319230.493, 73
Trd, 4319230.543, 78
Trd, 4319231.193, 86
Trd, 4319232.743, 121
Trd, 4319233.093, 117
Trd, 4319233.493, 95
Trd, 4319234.193, 136
Trd, 4319234.993, 74
Trd, 4319235.593, 91
Trd, 4319237.343, 113
Trd, 4319238.743, 108
Trd, 4319239.093, 107
Trd, 4319239.493, 102
Trd, 4319240.643, 90
Trd, 4319240.943, 117
Trd, 4319241.043, 124
Trd, 4319241.143, 81
Trd, 4319241.293, 80
Trd, 4319242.543, 112
Trd, 4319243.043, 126
Trd, 4319243.643, 108
Trd, 4319243.843, 88
Trd, 4319244.193, 125
Trd, 4319245.943, 87
Trd, 4319246.043, 75
Trd, 4319246.293, 112
Trd, 4319246.693, 135
Trd, 4319247.393, 72
Trd, 4319248.293, 138
Trd, 4319250.193, 62
Trd, 4319251.693, 60
Trd, 4319252.743, 139
Trd, 4319252.793, 128
Trd, 4319253.593, 107
Trd, 4319254.043, 100
Trd, 4319254.293, 96
Trd, 4319254.443, 87
Trd, 4319255.693, 94
Trd, 4319255.943, 109
Trd, 4319256.643, 129
Trd, 4319257.243, 97
Trd, 4319257.793, 79
Trd, 4319259.193, 84
Trd, 4319260.143, 106
Trd, 4319260.743, 100
Trd, 4319260.993, 79
Trd, 4319261.943, 84
Trd, 4319262.493, 78
Trd, 4319265.093, 100
Trd, 4319265.443, 82
Trd, 4319265.793, 114
Trd, 4319266.093, 74
Trd, 4319266.743, 132
Trd, 4319266.993, 68
Trd, 4319267.693, 85
Trd, 4319267.793, 93
Trd, 4319269.543, 84
Trd, 4319270.293, 106
Trd, 4319271.543, 103
Trd, 4319271.843, 89
Trd, 4319272.693, 66
Trd, 4319273.243, 96
Trd, 4319274.693, 74
Trd, 4319274.993, 79
Trd, 4319275.093, 88
Trd, 4319275.243, 67
Trd, 4319276.493, 63
Trd, 4319277.143, 87
Trd, 4319279.093, 63
Trd, 4319279.493, 72
Trd, 4319279.743, 69
Trd, 4319279.893, 77
Trd, 4319280.293, 62
Trd, 4319280.693, 70
Trd, 4319281.493, 89
Trd, 4319282.443, 114
Trd, 4319282.643, 125
Trd, 4319282.843, 108
Trd, 4319284.593, 74
Trd, 4319285.793, 64
Trd, 4319286.043, 71
Trd, 4319287.043, 97
Trd, 4319288.493, 96
Trd, 4319290.193, 125
Trd, 4319290.793, 100
Trd, 4319291.093, 97
Trd, 4319291.693, 92
Trd, 4319292.293, 101
Trd, 4319293.443, 109
Trd, 4319294.193, 125
Trd, 4319294.643, 122
Trd, 4319294.993, 117
Trd, 4319295.593, 97
Trd, 4319296.243, 69
Trd, 4319296.293, 86
Trd, 4319298.543, 64
Trd, 4319298.793, 103
Trd, 4319300.343, 105
Trd, 4319300.443, 101
Trd, 4319300.643, 113
Trd, 4319301.093, 100
Trd, 4319301.343, 95
Trd, 4319301.593, 114
Trd, 4319301.993, 93
Trd, 4319303.143, 78
Trd, 4319303.793, 120
Trd, 4319306.293, 91
Trd, 4319306.793, 95
Trd, 4319306.843, 78
Trd, 4319306.943, 77
Trd, 4319308.293, 108
Trd, 4319309.493, 91
Trd, 4319309.693, 110
Trd, 4319310.543, 61
Trd, 4319311.093, 124
Trd, 4319311.343, 121
Trd, 4319312.493, 63
Trd, 4319314.093, 107
Trd, 4319314.193, 102
Trd, 4319314.943, 94
Trd, 4319316.143, 117
Trd, 4319316.443, 75
Trd, 4319316.893, 117
Trd, 4319317.543, 95
Trd, 4319317.643, 89
Trd, 4319319.743, 116
Trd, 4319320.093, 112
Trd, 4319320.293, 84
Trd, 4319320.443, 134
Trd, 4319320.743, 74
Trd, 4319321.493, 67
Trd, 4319322.093, 61
Trd, 4319325.193, 102
Trd, 4319325.543, 105
Trd, 4319325.593, 92
Trd, 4319325.993, 86
Trd, 4319326.293, 122
Trd, 4319328.243, 134
Trd, 4319328.693, 136
Trd, 4319328.793, 125
Trd, 4319328.893, 106
Trd, 4319330.593, 67
Trd, 4319331.243, 62
Trd, 4319331.343, 69
Trd, 4319331.993, 66
Trd, 4319333.493, 62
Trd, 4319334.443, 82
Trd, 4319335.443, 66
Trd, 4319335.843, 61
Trd, 4319335.993, 68
Trd, 4319336.893, 64
Trd, 4319337.143, 80
Trd, 4319337.843, 83
Trd, 4319338.743, 116
Trd, 4319338.993, 116
Trd, 4319339.743, 135
Trd, 4319341.243, 136
Trd, 4319341.843, 116
Trd, 4319342.293, 131
Trd, 4319342.543, 106
Trd, 4319342.893, 100
Trd, 4319343.193, 118
Trd, 4319344.193, 103
Trd, 4319344.343, 86
Trd, 4319344.643, 126
Trd, 4319345.593, 120
Trd, 4319346.193, 108
Trd, 4319347.143, 68
Trd, 4319348.293, 74
Trd, 4319348.993, 84
Trd, 4319349.043, 82
Trd, 4319350.593, 118
Trd, 4319350.793, 103
Trd, 4319351.343, 111
Trd, 4319352.743, 94
Trd, 4319354.393, 61
Trd, 4319355.193, 109
Trd, 4319355.543, 101
Trd, 4319356.993, 75
Trd, 4319357.143, 81
Trd, 4319357.343, 89
Trd, 4319358.893, 60
Trd, 4319359.093, 81
Trd, 4319360.293, 66
Trd, 4319360.543, 73
Trd, 4319361.943, 81
Trd, 4319363.543, 95
Trd, 4319364.743, 80
Trd, 4319366.243, 128
Trd, 4319366.443, 95
Trd, 4319366.593, 95
Trd, 4319366.793, 125
Trd, 4319367.043, 113
Trd, 4319368.193, 107
Trd, 4319368.843, 134
Trd, 4319370.243, 103
Trd, 4319370.693, 116
Trd, 4319370.793, 105
Trd, 4319371.543, 60
Trd, 4319372.793, 77
Trd, 4319372.893, 133
Trd, 4319374.193, 81
Trd, 4319374.593, 66
Trd, 4319377.843, 62
Trd, 4319377.893, 74
Trd, 4319378.593, 105
Trd, 4319379.493, 73
Trd, 4319379.943, 124
Trd, 4319380.793, 96
Trd, 4319381.393, 82
Trd, 4319381.843, 87
Trd, 4319382.593, 82
Trd, 4319384.993, 69
Trd, 4319385.893, 137
Trd, 4319386.143, 85
Trd, 4319386.493, 113
Trd, 4319387.743, 90
Trd, 4319388.393, 72
Trd, 4319389.893, 99
Trd, 4319390.493, 96
Trd, 4319391.093, 140
Trd, 4319392.093, 115
Trd, 4319392.593, 107
Trd, 4319393.693, 130
Trd, 4319394.543, 110
Trd, 4319395.393, 88
Trd, 4319395.593, 82
Trd, 4319396.193, 95
Trd, 4319396.493, 93
Trd, 4319396.943, 106
Trd, 4319397.743, 91
Trd, 4319398.343, 98
Trd, 4319399.693, 114
Trd, 4319399.793, 106
Trd, 4319399.893, 105
Trd, 4319400.343, 102
Trd, 4319401.793, 69
Trd, 4319403.193, 87
Trd, 4319403.843, 76
Trd, 4319403.943, 123
Trd, 4319405.243, 63
Trd, 4319405.543, 66
Trd, 4319406.243, 71
Trd, 4319407.043, 73
Trd, 4319408.593, 140
Trd, 4319408.643, 136
Trd, 4319409.293, 117
Trd, 4319409.693, 133
Trd, 4319410.093, 99
Trd, 4319410.443, 95
Trd, 4319410.793, 90
Trd, 4319411.793, 110
Trd, 4319413.743, 78
Trd, 4319414.043, 74
Trd, 4319414.543, 80
Trd, 4319414.843, 102
Trd, 4319415.743, 64
Trd, 4319415.843, 61
Trd, 4319417.193, 115
Trd, 4319417.543, 108
Trd, 4319417.943, 99
Trd, 4319418.093, 74
Trd, 4319418.943, 140
Trd, 4319420.593, 103
Trd, 4319420.843, 102
Trd, 4319420.993, 90
Trd, 4319421.793, 88
Trd, 4319423.393, 106
Trd, 4319423.493, 95
Trd, 4319423.593, 94
Trd, 4319424.393, 76
Trd, 4319427.443, 107
Trd, 4319427.493, 90
Trd, 4319427.743, 73
Trd, 4319428.193, 81
Trd, 4319428.943, 111
Trd, 4319429.743, 102
Trd, 4319429.943, 99
Trd, 4319430.543, 82
Trd, 4319430.693, 79
Trd, 4319432.843, 139
Trd, 4319433.793, 108
Trd, 4319434.743, 113
Trd, 4319434.793, 134
Trd, 4319435.643, 72
Trd, 4319436.143, 91
Trd, 4319436.793, 126
Trd, 4319437.193, 128
Trd, 4319437.593, 123
Trd, 4319438.193, 120
Trd, 4319438.543, 111
Trd, 4319441.093, 122
Trd, 4319441.743, 114
Trd, 4319441.843, 112
Trd, 4319441.993, 108
Trd, 4319442.143, 91
Trd, 4319442.893, 83
Trd, 4319442.943, 70
Trd, 4319444.243, 136
Trd, 4319445.243, 95
Trd, 4319446.043, 138
Trd, 4319446.793, 115
Trd, 4319447.243, 125
Trd, 4319447.893, 113
Trd, 4319448.343, 114
Trd, 4319449.093, 118
Trd, 4319449.193, 109
Trd, 4319450.493, 140
Trd, 4319451.543, 107
Trd, 4319451.943, 137
Trd, 4319455.043, 128
Trd, 4319455.243, 133
Trd, 4319455.993, 119
Trd, 4319456.093, 109
Trd, 4319457.093, 111
Trd, 4319457.193, 104
Trd, 4319457.943, 129
Trd, 4319458.593, 118
Trd, 4319459.343, 121
Trd, 4319459.843, 114
Trd, 4319460.743, 102
Trd, 4319462.693, 94
Trd, 4319463.393, 87
Trd, 4319463.893, 78
Trd, 4319463.993, 100
Trd, 4319464.443, 134
Trd, 4319465.243, 118
Trd, 4319466.593, 85
Trd, 4319467.193, 101
Trd, 4319468.193, 90
Trd, 4319468.743, 87
Trd, 4319468.993, 85
Trd, 4319469.143, 81
Trd, 4319469.593, 116
Trd, 4319470.393, 122
Trd, 4319470.943, 108
Trd, 4319471.643, 139
Trd, 4319471.693, 136
Trd, 4319473.993, 72
Trd, 4319474.093, 70
Trd, 4319474.743, 90
Trd, 4319475.593, 91
Trd, 4319476.243, 81
Trd, 4319476.393, 92
Trd, 4319477.743, 108
Trd, 4319478.793, 107
Trd, 4319479.443, 110
Trd, 4319479.843, 112
Trd, 4319481.743, 116
Trd, 4319482.293, 100
Trd, 4319482.443, 118
Trd, 4319482.743, 109
Trd, 4319482.793, 96
Trd, 4319483.343, 88
Trd, 4319485.393, 90
Trd, 4319485.843, 130
Trd, 4319486.243, 121
Trd, 4319486.693, 74
Trd, 4319488.893, 69
Trd, 4319489.843, 70
Trd, 4319490.093, 63
Trd, 4319490.643, 86
Trd, 4319490.693, 95
Trd, 4319491.993, 87
Trd, 4319492.993, 76
Trd, 4319493.043, 110
Trd, 4319494.593, 125
Trd, 4319494.843, 122
Trd, 4319495.493, 122
Trd, 4319495.593, 120
Trd, 4319496.743, 113
Trd, 4319496.843, 104
Trd, 4319496.943, 103
Trd, 4319499.543, 131
Trd, 4319499.643, 128
Trd, 4319500.143, 139
Trd, 4319500.793, 89
Trd, 4319502.043, 113
Trd, 4319504.293, 129
Trd, 4319504.443, 115
Trd, 4319504.843, 93
Trd, 4319505.993, 135
Trd, 4319506.593, 131
Trd, 4319506.643, 100
Trd, 4319507.643, 83
Trd, 4319508.143, 124
Trd, 4319509.293, 140
Trd, 4319509.393, 136
Trd, 4319509.693, 127
Trd, 4319510.543, 80
Trd, 4319511.093, 74
Trd, 4319511.293, 82
Trd, 4319512.593, 109
Trd, 4319513.243, 95
Trd, 4319514.743, 85
Trd, 4319514.893, 77
Trd, 4319515.443, 104
Trd, 4319515.793, 104
Trd, 4319515.893, 97
Trd, 4319517.793, 90
Trd, 4319518.543, 76
Trd, 4319520.243, 79
Trd, 4319520.693, 60
Trd, 4319520.743, 65
Trd, 4319521.093, 96
Trd, 4319521.543, 124
Trd, 4319521.593, 107
Trd, 4319522.493, 79
Trd, 4319525.043, 134
Trd, 4319525.543, 135
Trd, 4319525.593, 131
Trd, 4319526.693, 126
Trd, 4319526.793, 116
Trd, 4319527.443, 123
Trd, 4319527.893, 120
Trd, 4319529.543, 129
Trd, 4319529.993, 116
Trd, 4319531.043, 115
Trd, 4319532.293, 98
Trd, 4319532.443, 98
Trd, 4319532.643, 99
Trd, 4319533.243, 95
Trd, 4319533.343, 94
Trd, 4319535.143, 92
Trd, 4319537.343, 130
Trd, 4319538.243, 130
Trd, 4319539.543, 121
Trd, 4319539.693, 110
Trd, 4319540.343, 132
Trd, 4319540.643, 101
Trd, 4319541.043, 79
Trd, 4319541.543, 78
Trd, 4319542.193, 89
Trd, 4319543.493, 111
Trd, 4319543.993, 140
Trd, 4319544.693, 81
Trd, 4319544.993, 84
Trd, 4319545.993, 80
Trd, 4319546.943, 111
Trd, 4319547.493, 117
Trd, 4319548.393, 109
Trd, 4319549.293, 73
Trd, 4319549.743, 79
Trd, 4319549.993, 67
Trd, 4319550.393, 68
Trd, 4319550.993, 75
Trd, 4319551.843, 64
Trd, 4319552.793, 140
Trd, 4319554.443, 91
Trd, 4319554.993, 84
Trd, 4319555.393, 83
Trd, 4319555.843, 76
Trd, 4319557.843, 77
Trd, 4319558.643, 132
Trd, 4319559.143, 118
Trd, 4319559.543, 113
Trd, 4319559.793, 111
Trd, 4319560.493, 134
Trd, 4319561.193, 80
Trd, 4319561.543, 66
Trd, 4319563.243, 85
Trd, 4319563.543, 86
Trd, 4319563.643, 111
Trd, 4319564.443, 91
Trd, 4319564.943, 83
Trd, 4319567.093, 100
Trd, 4319567.793, 97
Trd, 4319568.143, 118
Trd, 4319568.893, 107
Trd, 4319569.543, 134
Trd, 4319570.543, 127
Trd, 4319571.943, 120
Trd, 4319572.043, 109
Trd, 4319573.493, 132
Trd, 4319574.693, 106
Trd, 4319575.643, 117
Trd, 4319575.843, 88
Trd, 4319576.093, 117
Trd, 4319576.243, 82
Trd, 4319576.843, 94
Trd, 4319577.543, 68
Trd, 4319578.793, 67
Trd, 4319579.293, 67
Trd, 4319579.393, 61
Trd, 4319580.093, 72
Trd, 4319580.543, 74
Trd, 4319581.093, 94
Trd, 4319582.843, 65
Trd, 4319583.393, 117
Trd, 4319583.593, 83
Trd, 4319584.943, 79
Trd, 4319586.543, 102
Trd, 4319586.793, 101
Trd, 4319587.243, 82
Trd, 4319589.043, 129
Trd, 4319589.143, 121
Trd, 4319589.693, 138
Trd, 4319590.043, 110
Trd, 4319592.743, 115
Trd, 4319593.093, 105
Trd, 4319593.893, 132
Trd, 4319594.343, 125
Trd, 4319594.593, 118
Trd, 4319594.843, 97
Trd, 4319594.893, 92
Trd, 4319595.093, 89
Trd, 4319595.493, 132
Trd, 4319597.493, 131
Trd, 4319599.393, 113
Trd, 4319599.443, 109
Trd, 4319599.793, 107
Trd, 4319600.693, 100
Trd, 4319601.693, 124
Trd, 4319602.593, 104
Trd, 4319602.943, 91
Trd, 4319603.393, 75
Trd, 4319605.293, 79
Trd, 4319606.443, 115
Trd, 4319606.543, 92
Trd, 4319607.043, 94
Trd, 4319607.093, 81
Trd, 4319608.093, 96
Trd, 4319609.143, 67
Trd, 4319610.193, 96
Trd, 4319610.993, 90
Trd, 4319611.943, 94
Trd, 4319612.093, 103
Trd, 4319612.143, 88
Trd, 4319612.693, 97
Trd, 4319616.493, 98
Trd, 4319616.843, 107
Trd, 4319617.093, 87
Trd, 4319617.993, 85
Trd, 4319618.443, 75
Trd, 4319618.593, 70
Trd, 4319619.893, 91
Trd, 4319619.943, 96
Trd, 4319621.093, 113
Trd, 4319621.643, 126
Trd, 4319622.143, 94
Trd, 4319622.293, 86
Trd, 4319622.643, 83
Trd, 4319624.393, 91
Trd, 4319624.493, 110
Trd, 4319625.693, 103
Trd, 4319626.293, 70
Trd, 4319627.193, 67
Trd, 4319627.643, 79
Trd, 4319627.793, 82
Trd, 4319628.043, 100
Trd, 4319629.593, 74
Trd, 4319631.293, 75
Trd, 4319631.493, 79
Trd, 4319631.593, 91
Trd, 4319632.643, 106
Trd, 4319634.593, 63
Trd, 4319634.643, 83
Trd, 4319634.793, 100
Trd, 4319635.943, 63
Trd, 4319636.893, 70
Trd, 4319637.043, 81
Trd, 4319637.243, 106
Trd, 4319637.493, 74
Trd, 4319637.593, 66
Trd, 4319638.543, 132
Trd, 4319638.943, 77
Trd, 4319640.493, 63
Trd, 4319640.893, 95
Trd, 4319642.343, 76
Trd, 4319643.043, 106
Trd, 4319643.393, 100
Trd, 4319644.193, 109
Trd, 4319644.293, 98
Trd, 4319644.343, 92
Trd, 4319645.593, 91
Trd, 4319646.293, 114
Trd, 4319647.143, 78
Trd, 4319647.393, 74
Trd, 4319648.143, 82
Trd, 4319648.443, 67
Trd, 4319650.093, 63
Trd, 4319650.843, 105
Trd, 4319651.443, 140
Trd, 4319651.493, 136
Trd, 4319652.643, 127
Trd, 4319653.543, 103
Trd, 4319654.193, 129
Trd, 4319654.743, 117
Trd, 4319655.843, 104
Trd, 4319657.593, 127
Trd, 4319658.393, 116
Trd, 4319658.543, 87
Trd, 4319658.993, 95
Trd, 4319659.243, 84
Trd, 4319659.843, 85
Trd, 4319660.843, 68
Trd, 4319660.943, 69
Trd, 4319661.793, 65
Trd, 4319662.893, 88
Trd, 4319662.993, 70
Trd, 4319664.593, 91
Trd, 4319665.193, 140
Trd, 4319665.643, 82
Trd, 4319666.693, 89
Trd, 4319666.843, 96
Trd, 4319667.293, 121
Trd, 4319667.793, 60
Trd, 4319668.393, 72
Trd, 4319668.543, 73
Trd, 4319668.893, 63
Trd, 4319669.493, 69
Trd, 4319670.293, 98
Trd, 4319673.193, 91
Trd, 4319673.493, 92
Trd, 4319674.393, 122
Trd, 4319674.593, 94
Trd, 4319675.143, 104
Trd, 4319675.743, 83
Trd, 4319676.543, 103
Trd, 4319676.943, 107
Trd, 4319677.843, 68
Trd, 4319678.843, 123
Trd, 4319679.243, 106
Trd, 4319679.493, 95
Trd, 4319679.843, 113
Trd, 4319680.493, 105
Trd, 4319680.593, 87
Trd, 4319680.943, 81
Trd, 4319682.393, 95
Trd, 4319683.043, 78
Trd, 4319683.743, 107
Trd, 4319684.043, 113
Trd, 4319685.093, 73
Trd, 4319685.793, 124
Trd, 4319685.893, 102
Trd, 4319686.093, 126
Trd, 4319687.243, 129
Trd, 4319687.793, 90
Trd, 4319688.843, 86
Trd, 4319689.043, 96
Trd, 4319689.993, 82
Trd, 4319690.193, 92
Trd, 4319691.643, 80
Trd, 4319692.493, 70
Trd, 4319693.543, 74
Trd, 4319693.793, 69
Trd, 4319694.143, 126
Trd, 4319694.643, 65
Trd, 4319695.343, 65
Trd, 4319696.693, 97
Trd, 4319696.843, 127
Trd, 4319697.643, 101
Trd, 4319698.843, 120
Trd, 4319699.743, 119
Trd, 4319699.993, 104
Trd, 4319700.643, 123
Trd, 4319701.893, 118
Trd, 4319701.943, 115
Trd, 4319702.443, 106
Trd, 4319703.543, 74
Trd, 4319703.743, 94
Trd, 4319704.743, 65
Trd, 4319704.893, 105
Trd, 4319705.493, 139
Trd, 4319705.943, 61
Trd, 4319706.243, 135
Trd, 4319706.893, 116
Trd, 4319708.593, 114
Trd, 4319710.243, 132
Trd, 4319711.093, 139
Trd, 4319712.193, 135
Trd, 4319712.293, 132
Trd, 4319712.743, 123
Trd, 4319713.393, 92
Trd, 4319714.843, 69
Trd, 4319715.093, 108
Trd, 4319715.443, 121
Trd, 4319715.893, 134
Trd, 4319716.893, 103
Trd, 4319717.893, 121
Trd, 4319718.043, 102
Trd, 4319718.093, 68
Trd, 4319718.593, 67
Trd, 4319720.243, 126
Trd, 4319721.043, 129
Trd, 4319721.193, 117
Trd, 4319721.293, 114
Trd, 4319722.093, 101
Trd, 4319723.393, 108
Trd, 4319723.743, 124
Trd, 4319723.843, 104
Trd, 4319725.643, 116
Trd, 4319727.693, 108
Trd, 4319727.793, 101
Trd, 4319728.093, 120
Trd, 4319728.643, 132
Trd, 4319729.443, 117
Trd, 4319730.893, 122
Trd, 4319731.293, 125
Trd, 4319732.393, 140
Trd, 4319732.443, 129
Trd, 4319733.043, 119
Trd, 4319733.593, 110
Trd, 4319734.193, 132
Trd, 4319734.693, 85
Trd, 4319735.893, 66
Trd, 4319736.043, 62
Trd, 4319736.293, 79
Trd, 4319737.443, 109
Trd, 4319738.143, 108
Trd, 4319739.943, 103
Trd, 4319740.243, 97
Trd, 4319740.493, 92
Trd, 4319740.593, 111
Trd, 4319742.143, 64
Trd, 4319743.143, 77
Trd, 4319743.943, 124
Trd, 4319744.193, 75
Trd, 4319745.543, 68
Trd, 4319746.743, 138
Trd, 4319747.293, 113
Trd, 4319747.493, 76
Trd, 4319748.443, 118
Trd, 4319749.243, 99
Trd, 4319749.693, 99
Trd, 4319749.843, 93
Trd, 4319750.443, 97
Trd, 4319751.343, 118
Trd, 4319752.493, 126
Trd, 4319753.143, 111
Trd, 4319753.443, 88
Trd, 4319754.143, 101
Trd, 4319755.693, 126
Trd, 4319756.793, 110
Trd, 4319757.443, 80
Trd, 4319757.693, 80
Trd, 4319758.093, 68
Trd, 4319758.643, 121
Trd, 4319758.943, 60
Trd, 4319760.493, 126
Trd, 4319760.843, 121
Trd, 4319760.943, 76
Trd, 4319761.943, 101
Trd, 4319762.993, 90
Trd, 4319763.943, 67
Trd, 4319764.393, 92
Trd, 4319764.493, 99
Trd, 4319765.793, 130
Trd, 4319766.243, 115
Trd, 4319766.843, 119
Trd, 4319767.693, 96
Trd, 4319769.093, 84
Trd, 4319769.393, 78
Trd, 4319769.443, 103
Trd, 4319770.843, 86
Trd, 4319771.493, 106
Trd, 4319773.143, 117
Trd, 4319773.343, 102
Trd, 4319774.343, 121
Trd, 4319774.443, 99
Trd, 4319774.693, 91
Trd, 4319775.093, 68
Trd, 4319776.293, 67
Trd, 4319777.193, 85
Trd, 4319777.493, 87
Trd, 4319777.743, 99
Trd, 4319778.343, 140
Trd, 4319778.643, 73
Trd, 4319779.593, 118
Trd, 4319779.743, 128
Trd, 4319780.293, 111
Trd, 4319781.193, 108
Trd, 4319781.243, 99
Trd, 4319781.293, 114
Trd, 4319781.843, 102
Trd, 4319782.643, 82
Trd, 4319784.693, 89
Trd, 4319785.293, 80
Trd, 4319785.693, 100
Trd, 4319788.543, 127
Trd, 4319788.793, 124
Trd, 4319789.893, 118
Trd, 4319790.693, 111
Trd, 4319791.143, 115
Trd, 4319791.243, 110
Trd, 4319792.493, 105
Trd, 4319794.293, 133
Trd, 4319794.493, 106
Trd, 4319794.643, 85
Trd, 4319794.743, 102
Trd, 4319795.793, 98
Trd, 4319797.043, 111
Trd, 4319797.993, 107
Trd, 4319798.793, 94
Trd, 4319799.043, 92
Trd, 4319799.393, 128
Trd, 4319799.743, 83
Trd, 4319800.443, 72
Trd, 4319801.443, 75
Trd, 4319802.843, 124
Trd, 4319802.993, 113
Trd, 4319803.593, 95
Trd, 4319804.593, 102
Trd, 4319805.493, 97
Trd, 4319805.693, 110
Trd, 4319806.043, 96
Trd, 4319806.243, 78
Trd, 4319806.493, 92
Trd, 4319808.143, 118
Trd, 4319808.343, 91
Trd, 4319809.143, 72
Trd, 4319809.893, 82
Trd, 4319810.443, 83
Trd, 4319811.293, 81
Trd, 4319811.543, 78
Trd, 4319811.943, 83
Trd, 4319813.493, 138
Trd, 4319813.643, 112
Trd, 4319814.593, 73
Trd, 4319814.943, 113
Trd, 4319815.443, 104
Trd, 4319816.093, 78
Trd, 4319816.143, 79
Trd, 4319817.143, 120
Trd, 4319818.993, 139
Trd, 4319820.393, 94
Trd, 4319821.393, 97
Trd, 4319821.693, 96
Trd, 4319822.143, 93
Trd, 4319823.143, 102
Trd, 4319823.893, 85
Trd, 4319824.593, 98
Trd, 4319825.143, 108
Trd, 4319825.593, 83
Trd, 4319825.993, 107
Trd, 4319826.743, 114
Trd, 4319826.993, 116
Trd, 4319827.693, 86
Trd, 4319828.843, 129
Trd, 4319829.793, 101
Trd, 4319831.193, 126
Trd, 4319831.493, 115
Trd, 4319833.193, 118
Trd, 4319833.793, 117
Trd, 4319834.343, 112
Trd, 4319834.793, 82
Trd, 4319834.893, 74
Trd, 4319835.843, 104
Trd, 4319836.393, 104
Trd, 4319836.443, 102
Trd, 4319836.693, 109
Trd, 4319837.443, 73
Trd, 4319838.993, 78
Trd, 4319840.043, 71
Trd, 4319840.593, 90
Trd, 4319842.393, 122
Trd, 4319842.543, 119
Trd, 4319842.643, 119
Trd, 4319843.143, 108
Trd, 4319843.293, 100
Trd, 4319846.093, 111
Trd, 4319846.843, 107
Trd, 4319846.943, 106
Trd, 4319847.443, 98
Trd, 4319847.743, 113
Trd, 4319847.943, 120
Trd, 4319848.343, 119
Trd, 4319849.293, 101
Trd, 4319850.393, 134
Trd, 4319850.893, 137
Trd, 4319852.593, 110
Trd, 4319853.093, 103
Trd, 4319853.543, 71
Trd, 4319855.343, 116
Trd, 4319855.743, 117
Trd, 4319855.843, 100
Trd, 4319855.993, 98
Trd, 4319856.593, 131
Trd, 4319857.493, 71
Trd, 4319857.593, 100
Trd, 4319859.493, 129
Trd, 4319859.693, 138
Trd, 4319859.943, 106
Trd, 4319860.043, 97
Trd, 4319861.893, 79
Trd, 4319861.993, 100
Trd, 4319862.393, 113
Trd, 4319862.593, 79
Trd, 4319863.043, 100
Trd, 4319864.293, 75
Trd, 4319865.043, 105
Trd, 4319865.693, 83
Trd, 4319867.943, 95
Trd, 4319868.543, 91
Trd, 4319868.743, 89
Trd, 4319869.043, 125
Trd, 4319870.693, 60
Trd, 4319871.993, 61
Trd, 4319872.093, 66
Trd, 4319872.143, 76
Trd, 4319873.243, 93
Trd, 4319873.993, 79
Trd, 4319874.093, 70
Trd, 4319875.393, 67
Trd, 4319876.243, 140
Trd, 4319876.643, 130
Trd, 4319876.743, 107
Trd, 4319876.893, 90
Trd, 4319877.193, 72
Trd, 4319878.193, 99
Trd, 4319879.193, 111
Trd, 4319879.393, 109
Trd, 4319879.993, 70
Trd, 4319881.243, 64
Trd, 4319881.493, 69
Trd, 4319881.543, 71
Trd, 4319883.843, 97
Trd, 4319884.843, 113
Trd, 4319885.593, 77
Trd, 4319886.193, 75
Trd, 4319886.593, 96
Trd, 4319887.293, 67
Trd, 4319889.443, 138
Trd, 4319889.693, 129
Trd, 4319890.293, 90
Trd, 4319891.643, 127
Trd, 4319892.343, 115
Trd, 4319892.843, 112
Trd, 4319894.043, 88
Trd, 4319894.443, 86
Trd, 4319894.793, 84
Trd, 4319895.293, 118
Trd, 4319896.043, 104
Trd, 4319896.443, 130
Trd, 4319896.743, 103
Trd, 4319896.993, 68
Trd, 4319897.293, 68
Trd, 4319897.693, 62
Trd, 4319898.643, 103
Trd, 4319899.793, 132
Trd, 4319899.843, 129
Trd, 4319902.893, 81
Trd, 4319903.193, 88
Trd, 4319903.343, 76
Trd, 4319903.543, 72
Trd, 4319903.693, 65
Trd, 4319904.293, 74
Trd, 4319905.343, 76
Trd, 4319905.593, 63
Trd, 4319906.143, 104
Trd, 4319906.393, 73
Trd, 4319906.593, 71
Trd, 4319907.393, 127
Trd, 4319908.643, 106
Trd, 4319910.793, 85
Trd, 4319911.493, 121
Trd, 4319911.693, 92
Trd, 4319911.893, 80
Trd, 4319913.093, 73
Trd, 4319914.043, 100
Trd, 4319914.993, 139
Trd, 4319915.493, 130
Trd, 4319915.743, 130
Trd, 4319916.643, 112
Trd, 4319917.643, 111
Trd, 4319918.293, 133
Trd, 4319919.743, 138
Trd, 4319919.793, 135
Trd, 4319920.043, 126
Trd, 4319920.843, 94
Trd, 4319921.693, 121
Trd, 4319922.643, 100
Trd, 4319924.243, 91
Trd, 4319924.293, 64
Trd, 4319924.743, 75
Trd, 4319924.943, 79
Trd, 4319925.593, 70
Trd, 4319926.893, 82
Trd, 4319927.093, 69
Trd, 4319927.343, 91
Trd, 4319927.393, 69
Trd, 4319928.643, 137
Trd, 4319928.693, 134
Trd, 4319929.343, 104
Trd, 4319930.643, 137
Trd, 4319930.843, 117
Trd, 4319931.243, 112
Trd, 4319933.193, 60
Trd, 4319933.643, 66
Trd, 4319935.443, 88
Trd, 4319935.693, 73
Trd, 4319936.743, 74
Trd, 4319938.943, 115
Trd, 4319939.693, 125
Trd, 4319939.943, 123
Trd, 4319940.193, 107
Trd, 4319941.043, 127
Trd, 4319942.693, 100
Trd, 4319942.943, 80
Trd, 4319943.793, 97
Trd, 4319944.743, 122
Trd, 4319945.293, 119
Trd, 4319945.343, 102
Trd, 4319945.543, 96
Trd, 4319946.493, 109
Trd, 4319946.743, 107
Trd, 4319948.443, 79
Trd, 4319948.493, 82
Trd, 4319951.643, 127
Trd, 4319952.243, 112
Trd, 4319952.343, 106
Trd, 4319952.693, 104
Trd, 4319953.243, 89
Trd, 4319953.893, 96
Trd, 4319954.843, 86
Trd, 4319954.893, 79
Trd, 4319955.143, 64
Trd, 4319957.443, 79
Trd, 4319958.693, 96
Trd, 4319958.743, 81
Trd, 4319959.093, 107
Trd, 4319959.693, 103
Trd, 4319960.793, 92
Trd, 4319961.093, 85
Trd, 4319961.943, 83
Trd, 4319962.493, 67
Trd, 4319962.793, 85
Trd, 4319963.393, 72
Trd, 4319963.543, 109
Trd, 4319963.743, 82
Trd, 4319966.443, 102
Trd, 4319966.893, 94
Trd, 4319967.143, 110
Trd, 4319967.793, 118
Trd, 4319969.243, 93
Trd, 4319969.993, 109
Trd, 4319970.243, 138
Trd, 4319970.343, 83
Trd, 4319970.893, 70
Trd, 4319971.143, 138
Trd, 4319972.793, 60
Trd, 4319973.143, 119
Trd, 4319974.743, 89
Trd, 4319976.393, 113
Trd, 4319977.493, 134
Trd, 4319977.593, 136
Trd, 4319977.643, 124
Trd, 4319978.193, 61
Trd, 4319979.843, 116
Trd, 4319980.793, 125
Trd, 4319980.843, 122
Trd, 4319981.943, 127
Trd, 4319982.643, 117
Trd, 4319983.193, 136
Trd, 4319983.793, 116
Trd, 4319984.843, 113
Trd, 4319984.993, 106
Trd, 4319985.143, 109
Trd, 4319985.493, 95
Trd, 4319986.943, 72
Trd, 4319987.543, 81
Trd, 4319987.693, 76
Trd, 4319987.993, 76
Trd, 4319989.093, 96
Trd, 4319989.393, 74
Trd, 4319989.693, 68
Trd, 4319989.743, 66
Trd, 4319990.943, 135
Trd, 4319991.693, 86
Trd, 4319991.943, 77
Trd, 4319992.543, 114
Trd, 4319993.793, 117
Trd, 4319994.193, 100
Trd, 4319994.643, 91
Trd, 4319995.193, 124
Trd, 4319996.793, 111
Trd, 4319997.193, 119
Trd, 4319997.693, 62
Trd, 4319998.893, 85
Trd, 4319998.993, 91
Trd, 4319999.843, 81
