Trd, 4318087.893, 78
Trd, 4318089.143, 83
Trd, 4318089.943, 69
Trd, 4318092.043, 72
Trd, 4318092.943, 70
Trd, 4318093.393, 62
Trd, 4318094.243, 82
Trd, 4318094.843, 95
Trd, 4318095.293, 93
Trd, 4318096.093, 94
Trd, 4318096.343, 109
Trd, 4318096.743, 126
Trd, 4318097.443, 116
Trd, 4318098.693, 114
Trd, 4318099.093, 91
Trd, 4318100.093, 91
Trd, 4318100.743, 100
Trd, 4318101.543, 123
Trd, 4318101.593, 120
Trd, 4318102.393, 117
Trd, 4318103.143, 82
Trd, 4318106.443, 79
Trd, 4318106.993, 87
Trd, 4318108.793, 88
Trd, 4318109.743, 100
Trd, 4318110.293, 103
Trd, 4318110.443, 105
Trd, 4318110.493, 108
Trd, 4318111.943, 95
Trd, 4318112.743, 119
Trd, 4318113.093, 93
Trd, 4318113.493, 79
Trd, 4318114.493, 89
Trd, 4318115.943, 107
Trd, 4318116.643, 91
Trd, 4318116.893, 85
Trd, 4318118.243, 98
Trd, 4318118.343, 96
Trd, 4318119.343, 76
Trd, 4318120.393, 64
Trd, 4318120.943, 60
Trd, 4318121.543, 65
Trd, 4318121.793, 74
Trd, 4318122.293, 75
Trd, 4318122.543, 80
Trd, 4318123.643, 60
Trd, 4318124.393, 116
Trd, 4318125.393, 73
Trd, 4318125.543, 114
Trd, 4318125.893, 63
Trd, 4318126.693, 77
Trd, 4318127.243, 64
Trd, 4318129.093, 69
Trd, 4318129.443, 70
Trd, 4318130.293, 128
Trd, 4318130.493, 116
Trd, 4318130.593, 82
Trd, 4318132.343, 102
Trd, 4318132.693, 126
Trd, 4318134.143, 92
Trd, 4318134.493, 79
Trd, 4318136.393, 115
Trd, 4318136.443, 119
Trd, 4318136.843, 106
Trd, 4318137.243, 96
Trd, 4318138.243, 78
Trd, 4318138.293, 113
Trd, 4318139.843, 100
Trd, 4318140.343, 98
Trd, 4318140.743, 75
Trd, 4318141.393, 77
Trd, 4318142.043, 73
Trd, 4318142.793, 119
Trd, 4318144.593, 113
Trd, 4318144.893, 102
Trd, 4318144.993, 101
Trd, 4318145.093, 95
Trd, 4318145.343, 81
Trd, 4318146.543, 114
Trd, 4318146.993, 108
Trd, 4318147.593, 126
Trd, 4318148.193, 106
Trd, 4318148.843, 102
Trd, 4318150.393, 78
Trd, 4318152.093, 103
Trd, 4318152.493, 97
Trd, 4318154.093, 103
Trd, 4318154.693, 115
Trd, 4318155.343, 104
Trd, 4318155.943, 99
Trd, 4318156.543, 96
Trd, 4318157.743, 106
Trd, 4318159.443, 92
Trd, 4318160.093, 98
Trd, 4318160.793, 90
Trd, 4318160.893, 89
Trd, 4318161.343, 80
Trd, 4318161.543, 79
Trd, 4318162.093, 109
Trd, 4318163.093, 99
Trd, 4318164.343, 96
Trd, 4318165.143, 97
Trd, 4318165.443, 96
Trd, 4318165.893, 96
Trd, 4318165.993, 95
Trd, 4318168.243, 99
Trd, 4318169.743, 77
Trd, 4318169.993, 74
Trd, 4318170.993, 79
Trd, 4318171.893, 109
Trd, 4318172.443, 108
Trd, 4318173.593, 113
Trd, 4318174.443, 121
Trd, 4318174.843, 127
Trd, 4318175.043, 109
Trd, 4318175.543, 101
Trd, 4318176.093, 105
Trd, 4318176.843, 103
Trd, 4318177.493, 96
Trd, 4318177.943, 101
Trd, 4318178.943, 132
Trd, 4318179.943, 112
Trd, 4318180.793, 116
Trd, 4318181.943, 112
Trd, 4318182.493, 117
Trd, 4318182.793, 114
Trd, 4318183.043, 104
Trd, 4318184.543, 98
Trd, 4318184.843, 86
Trd, 4318185.843, 77
Trd, 4318187.793, 89
Trd, 4318188.143, 86
Trd, 4318188.793, 106
Trd, 4318189.493, 105
Trd, 4318190.943, 109
Trd, 4318190.993, 133
Trd, 4318192.593, 107
Trd, 4318192.943, 107
Trd, 4318193.093, 97
Trd, 4318193.543, 105
Trd, 4318194.843, 126
Trd, 4318194.893, 112
Trd, 4318195.093, 100
Trd, 4318196.593, 110
Trd, 4318197.143, 110
Trd, 4318197.193, 114
Trd, 4318197.993, 105
Trd, 4318200.043, 84
Trd, 4318200.543, 80
Trd, 4318202.143, 95
Trd, 4318202.893, 87
Trd, 4318203.943, 75
Trd, 4318203.993, 108
Trd, 4318204.193, 71
Trd, 4318204.243, 126
Trd, 4318205.343, 102
Trd, 4318205.993, 130
Trd, 4318206.843, 111
Trd, 4318207.493, 97
Trd, 4318207.743, 113
Trd, 4318208.493, 117
Trd, 4318209.743, 92
Trd, 4318211.043, 113
Trd, 4318213.593, 103
Trd, 4318213.743, 91
Trd, 4318213.993, 108
Trd, 4318214.643, 107
Trd, 4318214.693, 102
Trd, 4318215.343, 72
Trd, 4318217.493, 60
Trd, 4318217.743, 99
Trd, 4318219.193, 123
Trd, 4318219.293, 120
Trd, 4318219.843, 105
Trd, 4318220.243, 105
Trd, 4318220.693, 103
Trd, 4318222.293, 127
Trd, 4318222.893, 117
Trd, 4318223.243, 99
Trd, 4318223.843, 94
Trd, 4318224.493, 79
Trd, 4318225.443, 68
Trd, 4318227.693, 94
Trd, 4318228.093, 101
Trd, 4318228.593, 88
Trd, 4318228.843, 109
Trd, 4318230.593, 88
Trd, 4318230.793, 105
Trd, 4318231.743, 97
Trd, 4318232.293, 95
Trd, 4318232.743, 77
Trd, 4318233.443, 79
Trd, 4318233.743, 78
Trd, 4318234.043, 104
Trd, 4318235.293, 73
Trd, 4318235.593, 76
Trd, 4318236.643, 114
Trd, 4318237.993, 93
Trd, 4318238.493, 93
Trd, 4318239.043, 135
Trd, 4318239.143, 132
Trd, 4318240.293, 92
Trd, 4318240.343, 97
Trd, 4318240.543, 90
Trd, 4318241.043, 67
Trd, 4318241.893, 78
Trd, 4318243.193, 114
Trd, 4318244.993, 130
Trd, 4318245.093, 119
Trd, 4318246.443, 87
Trd, 4318247.593, 96
Trd, 4318247.843, 91
Trd, 4318248.543, 66
Trd, 4318249.293, 81
Trd, 4318250.343, 98
Trd, 4318250.993, 87
Trd, 4318251.443, 106
Trd, 4318252.843, 131
Trd, 4318252.893, 89
Trd, 4318253.593, 84
Trd, 4318253.993, 80
Trd, 4318254.243, 70
Trd, 4318255.443, 106
Trd, 4318256.343, 138
Trd, 4318257.543, 120
Trd, 4318257.593, 98
Trd, 4318258.193, 65
Trd, 4318261.843, 113
Trd, 4318262.343, 103
Trd, 4318262.743, 102
Trd, 4318263.743, 112
Trd, 4318264.093, 110
Trd, 4318264.343, 110
Trd, 4318264.793, 109
Trd, 4318265.693, 117
Trd, 4318268.543, 114
Trd, 4318269.293, 125
Trd, 4318269.843, 121
Trd, 4318271.093, 77
Trd, 4318272.043, 97
Trd, 4318272.193, 84
Trd, 4318273.293, 100
Trd, 4318273.643, 113
Trd, 4318275.443, 81
Trd, 4318276.043, 70
Trd, 4318276.643, 70
Trd, 4318277.393, 91
Trd, 4318277.743, 98
Trd, 4318278.093, 89
Trd, 4318279.293, 87
Trd, 4318279.693, 70
Trd, 4318280.093, 86
Trd, 4318280.943, 104
Trd, 4318281.343, 91
Trd, 4318281.993, 65
Trd, 4318283.443, 79
Trd, 4318283.543, 82
Trd, 4318285.543, 68
Trd, 4318286.843, 67
Trd, 4318287.193, 66
Trd, 4318287.593, 81
Trd, 4318289.793, 109
Trd, 4318290.243, 107
Trd, 4318290.443, 100
Trd, 4318292.543, 116
Trd, 4318292.643, 112
Trd, 4318292.843, 111
Trd, 4318293.443, 96
Trd, 4318293.693, 92
Trd, 4318294.843, 76
Trd, 4318295.893, 100
Trd, 4318296.093, 90
Trd, 4318296.843, 87
Trd, 4318297.493, 70
Trd, 4318298.043, 74
Trd, 4318299.543, 102
Trd, 4318299.993, 102
Trd, 4318300.043, 84
Trd, 4318300.843, 120
Trd, 4318301.043, 119
Trd, 4318301.743, 74
Trd, 4318302.043, 73
Trd, 4318302.843, 72
Trd, 4318304.893, 63
Trd, 4318305.143, 71
Trd, 4318306.193, 98
Trd, 4318308.093, 110
Trd, 4318308.143, 121
Trd, 4318308.243, 107
Trd, 4318308.443, 104
Trd, 4318308.543, 97
Trd, 4318309.443, 86
Trd, 4318309.593, 89
Trd, 4318312.343, 89
Trd, 4318312.643, 76
Trd, 4318313.293, 85
Trd, 4318314.693, 85
Trd, 4318315.393, 101
Trd, 4318315.793, 104
Trd, 4318316.243, 76
Trd, 4318316.393, 69
Trd, 4318317.493, 78
Trd, 4318319.343, 92
Trd, 4318319.793, 97
Trd, 4318320.993, 86
Trd, 4318321.543, 104
Trd, 4318321.743, 110
Trd, 4318322.743, 116
Trd, 4318322.893, 115
Trd, 4318324.093, 123
Trd, 4318325.043, 88
Trd, 4318325.193, 107
Trd, 4318325.443, 66
Trd, 4318326.543, 64
Trd, 4318326.693, 71
Trd, 4318327.243, 77
Trd, 4318327.793, 68
Trd, 4318328.943, 97
Trd, 4318330.343, 106
Trd, 4318331.343, 120
Trd, 4318331.793, 112
Trd, 4318332.343, 95
Trd, 4318332.993, 93
Trd, 4318333.243, 102
Trd, 4318335.443, 91
Trd, 4318336.943, 137
Trd, 4318336.993, 134
Trd, 4318337.243, 114
Trd, 4318337.843, 120
Trd, 4318338.943, 104
Trd, 4318339.193, 107
Trd, 4318342.293, 114
Trd, 4318342.393, 96
Trd, 4318343.043, 89
Trd, 4318345.443, 126
Trd, 4318346.043, 115
Trd, 4318346.543, 96
Trd, 4318346.743, 107
Trd, 4318346.993, 102
Trd, 4318347.493, 81
Trd, 4318348.143, 70
Trd, 4318348.943, 61
Trd, 4318350.593, 79
Trd, 4318351.093, 91
Trd, 4318351.793, 97
Trd, 4318352.593, 97
Trd, 4318353.343, 97
Trd, 4318354.893, 117
Trd, 4318355.343, 129
Trd, 4318356.843, 114
Trd, 4318357.043, 111
Trd, 4318357.543, 107
Trd, 4318358.043, 117
Trd, 4318359.343, 62
Trd, 4318360.593, 60
Trd, 4318362.293, 101
Trd, 4318362.443, 72
Trd, 4318363.343, 103
Trd, 4318363.593, 104
Trd, 4318364.243, 74
Trd, 4318364.843, 120
Trd, 4318365.743, 100
Trd, 4318366.193, 104
Trd, 4318367.793, 121
Trd, 4318369.043, 102
Trd, 4318370.243, 128
Trd, 4318372.443, 130
Trd, 4318372.493, 124
Trd, 4318373.493, 115
Trd, 4318373.643, 105
Trd, 4318373.993, 97
Trd, 4318374.543, 92
Trd, 4318375.143, 104
Trd, 4318377.143, 102
Trd, 4318378.093, 95
Trd, 4318378.243, 90
Trd, 4318378.943, 90
Trd, 4318379.143, 83
Trd, 4318379.693, 85
Trd, 4318380.393, 76
Trd, 4318381.793, 66
Trd, 4318381.993, 73
Trd, 4318383.043, 61
Trd, 4318383.843, 63
Trd, 4318385.043, 93
Trd, 4318386.193, 107
Trd, 4318386.493, 106
Trd, 4318387.043, 132
Trd, 4318387.893, 123
Trd, 4318389.743, 127
Trd, 4318390.593, 116
Trd, 4318391.843, 121
Trd, 4318391.943, 96
Trd, 4318392.693, 84
Trd, 4318393.943, 93
Trd, 4318394.193, 111
Trd, 4318394.443, 86
Trd, 4318396.043, 88
Trd, 4318396.543, 114
Trd, 4318397.043, 122
Trd, 4318397.543, 87
Trd, 4318398.093, 90
Trd, 4318399.493, 103
Trd, 4318400.743, 92
Trd, 4318400.993, 101
Trd, 4318401.443, 104
Trd, 4318401.593, 91
Trd, 4318402.393, 91
Trd, 4318402.693, 113
Trd, 4318403.693, 113
Trd, 4318406.393, 110
Trd, 4318407.493, 71
Trd, 4318408.243, 99
Trd, 4318408.993, 82
Trd, 4318410.743, 75
Trd, 4318410.993, 78
Trd, 4318412.093, 99
Trd, 4318412.443, 81
Trd, 4318413.543, 75
Trd, 4318413.993, 74
Trd, 4318414.143, 75
Trd, 4318414.893, 71
Trd, 4318417.393, 67
Trd, 4318417.643, 64
Trd, 4318418.343, 79
Trd, 4318418.393, 65
Trd, 4318418.793, 78
Trd, 4318421.393, 97
Trd, 4318421.793, 108
Trd, 4318422.593, 87
Trd, 4318422.993, 102
Trd, 4318423.543, 101
Trd, 4318424.043, 96
Trd, 4318424.493, 89
Trd, 4318425.643, 96
Trd, 4318425.793, 85
Trd, 4318425.843, 81
Trd, 4318428.693, 73
Trd, 4318429.343, 68
Trd, 4318429.893, 65
Trd, 4318430.943, 73
Trd, 4318431.493, 105
Trd, 4318431.693, 115
Trd, 4318433.293, 97
Trd, 4318433.493, 83
Trd, 4318436.143, 78
Trd, 4318436.193, 87
Trd, 4318436.643, 103
Trd, 4318437.293, 130
Trd, 4318437.843, 94
Trd, 4318438.243, 107
Trd, 4318438.393, 92
Trd, 4318439.643, 112
Trd, 4318440.343, 129
Trd, 4318441.843, 106
Trd, 4318442.543, 89
Trd, 4318443.093, 119
Trd, 4318444.193, 121
Trd, 4318444.543, 93
Trd, 4318444.943, 99
Trd, 4318445.043, 89
Trd, 4318447.543, 103
Trd, 4318447.893, 117
Trd, 4318448.143, 101
Trd, 4318448.793, 136
Trd, 4318449.043, 108
Trd, 4318450.693, 90
Trd, 4318450.893, 137
Trd, 4318451.593, 90
Trd, 4318452.193, 80
Trd, 4318452.843, 114
Trd, 4318453.943, 80
Trd, 4318455.093, 101
Trd, 4318455.343, 116
Trd, 4318455.443, 97
Trd, 4318456.293, 112
Trd, 4318456.943, 123
Trd, 4318458.593, 81
Trd, 4318459.643, 105
Trd, 4318459.843, 113
Trd, 4318460.243, 104
Trd, 4318460.443, 99
Trd, 4318460.843, 86
Trd, 4318461.443, 79
Trd, 4318462.143, 125
Trd, 4318462.393, 120
Trd, 4318463.943, 73
Trd, 4318464.743, 68
Trd, 4318465.343, 80
Trd, 4318466.543, 89
Trd, 4318467.943, 90
Trd, 4318468.793, 113
Trd, 4318469.143, 90
Trd, 4318470.643, 84
Trd, 4318471.693, 102
Trd, 4318473.293, 130
Trd, 4318473.593, 119
Trd, 4318473.843, 113
Trd, 4318473.893, 110
Trd, 4318475.443, 99
Trd, 4318476.193, 97
Trd, 4318476.293, 91
Trd, 4318477.293, 90
Trd, 4318479.293, 114
Trd, 4318480.043, 96
Trd, 4318480.393, 94
Trd, 4318480.693, 95
Trd, 4318481.143, 94
Trd, 4318483.293, 98
Trd, 4318483.693, 102
Trd, 4318483.943, 87
Trd, 4318484.193, 84
Trd, 4318485.143, 129
Trd, 4318485.593, 124
Trd, 4318486.143, 126
Trd, 4318486.943, 114
Trd, 4318488.293, 127
Trd, 4318489.493, 134
Trd, 4318489.543, 126
Trd, 4318489.593, 120
Trd, 4318491.843, 115
Trd, 4318492.443, 100
Trd, 4318492.643, 107
Trd, 4318494.243, 108
Trd, 4318494.493, 91
Trd, 4318494.743, 106
Trd, 4318494.793, 91
Trd, 4318495.543, 76
Trd, 4318496.443, 77
Trd, 4318498.443, 83
Trd, 4318498.543, 106
Trd, 4318498.843, 73
Trd, 4318499.943, 83
Trd, 4318500.393, 111
Trd, 4318501.043, 118
Trd, 4318501.743, 81
Trd, 4318504.093, 118
Trd, 4318504.343, 103
Trd, 4318504.743, 108
Trd, 4318504.993, 82
Trd, 4318506.143, 126
Trd, 4318506.293, 82
Trd, 4318507.093, 96
Trd, 4318508.193, 92
Trd, 4318508.343, 63
Trd, 4318509.593, 115
Trd, 4318510.143, 104
Trd, 4318510.893, 83
Trd, 4318511.393, 125
Trd, 4318512.143, 119
Trd, 4318512.193, 103
Trd, 4318513.243, 99
Trd, 4318513.993, 107
Trd, 4318515.943, 113
Trd, 4318516.143, 103
Trd, 4318516.293, 79
Trd, 4318516.743, 62
Trd, 4318517.293, 64
Trd, 4318517.943, 70
Trd, 4318518.193, 61
Trd, 4318519.893, 67
Trd, 4318520.893, 85
Trd, 4318522.243, 75
Trd, 4318522.693, 64
Trd, 4318523.243, 97
Trd, 4318524.393, 65
Trd, 4318526.193, 127
Trd, 4318526.593, 94
Trd, 4318527.643, 90
Trd, 4318528.293, 87
Trd, 4318528.493, 61
Trd, 4318528.993, 69
Trd, 4318529.293, 82
Trd, 4318530.293, 72
Trd, 4318531.093, 106
Trd, 4318531.393, 109
Trd, 4318532.943, 101
Trd, 4318533.293, 64
Trd, 4318534.143, 93
Trd, 4318534.843, 101
Trd, 4318534.893, 91
Trd, 4318535.243, 88
Trd, 4318536.343, 93
Trd, 4318537.593, 89
Trd, 4318539.093, 86
Trd, 4318540.393, 82
Trd, 4318540.593, 80
Trd, 4318540.643, 72
Trd, 4318541.393, 70
Trd, 4318542.243, 94
Trd, 4318542.343, 92
Trd, 4318543.693, 82
Trd, 4318543.793, 86
Trd, 4318545.993, 119
Trd, 4318546.293, 98
Trd, 4318547.243, 89
Trd, 4318547.893, 95
Trd, 4318548.643, 82
Trd, 4318548.743, 76
Trd, 4318549.643, 81
Trd, 4318551.093, 99
Trd, 4318551.143, 82
Trd, 4318551.693, 103
Trd, 4318553.293, 82
Trd, 4318554.493, 99
Trd, 4318554.643, 91
Trd, 4318554.943, 117
Trd, 4318557.493, 124
Trd, 4318557.693, 119
Trd, 4318558.243, 121
Trd, 4318558.993, 118
Trd, 4318559.843, 128
Trd, 4318559.893, 121
Trd, 4318561.543, 121
Trd, 4318561.693, 102
Trd, 4318561.843, 95
Trd, 4318562.243, 84
Trd, 4318564.393, 93
Trd, 4318566.343, 92
Trd, 4318567.393, 127
Trd, 4318567.643, 122
Trd, 4318568.143, 116
Trd, 4318568.293, 114
Trd, 4318569.093, 89
Trd, 4318570.743, 97
Trd, 4318570.993, 90
Trd, 4318571.543, 110
Trd, 4318572.343, 90
Trd, 4318572.693, 117
Trd, 4318572.743, 85
Trd, 4318573.043, 108
Trd, 4318573.243, 105
Trd, 4318574.843, 82
Trd, 4318575.893, 82
Trd, 4318576.443, 115
Trd, 4318576.693, 108
Trd, 4318576.893, 102
Trd, 4318577.443, 100
Trd, 4318578.443, 62
Trd, 4318578.893, 64
Trd, 4318579.243, 89
Trd, 4318580.393, 70
Trd, 4318580.743, 73
Trd, 4318582.943, 84
Trd, 4318583.943, 101
Trd, 4318584.443, 78
Trd, 4318584.893, 137
Trd, 4318585.443, 80
Trd, 4318585.643, 70
Trd, 4318586.693, 60
Trd, 4318587.693, 64
Trd, 4318587.843, 107
Trd, 4318589.343, 76
Trd, 4318590.193, 81
Trd, 4318590.293, 80
Trd, 4318590.543, 133
Trd, 4318591.693, 115
Trd, 4318592.343, 71
Trd, 4318595.093, 85
Trd, 4318595.843, 89
Trd, 4318595.893, 87
Trd, 4318596.943, 89
Trd, 4318597.043, 87
Trd, 4318597.393, 69
Trd, 4318597.593, 137
Trd, 4318598.593, 109
Trd, 4318600.093, 106
Trd, 4318600.443, 86
Trd, 4318601.193, 117
Trd, 4318601.243, 117
Trd, 4318602.993, 111
Trd, 4318603.193, 109
Trd, 4318604.043, 102
Trd, 4318604.593, 94
Trd, 4318604.993, 109
Trd, 4318605.093, 93
Trd, 4318607.143, 89
Trd, 4318608.343, 107
Trd, 4318608.893, 82
Trd, 4318609.193, 78
Trd, 4318609.893, 74
Trd, 4318611.243, 100
Trd, 4318611.793, 88
Trd, 4318612.193, 102
Trd, 4318613.493, 111
Trd, 4318613.793, 139
Trd, 4318614.343, 112
Trd, 4318615.893, 65
Trd, 4318616.693, 110
Trd, 4318617.593, 127
Trd, 4318619.793, 115
Trd, 4318620.843, 115
Trd, 4318620.893, 120
Trd, 4318621.943, 113
Trd, 4318622.143, 107
Trd, 4318622.943, 89
Trd, 4318624.343, 109
Trd, 4318624.643, 101
Trd, 4318625.143, 96
Trd, 4318625.693, 140
Trd, 4318626.143, 93
Trd, 4318626.843, 91
Trd, 4318627.643, 89
Trd, 4318628.693, 87
Trd, 4318629.593, 109
Trd, 4318629.993, 92
Trd, 4318630.543, 102
Trd, 4318630.643, 88
Trd, 4318631.093, 84
Trd, 4318631.693, 84
Trd, 4318632.793, 108
Trd, 4318634.743, 83
Trd, 4318635.993, 77
Trd, 4318636.243, 84
Trd, 4318637.893, 91
Trd, 4318638.593, 105
Trd, 4318638.893, 103
Trd, 4318639.043, 108
Trd, 4318641.743, 117
Trd, 4318642.743, 115
Trd, 4318642.843, 112
Trd, 4318642.993, 73
Trd, 4318644.293, 111
Trd, 4318644.393, 109
Trd, 4318644.843, 101
Trd, 4318645.193, 107
Trd, 4318648.093, 96
Trd, 4318648.193, 94
Trd, 4318648.243, 91
Trd, 4318648.493, 122
Trd, 4318649.343, 132
Trd, 4318649.393, 129
Trd, 4318649.993, 109
Trd, 4318650.943, 61
Trd, 4318651.493, 115
Trd, 4318652.593, 97
Trd, 4318653.143, 102
Trd, 4318653.943, 103
Trd, 4318654.093, 100
Trd, 4318654.493, 104
Trd, 4318654.943, 99
Trd, 4318655.093, 81
Trd, 4318656.143, 121
Trd, 4318656.643, 84
Trd, 4318658.943, 111
Trd, 4318659.093, 110
Trd, 4318660.093, 120
Trd, 4318660.593, 118
Trd, 4318661.193, 105
Trd, 4318661.243, 104
Trd, 4318662.443, 105
Trd, 4318663.143, 103
Trd, 4318663.943, 75
Trd, 4318664.793, 79
Trd, 4318665.443, 93
Trd, 4318665.643, 120
Trd, 4318665.843, 74
Trd, 4318667.143, 109
Trd, 4318667.193, 107
Trd, 4318667.693, 94
Trd, 4318668.943, 77
Trd, 4318669.993, 102
Trd, 4318670.743, 97
Trd, 4318672.593, 82
Trd, 4318673.093, 79
Trd, 4318673.193, 78
Trd, 4318674.493, 74
Trd, 4318674.593, 97
Trd, 4318675.443, 108
Trd, 4318675.993, 71
Trd, 4318676.293, 113
Trd, 4318677.543, 125
Trd, 4318678.793, 92
Trd, 4318679.243, 99
Trd, 4318680.193, 90
Trd, 4318681.593, 99
Trd, 4318683.093, 86
Trd, 4318684.043, 83
Trd, 4318685.043, 97
Trd, 4318685.593, 99
Trd, 4318685.743, 83
Trd, 4318685.793, 87
Trd, 4318686.143, 106
Trd, 4318688.693, 88
Trd, 4318691.193, 87
Trd, 4318692.943, 119
Trd, 4318693.193, 109
Trd, 4318693.743, 113
Trd, 4318694.293, 90
Trd, 4318695.993, 135
Trd, 4318696.143, 125
Trd, 4318696.793, 106
Trd, 4318698.093, 64
Trd, 4318698.293, 67
Trd, 4318698.943, 82
Trd, 4318699.493, 126
Trd, 4318699.693, 119
Trd, 4318700.143, 111
Trd, 4318702.243, 113
Trd, 4318702.543, 108
Trd, 4318703.593, 117
Trd, 4318704.343, 93
Trd, 4318705.493, 108
Trd, 4318706.043, 85
Trd, 4318707.093, 93
Trd, 4318707.143, 96
Trd, 4318707.743, 92
Trd, 4318709.193, 86
Trd, 4318710.343, 79
Trd, 4318710.943, 104
Trd, 4318711.493, 85
Trd, 4318711.693, 98
Trd, 4318711.843, 76
Trd, 4318712.993, 113
Trd, 4318714.993, 93
Trd, 4318715.043, 92
Trd, 4318715.143, 88
Trd, 4318716.243, 105
Trd, 4318717.493, 86
Trd, 4318717.593, 71
Trd, 4318718.343, 85
Trd, 4318721.143, 88
Trd, 4318721.493, 85
Trd, 4318721.543, 83
Trd, 4318722.443, 103
Trd, 4318723.393, 108
Trd, 4318724.493, 95
Trd, 4318724.893, 93
Trd, 4318727.193, 108
Trd, 4318727.693, 100
Trd, 4318728.243, 90
Trd, 4318728.643, 111
Trd, 4318728.893, 115
Trd, 4318729.843, 74
Trd, 4318731.243, 121
Trd, 4318731.843, 125
Trd, 4318732.193, 131
Trd, 4318733.043, 134
Trd, 4318733.093, 102
Trd, 4318733.793, 89
Trd, 4318733.943, 88
Trd, 4318734.193, 133
Trd, 4318735.093, 99
Trd, 4318735.443, 94
Trd, 4318735.793, 96
Trd, 4318736.343, 81
Trd, 4318736.743, 73
Trd, 4318737.943, 96
Trd, 4318738.143, 103
Trd, 4318739.843, 117
Trd, 4318740.493, 92
Trd, 4318741.093, 93
Trd, 4318741.543, 101
Trd, 4318742.693, 101
Trd, 4318743.293, 106
Trd, 4318743.893, 83
Trd, 4318744.743, 79
Trd, 4318746.743, 91
Trd, 4318747.343, 91
Trd, 4318747.643, 79
Trd, 4318748.743, 86
Trd, 4318750.643, 123
Trd, 4318750.743, 119
Trd, 4318750.993, 118
Trd, 4318751.393, 99
Trd, 4318752.693, 128
Trd, 4318753.093, 101
Trd, 4318753.643, 98
Trd, 4318753.993, 92
Trd, 4318755.493, 94
Trd, 4318755.643, 87
Trd, 4318756.743, 103
Trd, 4318756.893, 102
Trd, 4318757.493, 117
Trd, 4318757.693, 88
Trd, 4318758.443, 130
Trd, 4318760.243, 110
Trd, 4318760.593, 99
Trd, 4318760.643, 97
Trd, 4318761.993, 93
Trd, 4318762.343, 104
Trd, 4318763.043, 104
Trd, 4318763.743, 125
Trd, 4318764.343, 84
Trd, 4318764.793, 129
Trd, 4318765.143, 78
Trd, 4318767.493, 86
Trd, 4318767.943, 97
Trd, 4318767.993, 86
Trd, 4318769.193, 102
Trd, 4318770.193, 91
Trd, 4318770.693, 92
Trd, 4318770.743, 91
Trd, 4318771.343, 116
Trd, 4318771.493, 60
Trd, 4318772.243, 76
Trd, 4318773.193, 95
Trd, 4318774.043, 74
Trd, 4318774.443, 69
Trd, 4318775.593, 112
Trd, 4318776.543, 96
Trd, 4318776.793, 90
Trd, 4318777.843, 99
Trd, 4318778.093, 100
Trd, 4318779.343, 113
Trd, 4318779.593, 84
Trd, 4318779.643, 90
Trd, 4318779.743, 80
Trd, 4318780.943, 65
Trd, 4318782.393, 75
Trd, 4318784.143, 67
Trd, 4318784.843, 84
Trd, 4318786.593, 62
Trd, 4318786.943, 75
Trd, 4318787.893, 88
Trd, 4318788.943, 100
Trd, 4318789.493, 86
Trd, 4318790.443, 98
Trd, 4318791.943, 112
Trd, 4318792.593, 103
Trd, 4318794.843, 122
Trd, 4318795.043, 120
Trd, 4318795.943, 107
Trd, 4318796.843, 123
Trd, 4318797.043, 98
Trd, 4318797.443, 109
Trd, 4318798.043, 113
Trd, 4318798.543, 92
Trd, 4318798.793, 94
Trd, 4318799.693, 80
Trd, 4318799.893, 79
Trd, 4318800.193, 98
Trd, 4318801.493, 103
Trd, 4318802.943, 96
Trd, 4318804.543, 92
Trd, 4318804.943, 91
Trd, 4318805.893, 89
Trd, 4318805.993, 87
Trd, 4318806.893, 102
Trd, 4318807.593, 125
Trd, 4318807.643, 118
Trd, 4318808.893, 78
Trd, 4318809.293, 104
Trd, 4318809.443, 77
Trd, 4318811.143, 99
Trd, 4318811.343, 105
Trd, 4318812.493, 111
Trd, 4318813.493, 103
Trd, 4318814.993, 86
Trd, 4318815.093, 84
Trd, 4318815.193, 79
Trd, 4318816.043, 106
Trd, 4318816.343, 118
Trd, 4318817.343, 70
Trd, 4318818.043, 85
Trd, 4318819.893, 75
Trd, 4318820.643, 109
Trd, 4318820.843, 87
Trd, 4318822.193, 135
Trd, 4318822.293, 106
Trd, 4318823.343, 83
Trd, 4318824.243, 78
Trd, 4318825.243, 120
Trd, 4318825.443, 72
Trd, 4318826.343, 126
Trd, 4318827.393, 100
Trd, 4318828.293, 65
Trd, 4318829.393, 82
Trd, 4318830.593, 75
Trd, 4318831.043, 78
Trd, 4318831.693, 73
Trd, 4318832.443, 128
Trd, 4318832.593, 127
Trd, 4318833.243, 112
Trd, 4318833.293, 95
Trd, 4318833.693, 90
Trd, 4318836.093, 119
Trd, 4318837.343, 120
Trd, 4318838.193, 116
Trd, 4318838.243, 114
Trd, 4318838.393, 121
Trd, 4318838.493, 112
Trd, 4318840.993, 88
Trd, 4318841.943, 87
Trd, 4318843.043, 79
Trd, 4318843.093, 74
Trd, 4318844.143, 117
Trd, 4318844.343, 84
Trd, 4318844.443, 76
Trd, 4318845.343, 108
Trd, 4318846.043, 83
Trd, 4318846.143, 80
Trd, 4318847.893, 101
Trd, 4318848.543, 99
Trd, 4318848.693, 89
Trd, 4318848.893, 89
Trd, 4318849.243, 87
Trd, 4318849.943, 77
Trd, 4318851.943, 85
Trd, 4318853.043, 89
Trd, 4318854.243, 103
Trd, 4318854.843, 101
Trd, 4318855.393, 95
Trd, 4318856.043, 108
Trd, 4318857.643, 95
Trd, 4318857.693, 91
Trd, 4318857.893, 109
Trd, 4318858.293, 136
Trd, 4318859.243, 126
Trd, 4318859.493, 108
Trd, 4318859.693, 80
Trd, 4318861.093, 84
Trd, 4318862.793, 86
Trd, 4318862.943, 71
Trd, 4318862.993, 101
Trd, 4318864.093, 75
Trd, 4318864.443, 115
Trd, 4318866.293, 128
Trd, 4318866.543, 125
Trd, 4318867.343, 93
Trd, 4318868.193, 129
Trd, 4318869.693, 115
Trd, 4318869.893, 128
Trd, 4318870.093, 92
Trd, 4318870.843, 101
Trd, 4318871.393, 112
Trd, 4318871.743, 93
Trd, 4318872.443, 120
Trd, 4318873.193, 85
Trd, 4318876.593, 94
Trd, 4318876.743, 102
Trd, 4318878.793, 91
Trd, 4318880.693, 90
Trd, 4318881.793, 76
Trd, 4318881.943, 84
Trd, 4318882.243, 88
Trd, 4318882.643, 60
Trd, 4318882.793, 62
Trd, 4318884.543, 71
Trd, 4318884.943, 68
Trd, 4318886.393, 97
Trd, 4318887.993, 109
Trd, 4318888.293, 118
Trd, 4318888.343, 115
Trd, 4318888.493, 96
Trd, 4318889.243, 115
Trd, 4318890.443, 84
Trd, 4318891.293, 97
Trd, 4318892.193, 81
Trd, 4318893.343, 62
Trd, 4318894.543, 121
Trd, 4318895.193, 114
Trd, 4318895.843, 111
Trd, 4318896.543, 124
Trd, 4318897.793, 99
Trd, 4318898.843, 97
Trd, 4318899.143, 89
Trd, 4318899.693, 89
Trd, 4318899.943, 115
Trd, 4318900.443, 136
Trd, 4318900.943, 85
Trd, 4318901.743, 102
Trd, 4318902.243, 90
Trd, 4318902.393, 81
Trd, 4318903.743, 138
Trd, 4318903.843, 135
Trd, 4318904.143, 109
Trd, 4318904.793, 86
Trd, 4318907.793, 106
Trd, 4318908.493, 95
Trd, 4318909.093, 90
Trd, 4318910.143, 125
Trd, 4318912.643, 111
Trd, 4318913.243, 128
Trd, 4318913.893, 103
Trd, 4318914.193, 120
Trd, 4318914.443, 94
Trd, 4318915.593, 119
Trd, 4318915.893, 106
Trd, 4318916.393, 102
Trd, 4318916.593, 105
Trd, 4318917.743, 101
Trd, 4318918.543, 100
Trd, 4318918.893, 104
Trd, 4318919.743, 83
Trd, 4318920.143, 77
Trd, 4318921.143, 112
Trd, 4318921.243, 99
Trd, 4318922.593, 92
Trd, 4318923.743, 124
Trd, 4318924.043, 90
Trd, 4318924.793, 125
Trd, 4318925.843, 111
Trd, 4318926.043, 107
Trd, 4318926.943, 122
Trd, 4318928.843, 85
Trd, 4318929.193, 84
Trd, 4318930.693, 128
Trd, 4318930.943, 125
Trd, 4318931.393, 117
Trd, 4318933.193, 102
Trd, 4318933.493, 109
Trd, 4318933.543, 94
Trd, 4318933.993, 93
Trd, 4318934.243, 89
Trd, 4318934.343, 80
Trd, 4318936.743, 77
Trd, 4318937.043, 98
Trd, 4318938.293, 132
Trd, 4318941.043, 104
Trd, 4318941.293, 100
Trd, 4318941.343, 88
Trd, 4318942.093, 105
Trd, 4318943.293, 139
Trd, 4318944.293, 109
Trd, 4318945.043, 116
Trd, 4318945.343, 105
Trd, 4318946.543, 112
Trd, 4318946.793, 99
Trd, 4318947.993, 96
Trd, 4318948.093, 85
Trd, 4318948.843, 111
Trd, 4318950.993, 115
Trd, 4318951.043, 111
Trd, 4318951.243, 109
Trd, 4318952.643, 81
Trd, 4318953.493, 120
Trd, 4318954.743, 107
Trd, 4318955.193, 90
Trd, 4318955.793, 93
Trd, 4318956.143, 101
Trd, 4318956.643, 109
Trd, 4318957.293, 70
Trd, 4318958.543, 86
Trd, 4318959.493, 82
Trd, 4318959.593, 76
Trd, 4318960.343, 127
Trd, 4318960.643, 126
Trd, 4318960.693, 124
Trd, 4318962.693, 104
Trd, 4318963.743, 108
Trd, 4318963.793, 105
Trd, 4318964.643, 101
Trd, 4318965.743, 97
Trd, 4318966.293, 87
Trd, 4318967.543, 82
Trd, 4318968.593, 74
Trd, 4318969.493, 86
Trd, 4318969.893, 84
Trd, 4318972.593, 100
Trd, 4318972.993, 98
Trd, 4318973.293, 96
Trd, 4318973.643, 89
Trd, 4318974.243, 86
Trd, 4318974.643, 129
Trd, 4318974.693, 80
Trd, 4318975.193, 100
Trd, 4318975.993, 93
Trd, 4318976.443, 112
Trd, 4318977.643, 102
Trd, 4318978.393, 105
Trd, 4318979.243, 105
Trd, 4318979.893, 93
Trd, 4318980.243, 91
Trd, 4318982.143, 81
Trd, 4318983.543, 90
Trd, 4318983.593, 86
Trd, 4318983.643, 121
Trd, 4318984.093, 78
Trd, 4318985.243, 68
Trd, 4318986.643, 103
Trd, 4318986.943, 81
Trd, 4318987.393, 137
Trd, 4318987.943, 137
Trd, 4318989.643, 122
Trd, 4318989.693, 121
Trd, 4318989.893, 111
Trd, 4318990.893, 86
Trd, 4318992.693, 131
Trd, 4318992.843, 124
Trd, 4318993.693, 118
Trd, 4318994.143, 94
Trd, 4318994.643, 118
Trd, 4318995.393, 102
Trd, 4318995.593, 93
Trd, 4318996.193, 97
Trd, 4318996.743, 71
Trd, 4318997.793, 79
Trd, 4318998.243, 81
Trd, 4318999.543, 119
Trd, 4319000.493, 65
Trd, 4319001.043, 70
Trd, 4319002.393, 88
Trd, 4319002.943, 74
Trd, 4319003.693, 112
Trd, 4319004.393, 103
Trd, 4319004.693, 100
Trd, 4319005.293, 90
Trd, 4319006.343, 106
Trd, 4319007.543, 108
Trd, 4319007.843, 98
Trd, 4319007.943, 82
Trd, 4319008.943, 96
Trd, 4319009.793, 89
Trd, 4319010.993, 77
Trd, 4319013.743, 85
Trd, 4319014.293, 81
Trd, 4319015.393, 106
Trd, 4319015.943, 96
Trd, 4319016.293, 85
Trd, 4319016.543, 118
Trd, 4319017.843, 113
Trd, 4319018.243, 90
Trd, 4319018.293, 81
Trd, 4319019.143, 66
Trd, 4319019.293, 70
Trd, 4319020.443, 93
Trd, 4319020.643, 70
Trd, 4319021.493, 96
Trd, 4319021.643, 97
Trd, 4319023.293, 87
Trd, 4319023.743, 71
Trd, 4319024.943, 81
Trd, 4319026.993, 85
Trd, 4319027.343, 96
Trd, 4319027.943, 69
Trd, 4319028.093, 114
Trd, 4319028.293, 101
Trd, 4319031.143, 104
Trd, 4319032.443, 123
Trd, 4319033.143, 91
Trd, 4319033.193, 88
Trd, 4319034.043, 88
Trd, 4319034.743, 74
Trd, 4319036.943, 121
Trd, 4319037.193, 105
Trd, 4319038.593, 99
Trd, 4319038.893, 80
Trd, 4319040.193, 98
Trd, 4319040.543, 110
Trd, 4319041.443, 84
Trd, 4319041.593, 75
Trd, 4319043.443, 67
Trd, 4319044.193, 71
Trd, 4319044.993, 73
Trd, 4319045.893, 74
Trd, 4319047.393, 82
Trd, 4319047.543, 67
Trd, 4319047.643, 62
Trd, 4319048.543, 69
Trd, 4319050.243, 96
Trd, 4319050.593, 90
Trd, 4319051.493, 81
Trd, 4319052.243, 80
Trd, 4319052.693, 109
Trd, 4319053.343, 79
Trd, 4319054.143, 73
Trd, 4319055.293, 133
Trd, 4319055.793, 94
Trd, 4319056.493, 85
Trd, 4319057.743, 95
Trd, 4319060.043, 82
Trd, 4319060.493, 89
Trd, 4319062.493, 78
Trd, 4319062.843, 85
Trd, 4319064.193, 90
Trd, 4319064.693, 82
Trd, 4319065.193, 114
Trd, 4319065.993, 123
Trd, 4319066.343, 101
Trd, 4319066.943, 132
Trd, 4319067.143, 113
Trd, 4319067.343, 96
Trd, 4319067.443, 96
Trd, 4319068.093, 90
Trd, 4319069.043, 101
Trd, 4319070.493, 81
Trd, 4319070.643, 79
Trd, 4319071.293, 102
Trd, 4319071.993, 74
Trd, 4319072.643, 92
Trd, 4319072.993, 86
Trd, 4319073.093, 124
Trd, 4319074.243, 122
Trd, 4319077.093, 112
Trd, 4319077.443, 107
Trd, 4319077.843, 129
Trd, 4319078.793, 112
Trd, 4319078.893, 110
Trd, 4319080.093, 94
Trd, 4319081.143, 102
Trd, 4319081.293, 98
Trd, 4319081.893, 91
Trd, 4319082.343, 96
Trd, 4319083.143, 117
Trd, 4319084.143, 110
Trd, 4319085.293, 109
Trd, 4319085.793, 106
Trd, 4319086.043, 103
Trd, 4319086.343, 105
Trd, 4319088.143, 105
Trd, 4319088.743, 79
Trd, 4319088.793, 97
Trd, 4319089.493, 99
Trd, 4319089.943, 87
Trd, 4319092.343, 123
Trd, 4319092.843, 118
Trd, 4319093.043, 114
Trd, 4319094.243, 96
Trd, 4319094.543, 81
Trd, 4319094.793, 85
Trd, 4319096.293, 99
Trd, 4319096.493, 76
Trd, 4319098.643, 97
Trd, 4319098.843, 81
Trd, 4319099.343, 83
Trd, 4319099.843, 89
Trd, 4319100.193, 102
Trd, 4319100.993, 69
Trd, 4319103.393, 115
Trd, 4319105.243, 79
Trd, 4319105.343, 77
Trd, 4319106.893, 95
Trd, 4319107.043, 87
Trd, 4319107.743, 90
Trd, 4319108.293, 117
Trd, 4319110.293, 91
Trd, 4319110.743, 100
Trd, 4319110.793, 75
Trd, 4319112.693, 65
Trd, 4319112.993, 83
Trd, 4319114.493, 112
Trd, 4319115.093, 110
Trd, 4319115.943, 110
Trd, 4319116.343, 108
Trd, 4319117.293, 104
Trd, 4319117.493, 113
Trd, 4319118.993, 127
Trd, 4319119.043, 106
Trd, 4319120.143, 104
Trd, 4319121.093, 109
Trd, 4319121.443, 107
Trd, 4319121.793, 106
Trd, 4319122.343, 105
Trd, 4319123.643, 116
Trd, 4319123.893, 94
Trd, 4319126.743, 127
Trd, 4319126.943, 127
Trd, 4319127.743, 124
Trd, 4319128.743, 103
Trd, 4319129.143, 100
Trd, 4319129.793, 88
Trd, 4319130.143, 93
Trd, 4319130.293, 86
Trd, 4319130.643, 89
Trd, 4319131.843, 64
Trd, 4319132.593, 103
Trd, 4319133.393, 72
Trd, 4319134.943, 105
Trd, 4319135.643, 84
Trd, 4319136.193, 73
Trd, 4319136.543, 75
Trd, 4319137.993, 101
Trd, 4319138.943, 78
Trd, 4319139.793, 128
Trd, 4319140.843, 112
Trd, 4319140.993, 106
Trd, 4319141.693, 72
Trd, 4319141.843, 100
Trd, 4319143.143, 79
Trd, 4319144.793, 129
Trd, 4319145.343, 130
Trd, 4319145.843, 108
Trd, 4319146.143, 106
Trd, 4319147.193, 65
Trd, 4319148.343, 135
Trd, 4319148.643, 108
Trd, 4319149.143, 84
Trd, 4319149.343, 82
Trd, 4319150.293, 81
Trd, 4319151.243, 109
Trd, 4319152.893, 102
Trd, 4319152.943, 84
Trd, 4319154.793, 90
Trd, 4319154.943, 89
Trd, 4319155.043, 81
Trd, 4319155.893, 79
Trd, 4319156.943, 101
Trd, 4319158.043, 69
Trd, 4319158.443, 99
Trd, 4319158.743, 81
Trd, 4319159.893, 103
Trd, 4319160.743, 93
Trd, 4319160.893, 84
Trd, 4319164.343, 84
Trd, 4319164.543, 84
Trd, 4319165.343, 87
Trd, 4319165.693, 79
Trd, 4319165.943, 118
Trd, 4319167.343, 87
Trd, 4319167.693, 90
Trd, 4319168.343, 100
Trd, 4319168.993, 98
Trd, 4319169.193, 88
Trd, 4319170.343, 81
Trd, 4319171.593, 74
Trd, 4319172.893, 79
Trd, 4319173.193, 89
Trd, 4319173.493, 104
Trd, 4319175.243, 97
Trd, 4319175.743, 120
Trd, 4319176.043, 90
Trd, 4319179.043, 123
Trd, 4319179.543, 117
Trd, 4319180.093, 111
Trd, 4319181.043, 112
Trd, 4319181.193, 112
Trd, 4319182.443, 108
Trd, 4319182.793, 117
Trd, 4319183.043, 95
Trd, 4319183.443, 91
Trd, 4319184.993, 70
Trd, 4319185.793, 75
Trd, 4319186.443, 74
Trd, 4319187.093, 77
Trd, 4319188.643, 114
Trd, 4319188.693, 112
Trd, 4319190.493, 107
Trd, 4319190.543, 105
Trd, 4319191.043, 75
Trd, 4319192.393, 90
Trd, 4319192.693, 76
Trd, 4319193.543, 65
Trd, 4319194.093, 74
Trd, 4319194.243, 73
Trd, 4319196.643, 118
Trd, 4319196.943, 130
Trd, 4319197.243, 123
Trd, 4319197.643, 104
Trd, 4319197.993, 101
Trd, 4319198.893, 101
Trd, 4319201.743, 84
Trd, 4319202.093, 78
Trd, 4319203.543, 68
Trd, 4319203.593, 80
Trd, 4319203.793, 62
Trd, 4319203.843, 114
Trd, 4319204.893, 68
Trd, 4319205.943, 114
Trd, 4319207.043, 92
Trd, 4319207.693, 91
Trd, 4319208.043, 84
Trd, 4319208.343, 133
Trd, 4319209.143, 95
Trd, 4319211.443, 64
Trd, 4319211.993, 91
Trd, 4319212.243, 75
Trd, 4319212.343, 96
Trd, 4319213.043, 78
Trd, 4319215.293, 65
Trd, 4319215.443, 74
Trd, 4319215.543, 95
Trd, 4319216.443, 97
Trd, 4319217.593, 95
Trd, 4319217.893, 103
Trd, 4319218.393, 91
Trd, 4319218.843, 120
Trd, 4319219.793, 97
Trd, 4319220.693, 95
Trd, 4319221.493, 93
Trd, 4319222.743, 103
Trd, 4319223.543, 83
Trd, 4319224.193, 94
Trd, 4319224.493, 121
Trd, 4319224.943, 95
Trd, 4319225.193, 91
Trd, 4319225.743, 82
Trd, 4319226.893, 87
Trd, 4319227.093, 100
Trd, 4319228.193, 80
Trd, 4319229.043, 102
Trd, 4319229.343, 137
Trd, 4319229.843, 103
Trd, 4319230.793, 85
Trd, 4319230.843, 92
Trd, 4319231.143, 80
Trd, 4319231.893, 100
Trd, 4319232.943, 105
Trd, 4319233.643, 73
Trd, 4319234.093, 67
Trd, 4319234.443, 84
Trd, 4319235.843, 73
Trd, 4319236.693, 118
Trd, 4319236.793, 115
Trd, 4319237.593, 111
Trd, 4319238.593, 82
Trd, 4319239.943, 70
Trd, 4319240.943, 65
Trd, 4319241.243, 95
Trd, 4319241.643, 114
Trd, 4319243.593, 82
Trd, 4319244.443, 82
Trd, 4319245.393, 89
Trd, 4319245.493, 125
Trd, 4319246.143, 100
Trd, 4319246.493, 98
Trd, 4319246.943, 117
Trd, 4319248.293, 134
Trd, 4319249.343, 85
Trd, 4319252.293, 133
Trd, 4319252.593, 133
Trd, 4319252.793, 131
Trd, 4319252.943, 126
Trd, 4319254.393, 119
Trd, 4319254.793, 89
Trd, 4319255.543, 105
Trd, 4319255.943, 106
Trd, 4319256.393, 85
Trd, 4319256.993, 104
Trd, 4319258.193, 101
Trd, 4319258.893, 89
Trd, 4319259.543, 86
Trd, 4319259.743, 67
Trd, 4319260.143, 109
Trd, 4319261.193, 76
Trd, 4319261.793, 67
Trd, 4319263.843, 63
Trd, 4319264.043, 77
Trd, 4319265.293, 74
Trd, 4319265.993, 100
Trd, 4319266.243, 116
Trd, 4319266.793, 106
Trd, 4319267.743, 105
Trd, 4319268.443, 100
Trd, 4319269.293, 68
Trd, 4319269.443, 79
Trd, 4319271.043, 116
Trd, 4319271.993, 107
Trd, 4319272.343, 106
Trd, 4319272.393, 90
Trd, 4319273.093, 88
Trd, 4319273.393, 91
Trd, 4319273.543, 88
Trd, 4319274.043, 84
Trd, 4319275.443, 97
Trd, 4319276.243, 136
Trd, 4319276.593, 94
Trd, 4319276.843, 88
Trd, 4319277.293, 83
Trd, 4319277.643, 131
Trd, 4319278.543, 103
Trd, 4319279.443, 66
Trd, 4319279.693, 96
Trd, 4319280.043, 119
Trd, 4319280.943, 122
Trd, 4319281.143, 114
Trd, 4319282.843, 93
Trd, 4319282.943, 89
Trd, 4319284.243, 83
Trd, 4319284.743, 129
Trd, 4319285.143, 78
Trd, 4319286.943, 95
Trd, 4319287.693, 98
Trd, 4319289.293, 112
Trd, 4319290.043, 132
Trd, 4319290.093, 129
Trd, 4319291.093, 102
Trd, 4319291.293, 71
Trd, 4319292.293, 105
Trd, 4319293.793, 81
Trd, 4319294.543, 102
Trd, 4319294.993, 92
Trd, 4319295.093, 91
Trd, 4319295.543, 120
Trd, 4319298.093, 124
Trd, 4319299.093, 120
Trd, 4319299.443, 104
Trd, 4319299.493, 95
Trd, 4319299.743, 72
Trd, 4319300.693, 68
Trd, 4319301.043, 66
Trd, 4319303.193, 80
Trd, 4319303.743, 92
Trd, 4319304.443, 120
Trd, 4319306.243, 102
Trd, 4319306.593, 95
Trd, 4319307.543, 120
Trd, 4319307.693, 109
Trd, 4319308.693, 109
Trd, 4319310.593, 99
Trd, 4319310.943, 100
Trd, 4319311.143, 92
Trd, 4319311.793, 93
Trd, 4319311.893, 88
Trd, 4319313.843, 119
Trd, 4319315.393, 102
Trd, 4319315.643, 86
Trd, 4319316.343, 118
Trd, 4319316.443, 115
Trd, 4319317.143, 116
Trd, 4319317.293, 100
Trd, 4319318.993, 114
Trd, 4319320.093, 110
Trd, 4319320.843, 122
Trd, 4319321.193, 111
Trd, 4319321.993, 102
Trd, 4319322.243, 98
Trd, 4319322.593, 106
Trd, 4319323.393, 107
Trd, 4319324.393, 94
Trd, 4319324.643, 89
Trd, 4319325.293, 92
Trd, 4319326.643, 107
Trd, 4319327.443, 95
Trd, 4319327.643, 85
Trd, 4319328.293, 86
Trd, 4319328.893, 83
Trd, 4319329.193, 82
Trd, 4319330.543, 77
Trd, 4319332.543, 139
Trd, 4319332.893, 82
Trd, 4319333.293, 86
Trd, 4319334.093, 116
Trd, 4319335.093, 112
Trd, 4319335.143, 110
Trd, 4319335.593, 110
Trd, 4319336.843, 96
Trd, 4319337.643, 75
Trd, 4319339.643, 107
Trd, 4319339.893, 104
Trd, 4319340.343, 94
Trd, 4319340.843, 68
Trd, 4319340.943, 84
Trd, 4319341.043, 67
Trd, 4319343.343, 134
Trd, 4319343.443, 112
Trd, 4319343.843, 87
Trd, 4319344.943, 127
Trd, 4319345.543, 124
Trd, 4319345.893, 108
Trd, 4319347.643, 114
Trd, 4319347.893, 113
Trd, 4319348.593, 108
Trd, 4319348.893, 114
Trd, 4319349.943, 105
Trd, 4319350.143, 94
Trd, 4319351.143, 89
Trd, 4319351.793, 119
Trd, 4319352.743, 124
Trd, 4319352.893, 111
Trd, 4319353.393, 92
Trd, 4319353.693, 83
Trd, 4319354.443, 118
Trd, 4319355.293, 124
Trd, 4319355.743, 119
Trd, 4319356.093, 115
Trd, 4319356.393, 104
Trd, 4319358.393, 90
Trd, 4319358.943, 110
Trd, 4319359.493, 106
Trd, 4319360.543, 114
Trd, 4319360.943, 118
Trd, 4319361.243, 89
Trd, 4319361.543, 88
Trd, 4319362.143, 122
Trd, 4319363.593, 123
Trd, 4319363.943, 120
Trd, 4319364.043, 106
Trd, 4319364.393, 105
Trd, 4319364.893, 68
Trd, 4319366.243, 95
Trd, 4319366.693, 65
Trd, 4319367.043, 79
Trd, 4319367.793, 70
Trd, 4319368.743, 84
Trd, 4319369.943, 62
Trd, 4319370.393, 62
Trd, 4319371.843, 67
Trd, 4319373.293, 81
Trd, 4319373.343, 99
Trd, 4319373.493, 113
Trd, 4319374.093, 115
Trd, 4319374.143, 113
Trd, 4319375.543, 100
Trd, 4319375.693, 101
Trd, 4319377.143, 85
Trd, 4319377.543, 85
Trd, 4319377.943, 95
Trd, 4319378.543, 80
Trd, 4319378.793, 77
Trd, 4319379.043, 70
Trd, 4319380.543, 68
Trd, 4319380.693, 86
Trd, 4319380.893, 71
Trd, 4319382.393, 93
Trd, 4319383.143, 101
Trd, 4319383.643, 117
Trd, 4319383.893, 94
Trd, 4319385.343, 90
Trd, 4319385.743, 83
Trd, 4319386.893, 99
Trd, 4319388.243, 77
Trd, 4319389.293, 71
Trd, 4319389.893, 69
Trd, 4319390.093, 108
Trd, 4319390.893, 89
Trd, 4319391.193, 106
Trd, 4319393.243, 99
Trd, 4319394.593, 95
Trd, 4319394.843, 92
Trd, 4319395.543, 91
Trd, 4319395.893, 90
Trd, 4319396.493, 87
Trd, 4319397.393, 123
Trd, 4319397.593, 110
Trd, 4319398.193, 72
Trd, 4319399.343, 100
Trd, 4319399.493, 78
Trd, 4319400.943, 77
Trd, 4319402.693, 103
Trd, 4319403.143, 98
Trd, 4319403.943, 134
Trd, 4319404.893, 111
Trd, 4319406.143, 96
Trd, 4319406.543, 95
Trd, 4319406.693, 86
Trd, 4319408.393, 117
Trd, 4319409.193, 134
Trd, 4319409.593, 123
Trd, 4319410.243, 118
Trd, 4319412.543, 105
Trd, 4319412.693, 65
Trd, 4319413.243, 96
Trd, 4319413.343, 85
Trd, 4319413.743, 120
Trd, 4319414.893, 95
Trd, 4319415.443, 95
Trd, 4319415.993, 83
Trd, 4319417.143, 103
Trd, 4319417.193, 111
Trd, 4319417.443, 97
Trd, 4319418.293, 93
Trd, 4319418.643, 107
Trd, 4319419.093, 138
Trd, 4319419.243, 130
Trd, 4319421.793, 116
Trd, 4319423.043, 76
Trd, 4319423.543, 91
Trd, 4319423.593, 73
Trd, 4319423.843, 82
Trd, 4319425.643, 103
Trd, 4319426.193, 94
Trd, 4319428.293, 65
Trd, 4319428.943, 65
Trd, 4319429.243, 62
Trd, 4319429.393, 88
Trd, 4319430.393, 114
Trd, 4319430.693, 102
Trd, 4319431.243, 84
Trd, 4319432.243, 86
Trd, 4319432.543, 80
Trd, 4319434.543, 114
Trd, 4319434.993, 82
Trd, 4319436.093, 108
Trd, 4319436.343, 105
Trd, 4319436.993, 105
Trd, 4319437.343, 91
Trd, 4319438.543, 101
Trd, 4319438.993, 99
Trd, 4319439.043, 74
Trd, 4319440.293, 80
Trd, 4319442.643, 77
Trd, 4319442.743, 70
Trd, 4319444.693, 109
Trd, 4319445.593, 87
Trd, 4319446.643, 87
Trd, 4319446.893, 83
Trd, 4319448.243, 122
Trd, 4319448.593, 137
Trd, 4319449.043, 131
Trd, 4319449.543, 98
Trd, 4319450.393, 119
Trd, 4319450.893, 96
Trd, 4319452.143, 73
Trd, 4319453.043, 82
Trd, 4319453.093, 114
Trd, 4319453.443, 82
Trd, 4319455.793, 89
Trd, 4319456.093, 80
Trd, 4319457.043, 91
Trd, 4319457.243, 83
Trd, 4319457.293, 79
Trd, 4319458.243, 126
Trd, 4319460.143, 112
Trd, 4319461.893, 130
Trd, 4319462.593, 123
Trd, 4319462.893, 119
Trd, 4319463.493, 117
Trd, 4319463.643, 102
Trd, 4319464.243, 91
Trd, 4319465.343, 73
Trd, 4319466.793, 133
Trd, 4319467.593, 122
Trd, 4319468.193, 115
Trd, 4319469.793, 110
Trd, 4319470.593, 88
Trd, 4319470.643, 72
Trd, 4319472.893, 71
Trd, 4319474.343, 84
Trd, 4319475.143, 87
Trd, 4319476.043, 97
Trd, 4319476.693, 102
Trd, 4319476.843, 98
Trd, 4319476.993, 101
Trd, 4319477.043, 97
Trd, 4319478.293, 90
Trd, 4319479.193, 78
Trd, 4319480.293, 132
Trd, 4319480.743, 130
Trd, 4319482.843, 123
Trd, 4319483.143, 104
Trd, 4319483.293, 82
Trd, 4319484.893, 121
Trd, 4319485.843, 104
Trd, 4319486.843, 104
Trd, 4319487.093, 102
Trd, 4319487.543, 112
Trd, 4319487.643, 119
Trd, 4319487.993, 88
Trd, 4319488.143, 81
Trd, 4319488.293, 120
Trd, 4319490.843, 128
Trd, 4319491.643, 99
Trd, 4319492.993, 124
Trd, 4319493.093, 121
Trd, 4319494.343, 117
Trd, 4319494.793, 104
Trd, 4319495.693, 104
Trd, 4319496.043, 122
Trd, 4319496.293, 99
Trd, 4319497.043, 98
Trd, 4319499.293, 102
Trd, 4319500.743, 90
Trd, 4319500.943, 88
Trd, 4319501.043, 122
Trd, 4319501.493, 81
Trd, 4319502.793, 101
Trd, 4319503.793, 106
Trd, 4319504.243, 100
Trd, 4319504.293, 98
Trd, 4319505.593, 112
Trd, 4319505.793, 108
Trd, 4319506.893, 73
Trd, 4319507.493, 93
Trd, 4319507.643, 71
Trd, 4319508.143, 102
Trd, 4319509.093, 67
Trd, 4319509.343, 69
Trd, 4319509.493, 61
Trd, 4319511.093, 81
Trd, 4319512.093, 71
Trd, 4319512.793, 127
Trd, 4319513.993, 81
Trd, 4319514.393, 87
Trd, 4319515.243, 125
Trd, 4319515.743, 118
Trd, 4319516.093, 118
Trd, 4319516.993, 100
Trd, 4319517.643, 104
Trd, 4319518.593, 73
Trd, 4319520.193, 94
Trd, 4319520.343, 88
Trd, 4319520.593, 85
Trd, 4319522.093, 86
Trd, 4319522.393, 120
Trd, 4319522.743, 124
Trd, 4319524.593, 101
Trd, 4319524.793, 98
Trd, 4319526.443, 122
Trd, 4319526.593, 105
Trd, 4319527.393, 96
Trd, 4319527.793, 124
Trd, 4319527.893, 89
Trd, 4319528.543, 63
Trd, 4319529.443, 128
Trd, 4319529.593, 86
Trd, 4319531.643, 76
Trd, 4319531.943, 82
Trd, 4319532.493, 99
Trd, 4319532.843, 73
Trd, 4319535.993, 89
Trd, 4319536.143, 99
Trd, 4319536.593, 82
Trd, 4319537.043, 81
Trd, 4319537.143, 89
Trd, 4319537.943, 85
Trd, 4319538.043, 77
Trd, 4319538.493, 114
Trd, 4319540.793, 126
Trd, 4319540.943, 125
Trd, 4319541.093, 90
Trd, 4319541.993, 95
Trd, 4319542.043, 78
Trd, 4319543.593, 130
Trd, 4319543.993, 124
Trd, 4319544.393, 123
Trd, 4319544.543, 106
Trd, 4319544.743, 104
Trd, 4319545.993, 123
Trd, 4319546.793, 115
Trd, 4319547.293, 125
Trd, 4319547.443, 109
Trd, 4319547.993, 96
Trd, 4319549.043, 111
Trd, 4319549.843, 98
Trd, 4319550.243, 104
Trd, 4319550.643, 81
Trd, 4319550.693, 82
Trd, 4319551.243, 115
Trd, 4319552.243, 119
Trd, 4319553.093, 113
Trd, 4319553.393, 97
Trd, 4319554.293, 103
Trd, 4319555.143, 98
Trd, 4319555.443, 85
Trd, 4319557.243, 86
Trd, 4319557.593, 86
Trd, 4319558.093, 80
Trd, 4319559.443, 92
Trd, 4319559.843, 78
Trd, 4319561.693, 76
Trd, 4319561.743, 77
Trd, 4319561.893, 73
Trd, 4319562.193, 121
Trd, 4319565.193, 113
Trd, 4319565.493, 108
Trd, 4319565.793, 71
Trd, 4319566.543, 120
Trd, 4319568.743, 95
Trd, 4319568.793, 88
Trd, 4319568.893, 85
Trd, 4319569.543, 93
Trd, 4319571.543, 75
Trd, 4319571.893, 79
Trd, 4319572.643, 82
Trd, 4319573.043, 75
Trd, 4319573.543, 83
Trd, 4319573.893, 76
Trd, 4319575.043, 110
Trd, 4319575.993, 103
Trd, 4319576.943, 120
Trd, 4319577.893, 102
Trd, 4319579.043, 100
Trd, 4319579.693, 101
Trd, 4319580.393, 139
Trd, 4319581.393, 107
Trd, 4319582.043, 94
Trd, 4319582.143, 92
Trd, 4319582.693, 109
Trd, 4319582.843, 104
Trd, 4319583.943, 63
Trd, 4319584.343, 88
Trd, 4319585.843, 61
Trd, 4319586.543, 99
Trd, 4319586.693, 82
Trd, 4319588.543, 75
Trd, 4319588.793, 89
Trd, 4319589.493, 128
Trd, 4319589.743, 125
Trd, 4319590.243, 118
Trd, 4319591.143, 124
Trd, 4319591.793, 100
Trd, 4319592.293, 102
Trd, 4319592.393, 100
Trd, 4319593.343, 97
Trd, 4319593.593, 95
Trd, 4319593.843, 92
Trd, 4319595.243, 105
Trd, 4319595.393, 99
Trd, 4319596.043, 103
Trd, 4319597.193, 84
Trd, 4319597.843, 88
Trd, 4319598.593, 109
Trd, 4319599.993, 100
Trd, 4319601.193, 86
Trd, 4319601.893, 115
Trd, 4319602.793, 102
Trd, 4319603.443, 100
Trd, 4319604.043, 74
Trd, 4319605.293, 83
Trd, 4319606.493, 71
Trd, 4319607.543, 97
Trd, 4319609.143, 73
Trd, 4319609.393, 78
Trd, 4319610.093, 115
Trd, 4319612.493, 123
Trd, 4319612.643, 120
Trd, 4319613.293, 102
Trd, 4319613.493, 84
Trd, 4319613.893, 88
Trd, 4319613.993, 92
Trd, 4319614.943, 136
Trd, 4319615.193, 95
Trd, 4319616.593, 93
Trd, 4319617.843, 91
Trd, 4319618.993, 90
Trd, 4319619.043, 88
Trd, 4319619.993, 85
Trd, 4319620.543, 63
Trd, 4319622.243, 94
Trd, 4319624.243, 76
Trd, 4319624.393, 74
Trd, 4319625.143, 81
Trd, 4319625.593, 80
Trd, 4319626.043, 77
Trd, 4319626.243, 70
Trd, 4319627.293, 89
Trd, 4319627.493, 97
Trd, 4319630.193, 98
Trd, 4319630.343, 96
Trd, 4319630.393, 71
Trd, 4319632.643, 102
Trd, 4319632.743, 101
Trd, 4319632.843, 95
Trd, 4319633.043, 123
Trd, 4319635.643, 92
Trd, 4319636.393, 110
Trd, 4319636.793, 136
Trd, 4319637.993, 94
Trd, 4319638.043, 89
Trd, 4319638.743, 95
Trd, 4319638.843, 86
Trd, 4319639.943, 73
Trd, 4319641.143, 84
Trd, 4319641.393, 82
Trd, 4319642.143, 102
Trd, 4319642.343, 92
Trd, 4319643.343, 95
Trd, 4319644.293, 93
Trd, 4319645.093, 64
Trd, 4319647.393, 93
Trd, 4319648.443, 87
Trd, 4319648.843, 63
Trd, 4319649.243, 63
Trd, 4319649.793, 74
Trd, 4319651.043, 103
Trd, 4319651.993, 99
Trd, 4319652.443, 78
Trd, 4319653.093, 97
Trd, 4319653.743, 89
Trd, 4319653.943, 101
Trd, 4319654.593, 68
Trd, 4319656.093, 67
Trd, 4319657.493, 72
Trd, 4319657.943, 81
Trd, 4319658.843, 73
Trd, 4319659.343, 80
Trd, 4319660.393, 93
Trd, 4319661.193, 112
Trd, 4319661.793, 131
Trd, 4319663.043, 95
Trd, 4319663.193, 85
Trd, 4319664.643, 62
Trd, 4319664.693, 113
Trd, 4319665.593, 72
Trd, 4319665.943, 69
Trd, 4319668.393, 106
Trd, 4319670.243, 119
Trd, 4319670.393, 129
Trd, 4319670.493, 110
Trd, 4319672.193, 106
Trd, 4319673.193, 120
Trd, 4319673.843, 92
Trd, 4319673.993, 90
Trd, 4319674.743, 132
Trd, 4319674.793, 126
Trd, 4319674.843, 124
Trd, 4319675.193, 125
Trd, 4319676.043, 118
Trd, 4319676.393, 111
Trd, 4319677.343, 74
Trd, 4319678.093, 74
Trd, 4319678.493, 75
Trd, 4319678.793, 68
Trd, 4319679.093, 80
Trd, 4319679.293, 73
Trd, 4319679.843, 82
Trd, 4319681.093, 96
Trd, 4319683.743, 77
Trd, 4319683.843, 78
Trd, 4319683.943, 64
Trd, 4319684.243, 86
Trd, 4319684.593, 74
Trd, 4319686.243, 116
Trd, 4319686.993, 115
Trd, 4319687.643, 106
Trd, 4319688.243, 108
Trd, 4319688.643, 96
Trd, 4319689.893, 126
Trd, 4319690.043, 107
Trd, 4319690.193, 94
Trd, 4319691.393, 100
Trd, 4319691.843, 98
Trd, 4319692.343, 89
Trd, 4319692.493, 83
Trd, 4319693.793, 74
Trd, 4319694.043, 77
Trd, 4319695.743, 74
Trd, 4319696.643, 79
Trd, 4319696.943, 77
Trd, 4319698.443, 97
Trd, 4319700.593, 122
Trd, 4319701.493, 126
Trd, 4319701.893, 99
Trd, 4319702.043, 107
Trd, 4319702.493, 130
Trd, 4319703.643, 67
Trd, 4319704.093, 86
Trd, 4319705.893, 78
Trd, 4319706.893, 130
Trd, 4319707.193, 127
Trd, 4319707.593, 92
Trd, 4319708.993, 125
Trd, 4319709.093, 87
Trd, 4319709.743, 86
Trd, 4319710.293, 118
Trd, 4319712.043, 88
Trd, 4319712.993, 80
Trd, 4319713.743, 66
Trd, 4319715.043, 61
Trd, 4319716.093, 101
Trd, 4319716.443, 94
Trd, 4319717.393, 65
Trd, 4319717.643, 61
Trd, 4319718.743, 114
Trd, 4319718.893, 113
Trd, 4319719.993, 86
Trd, 4319722.243, 118
Trd, 4319722.743, 108
Trd, 4319723.743, 120
Trd, 4319724.443, 95
Trd, 4319724.793, 92
Trd, 4319725.143, 108
Trd, 4319727.143, 113
Trd, 4319727.843, 113
Trd, 4319728.543, 101
Trd, 4319729.443, 82
Trd, 4319730.043, 79
Trd, 4319730.143, 91
Trd, 4319731.143, 125
Trd, 4319731.443, 122
Trd, 4319732.043, 101
Trd, 4319732.093, 94
Trd, 4319732.593, 120
Trd, 4319733.943, 108
Trd, 4319735.793, 121
Trd, 4319735.993, 106
Trd, 4319736.793, 107
Trd, 4319736.843, 100
Trd, 4319737.593, 100
Trd, 4319738.493, 130
Trd, 4319739.793, 121
Trd, 4319740.393, 109
Trd, 4319741.543, 126
Trd, 4319742.493, 134
Trd, 4319742.743, 127
Trd, 4319743.993, 105
Trd, 4319745.493, 101
Trd, 4319745.543, 97
Trd, 4319746.043, 95
Trd, 4319746.493, 85
Trd, 4319747.593, 113
Trd, 4319747.643, 92
Trd, 4319748.243, 104
Trd, 4319749.693, 99
Trd, 4319750.543, 115
Trd, 4319751.743, 82
Trd, 4319752.243, 118
Trd, 4319754.143, 78
Trd, 4319754.343, 90
Trd, 4319755.843, 85
Trd, 4319756.243, 87
Trd, 4319758.293, 73
Trd, 4319758.843, 74
Trd, 4319759.393, 88
Trd, 4319759.543, 92
Trd, 4319759.843, 102
Trd, 4319760.243, 72
Trd, 4319761.393, 77
Trd, 4319762.293, 71
Trd, 4319762.643, 65
Trd, 4319764.643, 84
Trd, 4319765.843, 99
Trd, 4319766.493, 100
Trd, 4319766.743, 111
Trd, 4319767.193, 129
Trd, 4319767.593, 112
Trd, 4319769.693, 96
Trd, 4319769.893, 106
Trd, 4319769.993, 116
Trd, 4319770.043, 88
Trd, 4319772.543, 88
Trd, 4319773.743, 101
Trd, 4319774.043, 98
Trd, 4319774.443, 104
Trd, 4319775.643, 109
Trd, 4319775.993, 107
Trd, 4319776.043, 98
Trd, 4319776.143, 88
Trd, 4319776.943, 90
Trd, 4319777.893, 113
Trd, 4319778.743, 112
Trd, 4319779.343, 96
Trd, 4319780.243, 135
Trd, 4319781.293, 132
Trd, 4319782.493, 110
Trd, 4319782.643, 81
Trd, 4319782.943, 114
Trd, 4319783.943, 94
Trd, 4319785.493, 100
Trd, 4319785.943, 98
Trd, 4319786.643, 102
Trd, 4319787.193, 91
Trd, 4319787.543, 90
Trd, 4319788.143, 69
Trd, 4319788.843, 106
Trd, 4319791.143, 113
Trd, 4319791.343, 107
Trd, 4319791.643, 104
Trd, 4319791.793, 137
Trd, 4319792.293, 62
Trd, 4319794.493, 87
Trd, 4319795.693, 127
Trd, 4319795.743, 87
Trd, 4319796.443, 135
Trd, 4319796.793, 100
Trd, 4319796.843, 87
Trd, 4319797.893, 101
Trd, 4319798.093, 86
Trd, 4319798.543, 112
Trd, 4319799.743, 85
Trd, 4319800.393, 89
Trd, 4319800.743, 86
Trd, 4319801.543, 86
Trd, 4319802.143, 83
Trd, 4319802.193, 90
Trd, 4319802.793, 83
Trd, 4319803.443, 128
Trd, 4319804.493, 114
Trd, 4319804.593, 125
Trd, 4319806.193, 89
Trd, 4319807.393, 79
Trd, 4319808.093, 85
Trd, 4319809.193, 71
Trd, 4319810.743, 76
Trd, 4319810.893, 98
Trd, 4319812.293, 87
Trd, 4319812.693, 96
Trd, 4319813.493, 87
Trd, 4319813.893, 88
Trd, 4319814.493, 75
Trd, 4319815.493, 75
Trd, 4319816.543, 90
Trd, 4319817.293, 75
Trd, 4319817.793, 137
Trd, 4319817.943, 116
Trd, 4319818.093, 72
Trd, 4319818.393, 104
Trd, 4319818.493, 71
Trd, 4319820.493, 61
Trd, 4319821.793, 104
Trd, 4319822.843, 93
Trd, 4319822.893, 90
Trd, 4319823.443, 88
Trd, 4319823.893, 85
Trd, 4319824.593, 83
Trd, 4319825.093, 82
Trd, 4319827.143, 94
Trd, 4319827.393, 97
Trd, 4319827.843, 82
Trd, 4319828.593, 110
Trd, 4319829.043, 77
Trd, 4319831.643, 99
Trd, 4319832.793, 100
Trd, 4319833.943, 92
Trd, 4319834.243, 99
Trd, 4319834.493, 92
Trd, 4319834.843, 100
Trd, 4319835.243, 92
Trd, 4319835.343, 88
Trd, 4319836.993, 115
Trd, 4319837.393, 113
Trd, 4319838.193, 92
Trd, 4319839.943, 103
Trd, 4319841.043, 80
Trd, 4319841.793, 71
Trd, 4319842.693, 70
Trd, 4319843.143, 73
Trd, 4319844.093, 92
Trd, 4319844.493, 130
Trd, 4319844.543, 127
Trd, 4319845.743, 112
Trd, 4319846.693, 103
Trd, 4319846.993, 115
Trd, 4319848.093, 78
Trd, 4319848.243, 74
Trd, 4319850.143, 97
Trd, 4319850.693, 122
Trd, 4319851.043, 125
Trd, 4319851.993, 106
Trd, 4319852.593, 106
Trd, 4319852.643, 103
Trd, 4319852.993, 96
Trd, 4319853.843, 131
Trd, 4319855.043, 88
Trd, 4319855.993, 96
Trd, 4319856.593, 77
Trd, 4319857.243, 80
Trd, 4319857.293, 61
Trd, 4319858.093, 83
Trd, 4319859.843, 121
Trd, 4319860.793, 71
Trd, 4319860.943, 109
Trd, 4319861.293, 125
Trd, 4319861.393, 118
Trd, 4319861.843, 111
Trd, 4319862.593, 135
Trd, 4319863.943, 64
Trd, 4319864.793, 74
Trd, 4319866.143, 87
Trd, 4319866.593, 86
Trd, 4319867.093, 122
Trd, 4319867.843, 101
Trd, 4319868.193, 103
Trd, 4319869.543, 86
Trd, 4319869.793, 95
Trd, 4319869.993, 96
Trd, 4319871.143, 87
Trd, 4319871.743, 86
Trd, 4319872.793, 85
Trd, 4319874.443, 105
Trd, 4319874.893, 90
Trd, 4319875.493, 93
Trd, 4319876.193, 95
Trd, 4319876.243, 89
Trd, 4319876.643, 122
Trd, 4319876.843, 136
Trd, 4319879.143, 89
Trd, 4319879.893, 75
Trd, 4319880.693, 70
Trd, 4319881.193, 100
Trd, 4319882.843, 89
Trd, 4319883.143, 87
Trd, 4319885.443, 97
Trd, 4319885.593, 94
Trd, 4319886.293, 137
Trd, 4319886.643, 102
Trd, 4319887.443, 96
Trd, 4319888.993, 91
Trd, 4319889.143, 90
Trd, 4319889.493, 116
Trd, 4319889.793, 96
Trd, 4319892.243, 134
Trd, 4319892.793, 112
Trd, 4319892.843, 96
Trd, 4319893.543, 87
Trd, 4319895.243, 82
Trd, 4319895.443, 80
Trd, 4319895.993, 80
Trd, 4319896.193, 70
Trd, 4319896.993, 113
Trd, 4319897.293, 129
Trd, 4319899.093, 114
Trd, 4319899.443, 98
Trd, 4319900.393, 101
Trd, 4319900.493, 84
Trd, 4319900.793, 69
Trd, 4319900.993, 66
Trd, 4319903.593, 86
Trd, 4319904.243, 71
Trd, 4319904.893, 94
Trd, 4319905.193, 77
Trd, 4319906.093, 76
Trd, 4319907.543, 81
Trd, 4319908.043, 87
Trd, 4319908.143, 84
Trd, 4319908.443, 90
Trd, 4319910.493, 79
Trd, 4319911.043, 102
Trd, 4319911.443, 91
Trd, 4319911.493, 92
Trd, 4319913.993, 110
Trd, 4319914.243, 98
Trd, 4319914.493, 96
Trd, 4319914.693, 94
Trd, 4319917.193, 65
Trd, 4319917.293, 74
Trd, 4319917.343, 84
Trd, 4319920.343, 117
Trd, 4319920.693, 94
Trd, 4319921.243, 101
Trd, 4319922.143, 92
Trd, 4319922.693, 117
Trd, 4319924.193, 88
Trd, 4319924.893, 76
Trd, 4319926.043, 71
Trd, 4319926.693, 62
Trd, 4319926.793, 100
Trd, 4319927.293, 65
Trd, 4319929.093, 73
Trd, 4319929.343, 69
Trd, 4319929.843, 90
Trd, 4319930.743, 77
Trd, 4319932.093, 101
Trd, 4319933.293, 67
Trd, 4319933.393, 65
Trd, 4319933.593, 90
Trd, 4319933.643, 77
Trd, 4319934.343, 105
Trd, 4319934.643, 88
Trd, 4319934.793, 88
Trd, 4319936.093, 136
Trd, 4319936.593, 124
Trd, 4319937.743, 67
Trd, 4319939.443, 62
Trd, 4319940.093, 88
Trd, 4319941.193, 81
Trd, 4319941.593, 96
Trd, 4319943.343, 121
Trd, 4319944.093, 110
Trd, 4319945.243, 103
Trd, 4319945.343, 93
Trd, 4319945.793, 92
Trd, 4319946.393, 79
Trd, 4319947.843, 83
Trd, 4319948.693, 84
Trd, 4319949.443, 98
Trd, 4319949.593, 94
Trd, 4319950.793, 83
Trd, 4319950.943, 89
Trd, 4319951.943, 85
Trd, 4319953.643, 101
Trd, 4319953.693, 74
Trd, 4319953.793, 102
Trd, 4319955.343, 71
Trd, 4319955.693, 80
Trd, 4319956.943, 74
Trd, 4319957.143, 87
Trd, 4319958.443, 91
Trd, 4319959.243, 89
Trd, 4319959.693, 91
Trd, 4319960.793, 81
Trd, 4319961.193, 75
Trd, 4319961.393, 101
Trd, 4319961.793, 75
Trd, 4319963.393, 94
Trd, 4319965.593, 114
Trd, 4319966.543, 121
Trd, 4319966.693, 111
Trd, 4319968.993, 101
Trd, 4319969.243, 85
Trd, 4319971.193, 133
Trd, 4319971.843, 79
Trd, 4319972.393, 96
Trd, 4319972.793, 92
Trd, 4319973.043, 89
Trd, 4319973.343, 76
Trd, 4319973.843, 74
Trd, 4319974.643, 72
Trd, 4319976.343, 98
Trd, 4319978.093, 94
Trd, 4319978.943, 104
Trd, 4319979.343, 121
Trd, 4319979.493, 85
Trd, 4319979.743, 136
Trd, 4319979.793, 79
Trd, 4319981.393, 102
Trd, 4319982.693, 96
Trd, 4319982.793, 80
Trd, 4319984.293, 110
Trd, 4319985.243, 117
Trd, 4319985.393, 114
Trd, 4319985.493, 112
Trd, 4319986.643, 125
Trd, 4319987.843, 100
Trd, 4319988.593, 97
Trd, 4319989.043, 93
Trd, 4319989.643, 77
Trd, 4319989.793, 72
Trd, 4319990.293, 91
Trd, 4319991.893, 110
Trd, 4319991.943, 110
Trd, 4319993.043, 77
Trd, 4319994.343, 79
Trd, 4319995.243, 90
Trd, 4319995.393, 108
Trd, 4319996.393, 125
Trd, 4319997.343, 90
Trd, 4319997.543, 86
Trd, 4319998.343, 83
Trd, 4319999.143, 112
