Trd, 4318069.393, 64
Trd, 4318070.893, 60
Trd, 4318071.293, 60
Trd, 4318073.793, 61
Trd, 4318074.543, 60
Trd, 4318075.293, 60
Trd, 4318075.343, 61
Trd, 4318075.643, 62
Trd, 4318076.493, 70
Trd, 4318077.493, 140
Trd, 4318078.293, 140
Trd, 4318078.943, 140
Trd, 4318079.293, 140
Trd, 4318079.443, 140
Trd, 4318080.243, 60
Trd, 4318080.793, 60
Trd, 4318083.693, 78
Trd, 4318084.243, 140
Trd, 4318085.493, 140
Trd, 4318085.993, 140
Trd, 4318086.643, 140
Trd, 4318087.743, 140
Trd, 4318088.243, 140
Trd, 4318088.543, 140
Trd, 4318088.993, 140
Trd, 4318089.243, 140
Trd, 4318089.593, 140
Trd, 4318089.993, 140
Trd, 4318090.443, 134
Trd, 4318090.893, 73
Trd, 4318091.543, 135
Trd, 4318091.843, 136
Trd, 4318095.193, 64
Trd, 4318095.893, 62
Trd, 4318097.293, 60
Trd, 4318098.493, 62
Trd, 4318098.643, 62
Trd, 4318100.143, 70
Trd, 4318100.643, 70
Trd, 4318100.743, 71
Trd, 4318102.193, 72
Trd, 4318102.243, 71
Trd, 4318102.993, 77
Trd, 4318103.793, 84
Trd, 4318105.343, 109
Trd, 4318105.893, 81
Trd, 4318107.243, 83
Trd, 4318108.493, 103
Trd, 4318108.743, 93
Trd, 4318108.843, 90
Trd, 4318109.693, 87
Trd, 4318109.893, 96
Trd, 4318110.843, 95
Trd, 4318111.693, 136
Trd, 4318112.843, 140
Trd, 4318113.443, 140
Trd, 4318113.843, 140
Trd, 4318113.893, 140
Trd, 4318114.393, 140
Trd, 4318115.443, 139
Trd, 4318116.443, 140
Trd, 4318117.293, 140
Trd, 4318117.393, 140
Trd, 4318119.193, 140
Trd, 4318120.193, 139
Trd, 4318120.293, 138
Trd, 4318120.843, 140
Trd, 4318121.993, 138
Trd, 4318122.593, 138
Trd, 4318124.243, 140
Trd, 4318125.843, 140
Trd, 4318126.193, 140
Trd, 4318127.893, 140
Trd, 4318128.643, 140
Trd, 4318129.143, 140
Trd, 4318129.243, 140
Trd, 4318129.443, 140
Trd, 4318130.193, 133
Trd, 4318130.743, 140
Trd, 4318130.893, 139
Trd, 4318132.793, 135
Trd, 4318133.193, 135
Trd, 4318133.443, 139
Trd, 4318135.743, 140
Trd, 4318135.943, 140
Trd, 4318139.843, 140
Trd, 4318139.893, 140
Trd, 4318139.943, 140
Trd, 4318140.443, 140
Trd, 4318141.193, 140
Trd, 4318143.643, 140
Trd, 4318144.143, 140
Trd, 4318144.993, 140
Trd, 4318147.243, 140
Trd, 4318147.343, 140
Trd, 4318148.043, 140
Trd, 4318148.993, 140
Trd, 4318149.493, 140
Trd, 4318149.693, 140
Trd, 4318150.093, 140
Trd, 4318150.793, 133
Trd, 4318150.993, 104
Trd, 4318151.693, 139
Trd, 4318152.643, 136
Trd, 4318152.693, 137
Trd, 4318154.543, 70
Trd, 4318156.343, 60
Trd, 4318157.693, 60
Trd, 4318158.843, 60
Trd, 4318159.743, 60
Trd, 4318160.043, 60
Trd, 4318160.543, 61
Trd, 4318161.343, 60
Trd, 4318161.643, 60
Trd, 4318161.843, 60
Trd, 4318163.643, 60
Trd, 4318163.743, 60
Trd, 4318164.743, 64
Trd, 4318165.693, 64
Trd, 4318166.193, 65
Trd, 4318166.593, 65
Trd, 4318167.043, 129
Trd, 4318167.593, 138
Trd, 4318169.443, 140
Trd, 4318170.093, 140
Trd, 4318172.243, 140
Trd, 4318173.493, 140
Trd, 4318173.643, 140
Trd, 4318175.043, 140
Trd, 4318176.243, 140
Trd, 4318177.843, 140
Trd, 4318178.493, 140
Trd, 4318180.193, 140
Trd, 4318180.343, 140
Trd, 4318180.543, 140
Trd, 4318180.643, 140
Trd, 4318180.793, 140
Trd, 4318181.193, 140
Trd, 4318182.343, 140
Trd, 4318182.493, 140
Trd, 4318183.143, 140
Trd, 4318184.393, 140
Trd, 4318184.543, 140
Trd, 4318185.043, 140
Trd, 4318185.843, 140
Trd, 4318187.093, 140
Trd, 4318187.143, 140
Trd, 4318187.843, 139
Trd, 4318189.243, 140
Trd, 4318189.293, 140
Trd, 4318189.593, 140
Trd, 4318189.993, 139
Trd, 4318190.043, 138
Trd, 4318191.243, 94
Trd, 4318191.693, 138
Trd, 4318192.343, 98
Trd, 4318194.243, 140
Trd, 4318195.143, 140
Trd, 4318197.593, 140
Trd, 4318198.393, 140
Trd, 4318198.993, 140
Trd, 4318199.343, 140
Trd, 4318199.393, 140
Trd, 4318200.193, 140
Trd, 4318202.243, 140
Trd, 4318202.993, 140
Trd, 4318203.893, 140
Trd, 4318204.343, 140
Trd, 4318206.593, 140
Trd, 4318206.693, 140
Trd, 4318206.993, 140
Trd, 4318207.843, 140
Trd, 4318208.693, 140
Trd, 4318208.843, 140
Trd, 4318208.943, 139
Trd, 4318209.543, 134
Trd, 4318210.693, 139
Trd, 4318210.743, 127
Trd, 4318211.093, 75
Trd, 4318213.593, 140
Trd, 4318213.943, 140
Trd, 4318213.993, 140
Trd, 4318214.343, 140
Trd, 4318215.593, 140
Trd, 4318216.143, 140
Trd, 4318216.193, 133
Trd, 4318219.843, 140
Trd, 4318219.893, 140
Trd, 4318220.393, 140
Trd, 4318221.093, 140
Trd, 4318221.293, 140
Trd, 4318221.443, 139
Trd, 4318222.243, 140
Trd, 4318222.293, 135
Trd, 4318223.693, 140
Trd, 4318224.193, 140
Trd, 4318224.893, 140
Trd, 4318225.843, 140
Trd, 4318226.243, 140
Trd, 4318227.293, 140
Trd, 4318227.443, 140
Trd, 4318227.843, 140
Trd, 4318229.393, 134
Trd, 4318229.893, 132
Trd, 4318230.443, 130
Trd, 4318230.793, 136
Trd, 4318233.643, 140
Trd, 4318234.643, 140
Trd, 4318235.193, 140
Trd, 4318235.393, 140
Trd, 4318235.893, 140
Trd, 4318236.143, 140
Trd, 4318236.193, 140
Trd, 4318236.543, 140
Trd, 4318237.193, 140
Trd, 4318237.443, 140
Trd, 4318238.443, 140
Trd, 4318239.143, 120
Trd, 4318240.493, 60
Trd, 4318240.843, 61
Trd, 4318240.943, 137
Trd, 4318242.593, 140
Trd, 4318242.943, 140
Trd, 4318243.493, 140
Trd, 4318244.143, 140
Trd, 4318245.143, 140
Trd, 4318245.793, 140
Trd, 4318246.993, 140
Trd, 4318247.093, 140
Trd, 4318247.593, 140
Trd, 4318248.143, 140
Trd, 4318248.443, 139
Trd, 4318249.893, 122
Trd, 4318249.943, 121
Trd, 4318251.993, 140
Trd, 4318252.393, 140
Trd, 4318253.043, 140
Trd, 4318253.243, 140
Trd, 4318253.743, 140
Trd, 4318255.393, 140
Trd, 4318256.143, 140
Trd, 4318258.293, 140
Trd, 4318258.593, 140
Trd, 4318259.843, 140
Trd, 4318261.393, 140
Trd, 4318261.743, 140
Trd, 4318262.243, 140
Trd, 4318263.593, 140
Trd, 4318263.793, 140
Trd, 4318264.993, 140
Trd, 4318265.243, 140
Trd, 4318265.543, 140
Trd, 4318265.793, 140
Trd, 4318266.293, 139
Trd, 4318266.543, 138
Trd, 4318268.293, 129
Trd, 4318269.843, 140
Trd, 4318271.093, 140
Trd, 4318271.393, 140
Trd, 4318273.643, 140
Trd, 4318273.793, 140
Trd, 4318274.993, 140
Trd, 4318275.043, 140
Trd, 4318276.143, 140
Trd, 4318276.893, 140
Trd, 4318277.243, 140
Trd, 4318277.693, 140
Trd, 4318278.043, 140
Trd, 4318278.143, 140
Trd, 4318278.593, 107
Trd, 4318280.843, 60
Trd, 4318281.143, 60
Trd, 4318281.443, 60
Trd, 4318281.943, 60
Trd, 4318283.843, 60
Trd, 4318284.793, 60
Trd, 4318285.293, 60
Trd, 4318285.343, 63
Trd, 4318286.093, 64
Trd, 4318286.193, 66
Trd, 4318286.293, 64
Trd, 4318286.343, 92
Trd, 4318288.743, 140
Trd, 4318288.893, 140
Trd, 4318289.243, 140
Trd, 4318291.043, 140
Trd, 4318291.293, 140
Trd, 4318291.693, 140
Trd, 4318292.293, 140
Trd, 4318292.393, 140
Trd, 4318293.243, 138
Trd, 4318293.593, 60
Trd, 4318294.893, 140
Trd, 4318295.893, 140
Trd, 4318296.443, 140
Trd, 4318296.643, 139
Trd, 4318299.443, 140
Trd, 4318299.493, 140
Trd, 4318299.693, 140
Trd, 4318300.943, 140
Trd, 4318301.793, 140
Trd, 4318303.393, 140
Trd, 4318306.643, 140
Trd, 4318307.143, 140
Trd, 4318307.693, 140
Trd, 4318307.943, 140
Trd, 4318308.693, 140
Trd, 4318309.093, 140
Trd, 4318309.593, 140
Trd, 4318309.693, 140
Trd, 4318309.743, 133
Trd, 4318310.193, 140
Trd, 4318310.593, 138
Trd, 4318311.693, 135
Trd, 4318313.043, 135
Trd, 4318314.193, 130
Trd, 4318314.343, 124
Trd, 4318316.443, 140
Trd, 4318316.793, 139
Trd, 4318316.993, 135
Trd, 4318318.943, 140
Trd, 4318320.143, 140
Trd, 4318320.243, 140
Trd, 4318321.443, 140
Trd, 4318322.443, 140
Trd, 4318323.093, 140
Trd, 4318324.093, 140
Trd, 4318325.893, 140
Trd, 4318326.293, 140
Trd, 4318326.743, 140
Trd, 4318326.843, 140
Trd, 4318327.643, 140
Trd, 4318328.343, 140
Trd, 4318328.643, 140
Trd, 4318329.493, 140
Trd, 4318331.893, 140
Trd, 4318332.243, 140
Trd, 4318333.643, 140
Trd, 4318333.943, 140
Trd, 4318334.643, 140
Trd, 4318336.043, 140
Trd, 4318337.593, 140
Trd, 4318338.543, 140
Trd, 4318339.743, 140
Trd, 4318339.843, 139
Trd, 4318339.893, 137
Trd, 4318341.043, 138
Trd, 4318342.893, 140
Trd, 4318343.643, 140
Trd, 4318344.693, 140
Trd, 4318345.243, 140
Trd, 4318345.593, 140
Trd, 4318345.743, 140
Trd, 4318345.943, 140
Trd, 4318346.343, 140
Trd, 4318346.643, 140
Trd, 4318347.593, 140
Trd, 4318348.243, 135
Trd, 4318348.943, 139
Trd, 4318352.543, 140
Trd, 4318352.593, 140
Trd, 4318356.093, 140
Trd, 4318356.393, 140
Trd, 4318356.693, 140
Trd, 4318358.043, 140
Trd, 4318358.143, 140
Trd, 4318358.543, 140
Trd, 4318358.843, 140
Trd, 4318359.643, 138
Trd, 4318359.743, 132
Trd, 4318359.943, 103
Trd, 4318362.293, 120
Trd, 4318362.343, 109
Trd, 4318362.443, 121
Trd, 4318362.593, 108
Trd, 4318363.493, 121
Trd, 4318365.393, 118
Trd, 4318365.543, 135
Trd, 4318365.993, 129
Trd, 4318366.743, 131
Trd, 4318367.143, 108
Trd, 4318369.893, 61
Trd, 4318371.443, 63
Trd, 4318371.743, 64
Trd, 4318372.543, 60
Trd, 4318372.893, 60
Trd, 4318373.243, 60
Trd, 4318373.343, 61
Trd, 4318373.643, 63
Trd, 4318373.993, 63
Trd, 4318375.993, 140
Trd, 4318376.843, 140
Trd, 4318379.243, 140
Trd, 4318380.143, 140
Trd, 4318380.293, 140
Trd, 4318380.643, 140
Trd, 4318380.893, 140
Trd, 4318382.293, 140
Trd, 4318384.643, 140
Trd, 4318385.643, 140
Trd, 4318386.093, 140
Trd, 4318387.043, 140
Trd, 4318388.043, 140
Trd, 4318388.693, 140
Trd, 4318390.643, 140
Trd, 4318391.743, 140
Trd, 4318392.243, 138
Trd, 4318393.393, 140
Trd, 4318393.643, 140
Trd, 4318394.343, 140
Trd, 4318395.043, 140
Trd, 4318395.393, 137
Trd, 4318395.993, 125
Trd, 4318396.043, 106
Trd, 4318397.693, 65
Trd, 4318398.843, 62
Trd, 4318398.893, 64
Trd, 4318400.893, 60
Trd, 4318401.943, 63
Trd, 4318402.293, 63
Trd, 4318402.893, 62
Trd, 4318402.993, 62
Trd, 4318403.343, 64
Trd, 4318404.193, 68
Trd, 4318406.593, 140
Trd, 4318407.093, 140
Trd, 4318407.493, 140
Trd, 4318408.393, 140
Trd, 4318408.543, 140
Trd, 4318410.643, 140
Trd, 4318412.043, 140
Trd, 4318412.793, 138
Trd, 4318413.193, 117
Trd, 4318414.343, 130
Trd, 4318414.443, 137
Trd, 4318416.093, 97
Trd, 4318416.343, 98
Trd, 4318417.293, 140
Trd, 4318417.793, 140
Trd, 4318418.093, 139
Trd, 4318419.293, 99
Trd, 4318421.243, 140
Trd, 4318421.893, 139
Trd, 4318424.543, 140
Trd, 4318424.743, 140
Trd, 4318425.093, 140
Trd, 4318425.343, 140
Trd, 4318425.843, 140
Trd, 4318428.093, 140
Trd, 4318429.493, 140
Trd, 4318429.843, 140
Trd, 4318430.093, 140
Trd, 4318430.593, 140
Trd, 4318430.843, 140
Trd, 4318431.643, 140
Trd, 4318432.243, 140
Trd, 4318433.593, 140
Trd, 4318433.693, 140
Trd, 4318434.343, 140
Trd, 4318435.793, 140
Trd, 4318436.143, 140
Trd, 4318436.243, 140
Trd, 4318437.693, 140
Trd, 4318438.143, 140
Trd, 4318440.143, 140
Trd, 4318441.543, 140
Trd, 4318442.393, 140
Trd, 4318442.543, 140
Trd, 4318443.043, 140
Trd, 4318445.093, 140
Trd, 4318445.993, 140
Trd, 4318446.093, 140
Trd, 4318447.443, 140
Trd, 4318448.843, 140
Trd, 4318449.793, 140
Trd, 4318450.693, 140
Trd, 4318451.343, 140
Trd, 4318452.393, 140
Trd, 4318452.693, 140
Trd, 4318453.493, 140
Trd, 4318453.943, 140
Trd, 4318454.043, 140
Trd, 4318454.843, 140
Trd, 4318456.943, 140
Trd, 4318457.443, 140
Trd, 4318457.693, 140
Trd, 4318459.893, 140
Trd, 4318460.343, 140
Trd, 4318460.493, 140
Trd, 4318461.793, 140
Trd, 4318462.693, 140
Trd, 4318462.743, 138
Trd, 4318464.543, 140
Trd, 4318465.893, 140
Trd, 4318466.543, 140
Trd, 4318468.743, 140
Trd, 4318470.843, 140
Trd, 4318471.193, 140
Trd, 4318471.993, 140
Trd, 4318472.293, 140
Trd, 4318472.343, 139
Trd, 4318472.843, 139
Trd, 4318473.043, 139
Trd, 4318475.493, 140
Trd, 4318476.193, 140
Trd, 4318476.793, 140
Trd, 4318478.243, 140
Trd, 4318478.293, 140
Trd, 4318480.343, 140
Trd, 4318481.043, 140
Trd, 4318481.293, 140
Trd, 4318482.043, 140
Trd, 4318483.943, 140
Trd, 4318485.093, 140
Trd, 4318487.293, 140
Trd, 4318488.443, 140
Trd, 4318489.393, 140
Trd, 4318489.793, 140
Trd, 4318490.043, 140
Trd, 4318490.793, 137
Trd, 4318491.043, 139
Trd, 4318491.743, 130
Trd, 4318492.243, 138
Trd, 4318492.293, 139
Trd, 4318492.843, 103
Trd, 4318494.593, 60
Trd, 4318495.393, 60
Trd, 4318495.693, 60
Trd, 4318496.293, 140
Trd, 4318497.493, 140
Trd, 4318497.743, 140
Trd, 4318499.593, 140
Trd, 4318500.293, 140
Trd, 4318500.493, 140
Trd, 4318500.693, 140
Trd, 4318502.393, 140
Trd, 4318502.743, 138
Trd, 4318503.943, 140
Trd, 4318504.693, 140
Trd, 4318504.943, 140
Trd, 4318506.143, 140
Trd, 4318506.543, 140
Trd, 4318508.893, 140
Trd, 4318509.593, 140
Trd, 4318510.693, 140
Trd, 4318511.043, 140
Trd, 4318511.643, 140
Trd, 4318511.793, 140
Trd, 4318512.493, 139
Trd, 4318512.643, 140
Trd, 4318513.393, 137
Trd, 4318513.643, 127
Trd, 4318515.093, 88
Trd, 4318515.493, 87
Trd, 4318515.893, 130
Trd, 4318517.393, 104
Trd, 4318517.993, 124
Trd, 4318518.093, 106
Trd, 4318518.193, 101
Trd, 4318518.293, 100
Trd, 4318518.543, 125
Trd, 4318520.093, 98
Trd, 4318522.443, 140
Trd, 4318523.743, 140
Trd, 4318523.843, 140
Trd, 4318526.193, 140
Trd, 4318528.243, 140
Trd, 4318528.693, 140
Trd, 4318529.493, 140
Trd, 4318529.743, 140
Trd, 4318529.893, 140
Trd, 4318530.043, 140
Trd, 4318531.443, 140
Trd, 4318534.293, 140
Trd, 4318535.593, 140
Trd, 4318535.693, 140
Trd, 4318535.793, 140
Trd, 4318536.443, 140
Trd, 4318536.493, 139
Trd, 4318537.243, 139
Trd, 4318537.943, 139
Trd, 4318538.643, 139
Trd, 4318541.843, 140
Trd, 4318544.543, 140
Trd, 4318544.843, 140
Trd, 4318544.943, 140
Trd, 4318545.393, 140
Trd, 4318545.693, 140
Trd, 4318546.793, 140
Trd, 4318547.243, 140
Trd, 4318547.943, 140
Trd, 4318548.893, 140
Trd, 4318549.593, 138
Trd, 4318549.693, 137
Trd, 4318550.143, 100
Trd, 4318552.443, 140
Trd, 4318553.793, 140
Trd, 4318555.943, 140
Trd, 4318556.493, 140
Trd, 4318557.143, 140
Trd, 4318557.243, 140
Trd, 4318558.093, 140
Trd, 4318559.493, 140
Trd, 4318560.493, 140
Trd, 4318560.793, 140
Trd, 4318560.993, 140
Trd, 4318561.443, 140
Trd, 4318561.793, 140
Trd, 4318562.393, 140
Trd, 4318563.943, 140
Trd, 4318565.543, 140
Trd, 4318566.943, 140
Trd, 4318567.193, 140
Trd, 4318567.543, 140
Trd, 4318568.693, 140
Trd, 4318568.743, 140
Trd, 4318568.793, 140
Trd, 4318570.543, 140
Trd, 4318571.543, 140
Trd, 4318572.593, 140
Trd, 4318573.143, 140
Trd, 4318573.293, 140
Trd, 4318573.443, 140
Trd, 4318573.993, 140
Trd, 4318574.793, 140
Trd, 4318575.193, 140
Trd, 4318576.193, 140
Trd, 4318576.793, 140
Trd, 4318577.543, 140
Trd, 4318579.543, 140
Trd, 4318581.393, 140
Trd, 4318581.693, 140
Trd, 4318582.393, 140
Trd, 4318582.493, 140
Trd, 4318583.193, 140
Trd, 4318583.243, 140
Trd, 4318583.643, 140
Trd, 4318583.843, 138
Trd, 4318583.993, 137
Trd, 4318585.043, 135
Trd, 4318586.193, 132
Trd, 4318586.343, 126
Trd, 4318586.893, 140
Trd, 4318586.943, 140
Trd, 4318588.193, 68
Trd, 4318590.043, 140
Trd, 4318590.993, 140
Trd, 4318591.193, 140
Trd, 4318592.693, 140
Trd, 4318592.843, 140
Trd, 4318593.443, 140
Trd, 4318594.243, 140
Trd, 4318595.593, 140
Trd, 4318596.443, 140
Trd, 4318596.943, 140
Trd, 4318597.093, 140
Trd, 4318598.393, 140
Trd, 4318600.793, 140
Trd, 4318601.143, 140
Trd, 4318602.693, 140
Trd, 4318602.793, 140
Trd, 4318602.993, 140
Trd, 4318604.093, 140
Trd, 4318605.443, 140
Trd, 4318605.743, 140
Trd, 4318607.743, 140
Trd, 4318607.993, 140
Trd, 4318608.093, 140
Trd, 4318609.143, 139
Trd, 4318609.293, 138
Trd, 4318610.943, 140
Trd, 4318611.543, 140
Trd, 4318611.893, 140
Trd, 4318613.243, 140
Trd, 4318614.893, 140
Trd, 4318614.993, 140
Trd, 4318615.793, 140
Trd, 4318617.693, 140
Trd, 4318618.093, 140
Trd, 4318618.143, 140
Trd, 4318620.093, 140
Trd, 4318620.343, 140
Trd, 4318622.243, 140
Trd, 4318622.993, 140
Trd, 4318623.543, 140
Trd, 4318625.593, 140
Trd, 4318625.943, 140
Trd, 4318627.193, 140
Trd, 4318627.493, 140
Trd, 4318628.193, 140
Trd, 4318629.293, 140
Trd, 4318629.743, 140
Trd, 4318630.943, 140
Trd, 4318631.043, 140
Trd, 4318631.593, 140
Trd, 4318632.243, 140
Trd, 4318633.043, 140
Trd, 4318633.343, 140
Trd, 4318635.793, 140
Trd, 4318636.243, 140
Trd, 4318636.843, 140
Trd, 4318637.843, 140
Trd, 4318637.993, 140
Trd, 4318639.593, 140
Trd, 4318640.843, 140
Trd, 4318641.143, 140
Trd, 4318641.643, 140
Trd, 4318642.893, 140
Trd, 4318643.193, 140
Trd, 4318647.243, 140
Trd, 4318647.693, 140
Trd, 4318647.943, 140
Trd, 4318648.043, 140
Trd, 4318648.343, 139
Trd, 4318650.543, 140
Trd, 4318651.093, 140
Trd, 4318652.043, 140
Trd, 4318654.293, 140
Trd, 4318655.743, 140
Trd, 4318657.693, 140
Trd, 4318658.343, 140
Trd, 4318658.693, 140
Trd, 4318658.843, 140
Trd, 4318661.193, 140
Trd, 4318661.793, 140
Trd, 4318663.143, 140
Trd, 4318663.343, 140
Trd, 4318663.693, 140
Trd, 4318663.893, 140
Trd, 4318663.993, 140
Trd, 4318664.443, 140
Trd, 4318664.493, 140
Trd, 4318665.393, 140
Trd, 4318666.543, 129
Trd, 4318668.943, 140
Trd, 4318669.693, 140
Trd, 4318670.343, 140
Trd, 4318671.393, 140
Trd, 4318672.593, 140
Trd, 4318672.893, 140
Trd, 4318674.393, 140
Trd, 4318675.143, 140
Trd, 4318676.493, 140
Trd, 4318676.893, 140
Trd, 4318677.493, 140
Trd, 4318677.893, 140
Trd, 4318677.993, 139
Trd, 4318681.393, 139
Trd, 4318682.643, 91
Trd, 4318683.643, 139
Trd, 4318683.893, 139
Trd, 4318684.843, 140
Trd, 4318685.443, 140
Trd, 4318687.043, 140
Trd, 4318687.443, 140
Trd, 4318689.593, 140
Trd, 4318689.643, 140
Trd, 4318689.743, 140
Trd, 4318689.993, 140
Trd, 4318690.043, 140
Trd, 4318690.243, 139
Trd, 4318691.093, 64
Trd, 4318692.093, 61
Trd, 4318692.343, 120
Trd, 4318692.693, 138
Trd, 4318694.293, 123
Trd, 4318695.043, 122
Trd, 4318695.193, 121
Trd, 4318695.243, 122
Trd, 4318696.043, 128
Trd, 4318696.943, 66
Trd, 4318697.093, 106
Trd, 4318698.143, 104
Trd, 4318698.343, 80
Trd, 4318698.693, 104
Trd, 4318699.393, 80
Trd, 4318699.643, 79
Trd, 4318700.843, 70
Trd, 4318701.593, 104
Trd, 4318702.193, 105
Trd, 4318702.393, 104
Trd, 4318702.593, 102
Trd, 4318704.643, 100
Trd, 4318706.593, 63
Trd, 4318706.793, 64
Trd, 4318707.193, 64
Trd, 4318707.393, 63
Trd, 4318708.793, 65
Trd, 4318708.893, 65
Trd, 4318710.143, 140
Trd, 4318710.743, 65
Trd, 4318712.593, 140
Trd, 4318713.543, 140
Trd, 4318713.943, 140
Trd, 4318714.143, 140
Trd, 4318715.793, 140
Trd, 4318716.293, 140
Trd, 4318717.243, 135
Trd, 4318720.643, 140
Trd, 4318720.693, 140
Trd, 4318720.793, 140
Trd, 4318720.943, 140
Trd, 4318720.993, 139
Trd, 4318721.943, 140
Trd, 4318722.843, 140
Trd, 4318723.393, 140
Trd, 4318723.793, 140
Trd, 4318724.593, 140
Trd, 4318725.593, 140
Trd, 4318725.943, 140
Trd, 4318726.893, 140
Trd, 4318728.343, 140
Trd, 4318728.493, 140
Trd, 4318728.793, 137
Trd, 4318733.593, 140
Trd, 4318733.893, 140
Trd, 4318734.543, 140
Trd, 4318735.243, 140
Trd, 4318735.393, 140
Trd, 4318735.943, 140
Trd, 4318736.293, 139
Trd, 4318736.393, 140
Trd, 4318739.143, 140
Trd, 4318739.443, 140
Trd, 4318739.993, 136
Trd, 4318741.343, 140
Trd, 4318742.093, 140
Trd, 4318742.593, 140
Trd, 4318742.893, 140
Trd, 4318743.093, 139
Trd, 4318743.893, 132
Trd, 4318744.693, 96
Trd, 4318746.243, 99
Trd, 4318747.093, 135
Trd, 4318747.243, 105
Trd, 4318748.043, 124
Trd, 4318749.043, 124
Trd, 4318749.293, 106
Trd, 4318750.743, 110
Trd, 4318751.893, 115
Trd, 4318752.393, 107
Trd, 4318753.693, 140
Trd, 4318754.243, 140
Trd, 4318754.493, 140
Trd, 4318755.443, 139
Trd, 4318757.843, 140
Trd, 4318758.043, 140
Trd, 4318759.343, 135
Trd, 4318760.243, 140
Trd, 4318762.243, 140
Trd, 4318763.493, 140
Trd, 4318763.943, 140
Trd, 4318764.093, 140
Trd, 4318764.793, 140
Trd, 4318765.843, 140
Trd, 4318766.093, 140
Trd, 4318766.193, 140
Trd, 4318767.893, 140
Trd, 4318768.093, 140
Trd, 4318768.293, 140
Trd, 4318769.693, 118
Trd, 4318770.393, 64
Trd, 4318771.043, 114
Trd, 4318772.093, 71
Trd, 4318772.643, 113
Trd, 4318772.693, 71
Trd, 4318773.043, 114
Trd, 4318773.993, 77
Trd, 4318774.193, 77
Trd, 4318775.193, 78
Trd, 4318776.143, 140
Trd, 4318777.543, 81
Trd, 4318778.343, 139
Trd, 4318779.293, 140
Trd, 4318780.043, 139
Trd, 4318780.143, 140
Trd, 4318780.393, 140
Trd, 4318781.293, 138
Trd, 4318782.693, 140
Trd, 4318783.343, 140
Trd, 4318783.993, 140
Trd, 4318784.443, 140
Trd, 4318785.493, 140
Trd, 4318787.393, 140
Trd, 4318789.043, 140
Trd, 4318790.743, 140
Trd, 4318790.993, 140
Trd, 4318791.093, 140
Trd, 4318791.993, 140
Trd, 4318793.143, 140
Trd, 4318794.693, 140
Trd, 4318794.843, 140
Trd, 4318794.993, 140
Trd, 4318795.493, 140
Trd, 4318796.343, 140
Trd, 4318797.693, 140
Trd, 4318797.943, 140
Trd, 4318798.243, 140
Trd, 4318798.843, 133
Trd, 4318799.443, 76
Trd, 4318800.243, 135
Trd, 4318800.893, 96
Trd, 4318801.593, 140
Trd, 4318801.943, 140
Trd, 4318802.193, 140
Trd, 4318805.243, 140
Trd, 4318805.743, 140
Trd, 4318806.793, 140
Trd, 4318806.893, 140
Trd, 4318807.593, 140
Trd, 4318807.693, 140
Trd, 4318807.943, 140
Trd, 4318808.293, 140
Trd, 4318808.493, 139
Trd, 4318808.793, 140
Trd, 4318810.493, 138
Trd, 4318810.643, 130
Trd, 4318811.343, 129
Trd, 4318811.843, 133
Trd, 4318812.343, 135
Trd, 4318813.593, 134
Trd, 4318813.693, 133
Trd, 4318814.193, 136
Trd, 4318814.793, 132
Trd, 4318817.743, 140
Trd, 4318817.843, 140
Trd, 4318818.643, 140
Trd, 4318819.143, 140
Trd, 4318819.493, 140
Trd, 4318821.193, 140
Trd, 4318821.393, 140
Trd, 4318822.393, 140
Trd, 4318822.493, 133
Trd, 4318822.743, 63
Trd, 4318824.043, 60
Trd, 4318824.143, 63
Trd, 4318825.093, 63
Trd, 4318825.843, 64
Trd, 4318827.193, 140
Trd, 4318827.443, 140
Trd, 4318829.693, 140
Trd, 4318830.043, 140
Trd, 4318830.993, 140
Trd, 4318832.243, 140
Trd, 4318832.793, 140
Trd, 4318833.443, 140
Trd, 4318834.393, 140
Trd, 4318835.343, 140
Trd, 4318836.143, 140
Trd, 4318836.543, 140
Trd, 4318838.543, 140
Trd, 4318838.593, 140
Trd, 4318838.843, 140
Trd, 4318838.943, 140
Trd, 4318839.393, 138
Trd, 4318839.643, 138
Trd, 4318841.443, 127
Trd, 4318841.543, 126
Trd, 4318842.043, 140
Trd, 4318842.743, 128
Trd, 4318843.593, 105
Trd, 4318846.193, 60
Trd, 4318846.393, 60
Trd, 4318847.843, 60
Trd, 4318848.093, 60
Trd, 4318849.593, 60
Trd, 4318849.893, 60
Trd, 4318850.493, 60
Trd, 4318850.543, 60
Trd, 4318850.693, 60
Trd, 4318851.343, 63
Trd, 4318853.043, 60
Trd, 4318854.743, 61
Trd, 4318856.793, 60
Trd, 4318857.093, 60
Trd, 4318857.943, 60
Trd, 4318858.143, 60
Trd, 4318858.343, 61
Trd, 4318858.643, 64
Trd, 4318859.643, 64
Trd, 4318860.393, 85
Trd, 4318860.443, 80
Trd, 4318860.543, 122
Trd, 4318861.843, 140
Trd, 4318862.843, 140
Trd, 4318864.643, 140
Trd, 4318865.593, 140
Trd, 4318867.543, 140
Trd, 4318867.893, 140
Trd, 4318869.093, 140
Trd, 4318869.443, 140
Trd, 4318869.893, 140
Trd, 4318870.243, 140
Trd, 4318870.293, 140
Trd, 4318871.243, 138
Trd, 4318871.643, 139
Trd, 4318873.993, 140
Trd, 4318874.143, 140
Trd, 4318874.393, 140
Trd, 4318875.293, 140
Trd, 4318875.743, 140
Trd, 4318875.893, 140
Trd, 4318877.293, 140
Trd, 4318877.943, 140
Trd, 4318880.193, 140
Trd, 4318880.243, 140
Trd, 4318880.943, 139
Trd, 4318880.993, 138
Trd, 4318881.143, 138
Trd, 4318882.893, 113
Trd, 4318883.243, 135
Trd, 4318884.493, 112
Trd, 4318884.743, 111
Trd, 4318884.993, 110
Trd, 4318885.443, 109
Trd, 4318886.443, 134
Trd, 4318886.493, 111
Trd, 4318886.893, 135
Trd, 4318888.693, 139
Trd, 4318889.943, 140
Trd, 4318891.343, 140
Trd, 4318891.393, 140
Trd, 4318891.993, 138
Trd, 4318892.793, 118
Trd, 4318894.593, 140
Trd, 4318894.893, 134
Trd, 4318898.393, 140
Trd, 4318899.143, 140
Trd, 4318899.243, 140
Trd, 4318899.293, 140
Trd, 4318899.693, 140
Trd, 4318899.893, 139
Trd, 4318900.093, 138
Trd, 4318900.893, 130
Trd, 4318901.743, 139
Trd, 4318902.093, 140
Trd, 4318903.843, 140
Trd, 4318904.293, 140
Trd, 4318904.493, 140
Trd, 4318904.743, 61
Trd, 4318905.693, 135
Trd, 4318906.243, 124
Trd, 4318907.493, 61
Trd, 4318907.593, 65
Trd, 4318907.793, 65
Trd, 4318909.393, 68
Trd, 4318909.443, 69
Trd, 4318909.593, 70
Trd, 4318911.193, 140
Trd, 4318911.493, 140
Trd, 4318912.543, 140
Trd, 4318913.843, 140
Trd, 4318915.843, 140
Trd, 4318916.193, 140
Trd, 4318916.593, 140
Trd, 4318917.343, 140
Trd, 4318917.993, 140
Trd, 4318919.193, 140
Trd, 4318922.243, 140
Trd, 4318922.343, 140
Trd, 4318922.393, 140
Trd, 4318922.543, 140
Trd, 4318923.343, 140
Trd, 4318923.643, 140
Trd, 4318924.793, 140
Trd, 4318924.893, 140
Trd, 4318925.443, 140
Trd, 4318925.643, 140
Trd, 4318925.793, 133
Trd, 4318927.493, 60
Trd, 4318929.493, 60
Trd, 4318929.593, 64
Trd, 4318930.093, 61
Trd, 4318931.493, 79
Trd, 4318931.693, 119
Trd, 4318932.593, 86
Trd, 4318932.743, 133
Trd, 4318935.043, 140
Trd, 4318935.243, 140
Trd, 4318936.343, 140
Trd, 4318938.793, 61
Trd, 4318939.393, 60
Trd, 4318940.293, 60
Trd, 4318940.443, 60
Trd, 4318941.593, 60
Trd, 4318941.943, 60
Trd, 4318942.443, 61
Trd, 4318942.693, 62
Trd, 4318942.843, 66
Trd, 4318942.893, 65
Trd, 4318943.493, 114
Trd, 4318943.843, 62
Trd, 4318945.043, 140
Trd, 4318945.643, 60
Trd, 4318947.143, 60
Trd, 4318948.643, 60
Trd, 4318949.243, 60
Trd, 4318951.043, 60
Trd, 4318952.743, 60
Trd, 4318952.993, 61
Trd, 4318953.143, 60
Trd, 4318954.343, 66
Trd, 4318954.793, 64
Trd, 4318954.993, 63
Trd, 4318956.293, 64
Trd, 4318956.493, 63
Trd, 4318956.793, 62
Trd, 4318957.443, 61
Trd, 4318957.943, 70
Trd, 4318958.343, 60
Trd, 4318960.843, 60
Trd, 4318961.393, 60
Trd, 4318963.243, 60
Trd, 4318963.393, 60
Trd, 4318963.893, 60
Trd, 4318964.593, 60
Trd, 4318964.943, 60
Trd, 4318965.343, 61
Trd, 4318966.343, 62
Trd, 4318967.143, 63
Trd, 4318967.643, 63
Trd, 4318968.393, 140
Trd, 4318970.243, 140
Trd, 4318971.343, 140
Trd, 4318972.243, 140
Trd, 4318973.393, 140
Trd, 4318974.743, 138
Trd, 4318976.093, 140
Trd, 4318976.143, 140
Trd, 4318977.043, 140
Trd, 4318977.393, 140
Trd, 4318977.843, 139
Trd, 4318980.993, 140
Trd, 4318981.943, 140
Trd, 4318982.543, 140
Trd, 4318982.643, 140
Trd, 4318983.493, 140
Trd, 4318984.243, 140
Trd, 4318984.743, 140
Trd, 4318984.843, 140
Trd, 4318985.493, 136
Trd, 4318986.393, 135
Trd, 4318987.443, 131
Trd, 4318988.293, 139
Trd, 4318989.543, 140
Trd, 4318989.843, 140
Trd, 4318991.093, 140
Trd, 4318991.643, 140
Trd, 4318992.543, 140
Trd, 4318994.293, 140
Trd, 4318995.043, 140
Trd, 4318995.743, 140
Trd, 4318996.543, 140
Trd, 4318997.043, 140
Trd, 4318998.593, 140
Trd, 4319000.093, 140
Trd, 4319001.743, 140
Trd, 4319001.993, 140
Trd, 4319002.543, 140
Trd, 4319005.143, 140
Trd, 4319006.093, 140
Trd, 4319006.693, 140
Trd, 4319006.993, 140
Trd, 4319007.043, 140
Trd, 4319007.993, 140
Trd, 4319008.143, 140
Trd, 4319008.643, 140
Trd, 4319009.693, 140
Trd, 4319009.993, 140
Trd, 4319010.943, 139
Trd, 4319012.293, 60
Trd, 4319012.493, 60
Trd, 4319012.843, 60
Trd, 4319013.343, 60
Trd, 4319015.193, 60
Trd, 4319016.393, 60
Trd, 4319017.043, 60
Trd, 4319017.143, 60
Trd, 4319017.243, 60
Trd, 4319017.643, 60
Trd, 4319017.893, 65
Trd, 4319018.593, 60
Trd, 4319018.693, 61
Trd, 4319020.943, 62
Trd, 4319021.993, 60
Trd, 4319022.293, 60
Trd, 4319023.843, 60
Trd, 4319025.793, 60
Trd, 4319025.943, 60
Trd, 4319026.493, 60
Trd, 4319026.743, 60
Trd, 4319026.843, 62
Trd, 4319027.693, 63
Trd, 4319027.743, 64
Trd, 4319028.393, 66
Trd, 4319029.293, 139
Trd, 4319030.043, 140
Trd, 4319030.493, 140
Trd, 4319030.843, 140
Trd, 4319032.893, 122
Trd, 4319033.493, 125
Trd, 4319033.593, 123
Trd, 4319033.643, 122
Trd, 4319034.193, 101
Trd, 4319034.593, 126
Trd, 4319034.993, 127
Trd, 4319036.843, 128
Trd, 4319038.093, 111
Trd, 4319039.093, 136
Trd, 4319041.243, 140
Trd, 4319041.393, 140
Trd, 4319042.793, 140
Trd, 4319043.193, 140
Trd, 4319043.943, 140
Trd, 4319044.593, 140
Trd, 4319045.293, 140
Trd, 4319047.143, 140
Trd, 4319049.143, 140
Trd, 4319049.343, 140
Trd, 4319050.243, 140
Trd, 4319050.593, 140
Trd, 4319051.143, 140
Trd, 4319052.993, 140
Trd, 4319053.343, 140
Trd, 4319053.493, 140
Trd, 4319053.943, 140
Trd, 4319054.243, 140
Trd, 4319054.493, 140
Trd, 4319054.593, 133
Trd, 4319056.093, 60
Trd, 4319057.543, 60
Trd, 4319057.643, 60
Trd, 4319057.843, 61
Trd, 4319058.993, 62
Trd, 4319059.693, 76
Trd, 4319060.193, 63
Trd, 4319062.643, 140
Trd, 4319062.693, 140
Trd, 4319063.043, 140
Trd, 4319063.193, 140
Trd, 4319063.593, 139
Trd, 4319065.393, 140
Trd, 4319068.043, 140
Trd, 4319069.143, 140
Trd, 4319069.943, 140
Trd, 4319070.143, 140
Trd, 4319070.193, 140
Trd, 4319071.743, 140
Trd, 4319073.293, 140
Trd, 4319073.943, 140
Trd, 4319074.243, 140
Trd, 4319074.993, 140
Trd, 4319075.743, 140
Trd, 4319075.943, 140
Trd, 4319076.693, 61
Trd, 4319079.043, 140
Trd, 4319080.043, 140
Trd, 4319080.243, 140
Trd, 4319080.293, 139
Trd, 4319084.093, 140
Trd, 4319084.543, 140
Trd, 4319084.643, 140
Trd, 4319084.793, 140
Trd, 4319086.343, 140
Trd, 4319088.393, 140
Trd, 4319088.843, 140
Trd, 4319089.043, 140
Trd, 4319089.343, 140
Trd, 4319090.143, 139
Trd, 4319092.893, 140
Trd, 4319093.243, 140
Trd, 4319094.393, 140
Trd, 4319094.643, 134
Trd, 4319095.693, 134
Trd, 4319095.743, 129
Trd, 4319096.293, 63
Trd, 4319097.643, 60
Trd, 4319098.643, 60
Trd, 4319099.143, 60
Trd, 4319099.793, 60
Trd, 4319100.193, 60
Trd, 4319100.743, 60
Trd, 4319101.043, 62
Trd, 4319101.643, 60
Trd, 4319101.993, 62
Trd, 4319102.993, 63
Trd, 4319103.393, 61
Trd, 4319104.393, 67
Trd, 4319105.093, 68
Trd, 4319105.493, 69
Trd, 4319106.043, 126
Trd, 4319106.443, 69
Trd, 4319107.043, 123
Trd, 4319108.993, 60
Trd, 4319111.143, 60
Trd, 4319111.643, 60
Trd, 4319111.693, 60
Trd, 4319111.793, 60
Trd, 4319112.893, 60
Trd, 4319114.093, 62
Trd, 4319114.543, 62
Trd, 4319114.693, 63
Trd, 4319115.393, 67
Trd, 4319116.393, 66
Trd, 4319116.743, 67
Trd, 4319117.043, 72
Trd, 4319117.993, 66
Trd, 4319118.143, 64
Trd, 4319119.243, 65
Trd, 4319119.793, 67
Trd, 4319120.643, 93
Trd, 4319121.343, 93
Trd, 4319121.743, 68
Trd, 4319122.093, 67
Trd, 4319124.093, 79
Trd, 4319124.493, 79
Trd, 4319124.743, 82
Trd, 4319124.793, 84
Trd, 4319125.943, 87
Trd, 4319126.443, 86
Trd, 4319126.743, 74
Trd, 4319128.093, 140
Trd, 4319128.143, 140
Trd, 4319128.593, 100
Trd, 4319129.793, 140
Trd, 4319131.193, 140
Trd, 4319131.793, 140
Trd, 4319132.143, 140
Trd, 4319133.943, 140
Trd, 4319134.243, 140
Trd, 4319134.743, 140
Trd, 4319135.693, 140
Trd, 4319136.593, 140
Trd, 4319137.143, 140
Trd, 4319138.193, 140
Trd, 4319138.693, 140
Trd, 4319139.243, 140
Trd, 4319139.593, 140
Trd, 4319140.143, 140
Trd, 4319142.343, 140
Trd, 4319142.893, 140
Trd, 4319144.493, 140
Trd, 4319145.243, 140
Trd, 4319145.743, 140
Trd, 4319146.393, 140
Trd, 4319146.643, 140
Trd, 4319147.343, 140
Trd, 4319147.393, 140
Trd, 4319148.243, 140
Trd, 4319148.793, 140
Trd, 4319149.443, 140
Trd, 4319151.093, 140
Trd, 4319152.943, 140
Trd, 4319153.793, 140
Trd, 4319154.943, 140
Trd, 4319154.993, 140
Trd, 4319155.993, 140
Trd, 4319156.643, 140
Trd, 4319157.243, 140
Trd, 4319157.443, 140
Trd, 4319157.943, 140
Trd, 4319158.043, 140
Trd, 4319159.943, 140
Trd, 4319160.143, 140
Trd, 4319160.643, 140
Trd, 4319162.093, 140
Trd, 4319163.493, 140
Trd, 4319164.943, 140
Trd, 4319166.943, 140
Trd, 4319167.493, 140
Trd, 4319168.493, 140
Trd, 4319169.743, 140
Trd, 4319169.843, 140
Trd, 4319172.243, 140
Trd, 4319172.993, 140
Trd, 4319173.143, 140
Trd, 4319173.343, 140
Trd, 4319173.843, 140
Trd, 4319174.793, 120
Trd, 4319174.943, 119
Trd, 4319176.193, 119
Trd, 4319176.543, 139
Trd, 4319177.193, 65
Trd, 4319177.793, 66
Trd, 4319178.743, 60
Trd, 4319179.893, 63
Trd, 4319181.643, 140
Trd, 4319181.893, 140
Trd, 4319183.143, 140
Trd, 4319183.543, 140
Trd, 4319184.543, 140
Trd, 4319185.093, 140
Trd, 4319185.893, 140
Trd, 4319186.293, 140
Trd, 4319186.643, 140
Trd, 4319186.993, 140
Trd, 4319187.243, 140
Trd, 4319187.693, 140
Trd, 4319187.993, 138
Trd, 4319189.343, 135
Trd, 4319189.543, 134
Trd, 4319191.493, 140
Trd, 4319192.293, 140
Trd, 4319192.843, 140
Trd, 4319193.293, 140
Trd, 4319193.993, 140
Trd, 4319194.943, 140
Trd, 4319196.043, 140
Trd, 4319196.793, 140
Trd, 4319198.243, 140
Trd, 4319199.793, 140
Trd, 4319199.993, 140
Trd, 4319200.293, 140
Trd, 4319200.593, 140
Trd, 4319200.843, 140
Trd, 4319200.893, 140
Trd, 4319201.693, 137
Trd, 4319202.643, 138
Trd, 4319202.843, 137
Trd, 4319204.293, 140
Trd, 4319206.293, 140
Trd, 4319207.093, 140
Trd, 4319208.593, 140
Trd, 4319211.693, 140
Trd, 4319211.993, 140
Trd, 4319212.943, 140
Trd, 4319213.093, 140
Trd, 4319213.593, 140
Trd, 4319214.943, 102
Trd, 4319215.143, 101
Trd, 4319215.593, 135
Trd, 4319215.693, 97
Trd, 4319216.043, 140
Trd, 4319216.993, 74
Trd, 4319218.293, 73
Trd, 4319219.693, 88
Trd, 4319220.643, 87
Trd, 4319220.843, 86
Trd, 4319220.943, 83
Trd, 4319221.143, 88
Trd, 4319221.843, 82
Trd, 4319222.743, 140
Trd, 4319224.043, 139
Trd, 4319224.193, 139
Trd, 4319224.943, 140
Trd, 4319225.943, 139
Trd, 4319225.993, 138
Trd, 4319226.643, 133
Trd, 4319228.343, 116
Trd, 4319228.443, 84
Trd, 4319228.943, 60
Trd, 4319229.793, 61
Trd, 4319229.843, 60
Trd, 4319229.993, 60
Trd, 4319232.093, 66
Trd, 4319233.843, 64
Trd, 4319234.893, 60
Trd, 4319236.443, 60
Trd, 4319237.793, 60
Trd, 4319237.843, 60
Trd, 4319237.943, 60
Trd, 4319238.443, 66
Trd, 4319239.393, 66
Trd, 4319239.643, 63
Trd, 4319239.893, 68
Trd, 4319240.843, 60
Trd, 4319241.593, 62
Trd, 4319243.343, 140
Trd, 4319243.843, 140
Trd, 4319244.093, 140
Trd, 4319244.493, 140
Trd, 4319245.243, 140
Trd, 4319245.693, 140
Trd, 4319246.193, 134
Trd, 4319247.143, 60
Trd, 4319247.343, 70
Trd, 4319249.393, 60
Trd, 4319250.393, 80
Trd, 4319252.293, 61
Trd, 4319252.643, 60
Trd, 4319253.593, 60
Trd, 4319254.543, 60
Trd, 4319254.693, 60
Trd, 4319254.743, 60
Trd, 4319255.443, 60
Trd, 4319255.893, 60
Trd, 4319256.743, 61
Trd, 4319257.293, 61
Trd, 4319258.743, 61
Trd, 4319259.043, 62
Trd, 4319259.393, 64
Trd, 4319260.193, 64
Trd, 4319260.393, 65
Trd, 4319260.993, 71
Trd, 4319261.043, 68
Trd, 4319261.493, 63
Trd, 4319263.743, 104
Trd, 4319263.893, 103
Trd, 4319265.593, 114
Trd, 4319266.693, 140
Trd, 4319267.493, 140
Trd, 4319270.093, 140
Trd, 4319270.793, 140
Trd, 4319270.893, 140
Trd, 4319272.643, 140
Trd, 4319274.143, 140
Trd, 4319274.443, 140
Trd, 4319275.393, 140
Trd, 4319275.643, 140
Trd, 4319276.143, 140
Trd, 4319276.243, 140
Trd, 4319276.793, 140
Trd, 4319277.093, 140
Trd, 4319277.193, 85
Trd, 4319277.293, 140
Trd, 4319280.893, 60
Trd, 4319280.943, 60
Trd, 4319281.743, 60
Trd, 4319281.843, 60
Trd, 4319281.993, 60
Trd, 4319282.193, 60
Trd, 4319282.343, 60
Trd, 4319282.793, 61
Trd, 4319284.843, 67
Trd, 4319285.843, 60
Trd, 4319286.243, 60
Trd, 4319286.993, 60
Trd, 4319289.793, 60
Trd, 4319290.643, 60
Trd, 4319290.743, 60
Trd, 4319291.243, 61
Trd, 4319292.943, 60
Trd, 4319292.993, 63
Trd, 4319293.143, 64
Trd, 4319293.543, 67
Trd, 4319294.943, 63
Trd, 4319295.443, 63
Trd, 4319296.443, 64
Trd, 4319296.843, 63
Trd, 4319297.993, 68
Trd, 4319301.543, 140
Trd, 4319302.693, 140
Trd, 4319303.043, 140
Trd, 4319304.243, 140
Trd, 4319304.793, 140
Trd, 4319304.843, 140
Trd, 4319304.993, 140
Trd, 4319305.093, 140
Trd, 4319305.443, 140
Trd, 4319306.343, 139
Trd, 4319307.443, 140
Trd, 4319308.593, 140
Trd, 4319308.693, 140
Trd, 4319310.893, 140
Trd, 4319311.343, 140
Trd, 4319312.793, 140
Trd, 4319313.293, 140
Trd, 4319313.643, 140
Trd, 4319313.793, 139
Trd, 4319314.493, 139
Trd, 4319315.843, 134
Trd, 4319317.543, 131
Trd, 4319317.893, 123
Trd, 4319319.143, 60
Trd, 4319320.243, 60
Trd, 4319320.343, 60
Trd, 4319321.093, 60
Trd, 4319321.443, 60
Trd, 4319321.543, 61
Trd, 4319321.693, 65
Trd, 4319321.793, 60
Trd, 4319322.593, 63
Trd, 4319323.793, 60
Trd, 4319324.193, 60
Trd, 4319324.793, 60
Trd, 4319324.893, 60
Trd, 4319325.143, 140
Trd, 4319328.793, 60
Trd, 4319328.943, 60
Trd, 4319329.093, 60
Trd, 4319329.243, 61
Trd, 4319329.743, 60
Trd, 4319330.243, 140
Trd, 4319331.793, 76
Trd, 4319332.043, 138
Trd, 4319332.843, 140
Trd, 4319333.193, 140
Trd, 4319334.143, 140
Trd, 4319334.193, 140
Trd, 4319335.443, 60
Trd, 4319337.043, 60
Trd, 4319337.443, 60
Trd, 4319337.993, 60
Trd, 4319339.993, 60
Trd, 4319340.043, 60
Trd, 4319341.093, 77
Trd, 4319341.243, 64
Trd, 4319341.293, 63
Trd, 4319342.693, 140
Trd, 4319343.043, 140
Trd, 4319343.293, 140
Trd, 4319344.393, 140
Trd, 4319345.343, 140
Trd, 4319346.493, 140
Trd, 4319347.193, 140
Trd, 4319348.743, 140
Trd, 4319350.243, 140
Trd, 4319350.343, 140
Trd, 4319350.843, 140
Trd, 4319350.993, 140
Trd, 4319351.093, 140
Trd, 4319351.293, 137
Trd, 4319352.043, 132
Trd, 4319352.843, 139
Trd, 4319353.543, 124
Trd, 4319354.993, 105
Trd, 4319355.643, 107
Trd, 4319356.393, 116
Trd, 4319358.143, 140
Trd, 4319358.743, 140
Trd, 4319359.543, 140
Trd, 4319361.193, 140
Trd, 4319363.493, 140
Trd, 4319363.743, 140
Trd, 4319364.293, 140
Trd, 4319366.593, 140
Trd, 4319368.243, 140
Trd, 4319369.493, 140
Trd, 4319369.893, 140
Trd, 4319371.193, 140
Trd, 4319371.443, 140
Trd, 4319371.993, 140
Trd, 4319372.343, 140
Trd, 4319372.793, 139
Trd, 4319372.843, 138
Trd, 4319372.943, 140
Trd, 4319375.443, 139
Trd, 4319375.693, 140
Trd, 4319378.793, 140
Trd, 4319379.693, 140
Trd, 4319379.793, 140
Trd, 4319380.143, 140
Trd, 4319380.293, 140
Trd, 4319380.893, 140
Trd, 4319381.543, 140
Trd, 4319383.743, 140
Trd, 4319385.693, 140
Trd, 4319385.793, 140
Trd, 4319386.143, 140
Trd, 4319387.243, 140
Trd, 4319388.343, 140
Trd, 4319388.893, 139
Trd, 4319388.993, 140
Trd, 4319389.093, 133
Trd, 4319390.393, 140
Trd, 4319390.443, 140
Trd, 4319391.093, 135
Trd, 4319392.643, 140
Trd, 4319393.293, 140
Trd, 4319393.693, 140
Trd, 4319394.093, 140
Trd, 4319394.643, 137
Trd, 4319396.043, 136
Trd, 4319396.943, 136
Trd, 4319397.843, 140
Trd, 4319398.943, 140
Trd, 4319399.493, 140
Trd, 4319399.693, 140
Trd, 4319400.593, 71
Trd, 4319400.693, 70
Trd, 4319401.193, 136
Trd, 4319401.743, 104
Trd, 4319402.143, 103
Trd, 4319403.543, 140
Trd, 4319404.393, 140
Trd, 4319405.893, 140
Trd, 4319407.393, 140
Trd, 4319407.543, 140
Trd, 4319408.093, 140
Trd, 4319408.843, 140
Trd, 4319411.043, 140
Trd, 4319411.443, 140
Trd, 4319411.493, 140
Trd, 4319411.543, 140
Trd, 4319412.293, 130
Trd, 4319413.993, 63
Trd, 4319414.093, 78
Trd, 4319414.543, 69
Trd, 4319415.693, 133
Trd, 4319416.093, 135
Trd, 4319417.043, 67
Trd, 4319417.243, 66
Trd, 4319418.393, 67
Trd, 4319419.793, 84
Trd, 4319420.443, 122
Trd, 4319423.093, 140
Trd, 4319424.193, 140
Trd, 4319424.943, 140
Trd, 4319425.543, 140
Trd, 4319425.943, 140
Trd, 4319426.193, 140
Trd, 4319427.043, 140
Trd, 4319429.743, 140
Trd, 4319430.343, 140
Trd, 4319430.843, 140
Trd, 4319430.993, 140
Trd, 4319431.143, 140
Trd, 4319431.443, 140
Trd, 4319431.543, 139
Trd, 4319432.693, 140
Trd, 4319435.143, 140
Trd, 4319435.643, 140
Trd, 4319435.993, 140
Trd, 4319436.643, 135
Trd, 4319437.593, 60
Trd, 4319439.393, 60
Trd, 4319439.643, 60
Trd, 4319440.443, 60
Trd, 4319441.293, 121
Trd, 4319441.793, 118
Trd, 4319441.993, 132
Trd, 4319442.243, 117
Trd, 4319442.393, 61
Trd, 4319443.793, 65
Trd, 4319444.793, 60
Trd, 4319445.743, 61
Trd, 4319446.643, 61
Trd, 4319447.993, 60
Trd, 4319448.443, 60
Trd, 4319448.743, 66
Trd, 4319448.993, 71
Trd, 4319449.143, 69
Trd, 4319449.443, 67
Trd, 4319450.593, 84
Trd, 4319452.493, 88
Trd, 4319452.893, 64
Trd, 4319452.943, 87
Trd, 4319454.393, 60
Trd, 4319456.143, 60
Trd, 4319456.993, 60
Trd, 4319458.443, 60
Trd, 4319458.893, 104
Trd, 4319459.193, 116
Trd, 4319459.893, 66
Trd, 4319460.393, 66
Trd, 4319461.293, 69
Trd, 4319462.643, 98
Trd, 4319463.193, 75
Trd, 4319464.293, 140
Trd, 4319464.593, 140
Trd, 4319465.893, 140
Trd, 4319466.543, 140
Trd, 4319470.143, 140
Trd, 4319470.193, 140
Trd, 4319471.693, 140
Trd, 4319471.893, 140
Trd, 4319472.243, 138
Trd, 4319473.593, 131
Trd, 4319474.093, 130
Trd, 4319474.243, 138
Trd, 4319475.443, 140
Trd, 4319477.143, 140
Trd, 4319477.393, 140
Trd, 4319477.543, 140
Trd, 4319478.193, 140
Trd, 4319478.443, 140
Trd, 4319481.743, 140
Trd, 4319481.943, 140
Trd, 4319482.493, 140
Trd, 4319483.093, 140
Trd, 4319484.793, 140
Trd, 4319485.793, 140
Trd, 4319486.443, 140
Trd, 4319487.943, 140
Trd, 4319488.693, 140
Trd, 4319489.593, 140
Trd, 4319489.793, 140
Trd, 4319491.743, 140
Trd, 4319493.943, 140
Trd, 4319494.543, 140
Trd, 4319494.593, 140
Trd, 4319494.643, 140
Trd, 4319494.743, 140
Trd, 4319495.193, 140
Trd, 4319496.143, 140
Trd, 4319497.493, 140
Trd, 4319497.593, 127
Trd, 4319498.843, 105
Trd, 4319499.943, 94
Trd, 4319501.743, 140
Trd, 4319502.243, 140
Trd, 4319502.943, 140
Trd, 4319503.593, 140
Trd, 4319504.193, 140
Trd, 4319505.043, 140
Trd, 4319506.993, 140
Trd, 4319508.543, 140
Trd, 4319510.043, 140
Trd, 4319510.343, 140
Trd, 4319510.393, 140
Trd, 4319510.843, 139
Trd, 4319510.893, 137
Trd, 4319511.093, 99
Trd, 4319512.843, 64
Trd, 4319515.043, 60
Trd, 4319515.893, 60
Trd, 4319516.543, 64
Trd, 4319518.543, 60
Trd, 4319519.443, 61
Trd, 4319520.243, 60
Trd, 4319520.543, 60
Trd, 4319520.993, 61
Trd, 4319521.443, 61
Trd, 4319521.593, 61
Trd, 4319521.743, 63
Trd, 4319521.943, 105
Trd, 4319522.643, 140
Trd, 4319523.693, 65
Trd, 4319523.893, 66
Trd, 4319523.943, 64
Trd, 4319526.943, 140
Trd, 4319529.693, 140
Trd, 4319530.343, 140
Trd, 4319531.793, 140
Trd, 4319532.243, 140
Trd, 4319533.393, 140
Trd, 4319534.043, 140
Trd, 4319534.243, 140
Trd, 4319534.493, 140
Trd, 4319534.793, 140
Trd, 4319535.143, 139
Trd, 4319535.543, 140
Trd, 4319536.443, 136
Trd, 4319537.593, 140
Trd, 4319537.843, 140
Trd, 4319538.193, 140
Trd, 4319538.693, 135
Trd, 4319539.243, 132
Trd, 4319543.043, 140
Trd, 4319543.143, 140
Trd, 4319544.693, 140
Trd, 4319544.993, 140
Trd, 4319545.993, 140
Trd, 4319546.143, 140
Trd, 4319546.243, 140
Trd, 4319549.043, 140
Trd, 4319549.143, 140
Trd, 4319549.543, 140
Trd, 4319549.643, 140
Trd, 4319550.193, 140
Trd, 4319550.743, 140
Trd, 4319551.143, 133
Trd, 4319551.643, 98
Trd, 4319553.393, 69
Trd, 4319553.693, 68
Trd, 4319554.293, 69
Trd, 4319554.843, 69
Trd, 4319555.593, 60
Trd, 4319556.193, 69
Trd, 4319557.443, 60
Trd, 4319558.843, 60
Trd, 4319558.893, 60
Trd, 4319558.943, 61
Trd, 4319559.393, 60
Trd, 4319561.193, 60
Trd, 4319561.693, 60
Trd, 4319562.543, 61
Trd, 4319563.243, 60
Trd, 4319563.693, 60
Trd, 4319565.593, 60
Trd, 4319567.093, 60
Trd, 4319567.593, 60
Trd, 4319567.843, 60
Trd, 4319568.393, 66
Trd, 4319568.543, 64
Trd, 4319568.943, 126
Trd, 4319569.093, 64
Trd, 4319570.893, 61
Trd, 4319571.793, 62
Trd, 4319572.193, 68
Trd, 4319573.093, 60
Trd, 4319573.343, 60
Trd, 4319574.543, 60
Trd, 4319575.643, 60
Trd, 4319576.293, 60
Trd, 4319576.643, 60
Trd, 4319576.893, 60
Trd, 4319577.493, 60
Trd, 4319578.143, 63
Trd, 4319578.493, 64
Trd, 4319579.543, 99
Trd, 4319580.243, 66
Trd, 4319583.093, 60
Trd, 4319584.243, 60
Trd, 4319584.593, 60
Trd, 4319584.793, 60
Trd, 4319584.993, 61
Trd, 4319585.043, 60
Trd, 4319585.093, 63
Trd, 4319585.343, 60
Trd, 4319585.693, 60
Trd, 4319585.893, 60
Trd, 4319587.593, 68
Trd, 4319588.993, 67
Trd, 4319590.093, 140
Trd, 4319590.693, 102
Trd, 4319590.993, 103
Trd, 4319591.043, 96
Trd, 4319591.993, 139
Trd, 4319594.543, 140
Trd, 4319594.893, 140
Trd, 4319595.443, 140
Trd, 4319595.543, 140
Trd, 4319595.893, 140
Trd, 4319596.243, 140
Trd, 4319597.193, 140
Trd, 4319597.693, 140
Trd, 4319597.943, 140
Trd, 4319598.093, 139
Trd, 4319599.393, 140
Trd, 4319602.243, 140
Trd, 4319602.693, 140
Trd, 4319603.043, 140
Trd, 4319603.843, 140
Trd, 4319604.693, 140
Trd, 4319605.443, 140
Trd, 4319605.543, 140
Trd, 4319607.593, 140
Trd, 4319607.743, 140
Trd, 4319612.043, 140
Trd, 4319612.193, 140
Trd, 4319612.243, 140
Trd, 4319612.343, 140
Trd, 4319612.543, 140
Trd, 4319613.743, 140
Trd, 4319613.793, 140
Trd, 4319615.943, 140
Trd, 4319616.493, 140
Trd, 4319616.593, 140
Trd, 4319617.043, 140
Trd, 4319618.093, 140
Trd, 4319618.643, 140
Trd, 4319619.243, 140
Trd, 4319621.243, 140
Trd, 4319621.793, 140
Trd, 4319622.143, 140
Trd, 4319622.293, 140
Trd, 4319623.093, 139
Trd, 4319624.393, 131
Trd, 4319625.193, 89
Trd, 4319625.243, 87
Trd, 4319626.293, 128
Trd, 4319627.143, 69
Trd, 4319628.243, 67
Trd, 4319629.393, 69
Trd, 4319631.143, 60
Trd, 4319631.443, 60
Trd, 4319632.493, 60
Trd, 4319633.643, 60
Trd, 4319634.293, 60
Trd, 4319635.143, 60
Trd, 4319635.293, 64
Trd, 4319636.343, 64
Trd, 4319636.693, 64
Trd, 4319637.043, 63
Trd, 4319637.943, 60
Trd, 4319638.143, 60
Trd, 4319638.443, 61
Trd, 4319639.093, 60
Trd, 4319639.493, 62
Trd, 4319639.593, 63
Trd, 4319641.193, 65
Trd, 4319641.943, 67
Trd, 4319643.293, 140
Trd, 4319644.043, 140
Trd, 4319644.643, 138
Trd, 4319644.743, 99
Trd, 4319644.793, 98
Trd, 4319645.943, 138
Trd, 4319647.243, 140
Trd, 4319647.343, 140
Trd, 4319647.843, 140
Trd, 4319648.693, 136
Trd, 4319649.243, 136
Trd, 4319649.993, 136
Trd, 4319652.943, 140
Trd, 4319653.943, 140
Trd, 4319655.443, 140
Trd, 4319656.343, 140
Trd, 4319656.893, 140
Trd, 4319659.343, 140
Trd, 4319659.693, 140
Trd, 4319661.143, 140
Trd, 4319661.893, 140
Trd, 4319662.743, 140
Trd, 4319662.943, 140
Trd, 4319663.693, 140
Trd, 4319664.193, 140
Trd, 4319664.693, 140
Trd, 4319665.243, 140
Trd, 4319665.543, 140
Trd, 4319666.843, 140
Trd, 4319669.593, 140
Trd, 4319669.943, 140
Trd, 4319669.993, 140
Trd, 4319670.893, 140
Trd, 4319672.443, 140
Trd, 4319672.593, 140
Trd, 4319672.643, 140
Trd, 4319673.443, 140
Trd, 4319674.193, 140
Trd, 4319675.243, 140
Trd, 4319675.543, 127
Trd, 4319675.693, 85
Trd, 4319679.943, 140
Trd, 4319680.093, 140
Trd, 4319680.993, 140
Trd, 4319681.793, 140
Trd, 4319682.593, 140
Trd, 4319682.943, 140
Trd, 4319683.443, 140
Trd, 4319684.743, 140
Trd, 4319684.943, 140
Trd, 4319685.493, 140
Trd, 4319686.043, 140
Trd, 4319686.993, 140
Trd, 4319687.743, 140
Trd, 4319688.443, 140
Trd, 4319688.943, 140
Trd, 4319688.993, 140
Trd, 4319690.743, 140
Trd, 4319691.443, 140
Trd, 4319693.293, 140
Trd, 4319694.843, 140
Trd, 4319694.943, 140
Trd, 4319695.393, 140
Trd, 4319696.643, 140
Trd, 4319697.093, 140
Trd, 4319698.843, 140
Trd, 4319699.043, 140
Trd, 4319699.593, 140
Trd, 4319700.043, 140
Trd, 4319700.493, 140
Trd, 4319701.293, 140
Trd, 4319701.993, 140
Trd, 4319702.993, 140
Trd, 4319703.643, 140
Trd, 4319703.743, 140
Trd, 4319705.193, 140
Trd, 4319705.493, 140
Trd, 4319706.193, 140
Trd, 4319706.493, 140
Trd, 4319706.543, 133
Trd, 4319709.143, 140
Trd, 4319709.943, 140
Trd, 4319711.543, 140
Trd, 4319712.593, 140
Trd, 4319713.443, 140
Trd, 4319713.993, 140
Trd, 4319714.093, 140
Trd, 4319714.343, 140
Trd, 4319714.593, 140
Trd, 4319714.743, 133
Trd, 4319715.093, 140
Trd, 4319715.693, 140
Trd, 4319716.443, 140
Trd, 4319716.643, 140
Trd, 4319716.793, 140
Trd, 4319717.693, 139
Trd, 4319719.343, 140
Trd, 4319719.993, 140
Trd, 4319720.193, 131
Trd, 4319722.143, 111
Trd, 4319722.343, 68
Trd, 4319722.943, 72
Trd, 4319723.393, 73
Trd, 4319724.043, 79
Trd, 4319725.443, 140
Trd, 4319726.543, 140
Trd, 4319728.743, 140
Trd, 4319729.243, 140
Trd, 4319730.393, 140
Trd, 4319730.593, 140
Trd, 4319732.343, 140
Trd, 4319732.693, 140
Trd, 4319733.743, 140
Trd, 4319734.443, 140
Trd, 4319734.743, 140
Trd, 4319734.843, 140
Trd, 4319736.143, 140
Trd, 4319737.743, 140
Trd, 4319739.493, 140
Trd, 4319740.493, 140
Trd, 4319741.593, 140
Trd, 4319741.643, 140
Trd, 4319742.443, 140
Trd, 4319742.843, 140
Trd, 4319743.543, 128
Trd, 4319744.143, 136
Trd, 4319745.293, 60
Trd, 4319747.343, 60
Trd, 4319748.843, 60
Trd, 4319750.343, 60
Trd, 4319750.793, 60
Trd, 4319750.993, 60
Trd, 4319751.543, 60
Trd, 4319751.993, 60
Trd, 4319752.293, 61
Trd, 4319752.493, 65
Trd, 4319754.043, 140
Trd, 4319754.193, 140
Trd, 4319754.593, 140
Trd, 4319755.593, 140
Trd, 4319755.693, 140
Trd, 4319757.393, 140
Trd, 4319759.243, 60
Trd, 4319759.743, 60
Trd, 4319760.543, 60
Trd, 4319760.993, 60
Trd, 4319762.393, 64
Trd, 4319763.243, 63
Trd, 4319763.493, 63
Trd, 4319763.693, 65
Trd, 4319763.943, 65
Trd, 4319764.843, 69
Trd, 4319766.643, 122
Trd, 4319766.943, 87
Trd, 4319767.143, 85
Trd, 4319768.343, 92
Trd, 4319768.643, 138
Trd, 4319769.593, 94
Trd, 4319769.743, 94
Trd, 4319770.393, 91
Trd, 4319770.893, 86
Trd, 4319771.593, 92
Trd, 4319772.793, 90
Trd, 4319773.243, 90
Trd, 4319773.893, 66
Trd, 4319774.543, 78
Trd, 4319775.593, 60
Trd, 4319777.393, 60
Trd, 4319777.493, 60
Trd, 4319777.643, 61
Trd, 4319778.343, 62
Trd, 4319778.943, 60
Trd, 4319779.243, 71
Trd, 4319779.293, 72
Trd, 4319780.543, 112
Trd, 4319780.743, 64
Trd, 4319780.943, 62
Trd, 4319782.493, 61
Trd, 4319783.943, 61
Trd, 4319785.243, 62
Trd, 4319786.293, 60
Trd, 4319786.493, 60
Trd, 4319787.143, 61
Trd, 4319787.293, 62
Trd, 4319789.793, 140
Trd, 4319789.943, 140
Trd, 4319790.393, 140
Trd, 4319790.493, 139
Trd, 4319791.893, 128
Trd, 4319792.293, 132
Trd, 4319792.643, 133
Trd, 4319792.993, 121
Trd, 4319793.093, 120
Trd, 4319793.143, 118
Trd, 4319795.043, 133
Trd, 4319795.493, 63
Trd, 4319796.843, 128
Trd, 4319797.743, 69
Trd, 4319798.693, 61
Trd, 4319799.093, 79
Trd, 4319800.643, 116
Trd, 4319801.493, 72
Trd, 4319801.593, 74
Trd, 4319802.293, 73
Trd, 4319802.543, 74
Trd, 4319803.743, 138
Trd, 4319804.593, 81
Trd, 4319805.993, 86
Trd, 4319806.643, 89
Trd, 4319807.593, 140
Trd, 4319807.793, 140
Trd, 4319808.143, 128
Trd, 4319811.043, 140
Trd, 4319811.493, 140
Trd, 4319813.143, 140
Trd, 4319814.593, 140
Trd, 4319814.643, 140
Trd, 4319816.093, 140
Trd, 4319816.343, 140
Trd, 4319816.893, 140
Trd, 4319817.243, 140
Trd, 4319817.493, 140
Trd, 4319817.643, 140
Trd, 4319818.143, 127
Trd, 4319819.043, 94
Trd, 4319819.543, 137
Trd, 4319820.093, 138
Trd, 4319820.493, 95
Trd, 4319820.543, 140
Trd, 4319822.243, 91
Trd, 4319823.643, 94
Trd, 4319824.593, 91
Trd, 4319825.293, 134
Trd, 4319825.943, 136
Trd, 4319825.993, 135
Trd, 4319829.893, 140
Trd, 4319830.893, 140
Trd, 4319831.193, 140
Trd, 4319831.593, 140
Trd, 4319831.793, 140
Trd, 4319831.893, 140
Trd, 4319832.043, 139
Trd, 4319832.343, 138
Trd, 4319832.443, 116
Trd, 4319834.343, 62
Trd, 4319834.443, 70
Trd, 4319835.643, 65
Trd, 4319838.243, 140
Trd, 4319839.993, 140
Trd, 4319840.993, 140
Trd, 4319841.543, 140
Trd, 4319842.343, 140
Trd, 4319842.543, 140
Trd, 4319842.593, 140
Trd, 4319843.243, 140
Trd, 4319845.093, 140
Trd, 4319845.143, 140
Trd, 4319845.393, 140
Trd, 4319846.093, 140
Trd, 4319847.643, 135
Trd, 4319848.343, 135
Trd, 4319848.493, 136
Trd, 4319849.243, 140
Trd, 4319850.093, 140
Trd, 4319850.143, 140
Trd, 4319853.043, 140
Trd, 4319854.593, 140
Trd, 4319855.343, 140
Trd, 4319856.193, 140
Trd, 4319856.493, 140
Trd, 4319857.193, 140
Trd, 4319857.443, 140
Trd, 4319857.543, 140
Trd, 4319858.093, 118
Trd, 4319859.443, 140
Trd, 4319859.743, 134
Trd, 4319859.793, 133
Trd, 4319860.193, 140
Trd, 4319861.343, 140
Trd, 4319861.593, 140
Trd, 4319863.143, 140
Trd, 4319864.493, 140
Trd, 4319864.843, 140
Trd, 4319866.243, 140
Trd, 4319867.743, 140
Trd, 4319868.193, 140
Trd, 4319868.243, 140
Trd, 4319869.343, 140
Trd, 4319870.643, 140
Trd, 4319872.943, 140
Trd, 4319872.993, 140
Trd, 4319873.443, 140
Trd, 4319873.743, 140
Trd, 4319873.993, 140
Trd, 4319874.293, 140
Trd, 4319874.793, 140
Trd, 4319875.593, 140
Trd, 4319876.693, 140
Trd, 4319877.393, 140
Trd, 4319878.193, 140
Trd, 4319878.293, 140
Trd, 4319878.643, 140
Trd, 4319879.093, 70
Trd, 4319880.193, 140
Trd, 4319880.643, 139
Trd, 4319881.993, 140
Trd, 4319882.543, 140
Trd, 4319882.593, 140
Trd, 4319884.093, 139
Trd, 4319885.793, 134
Trd, 4319886.593, 138
Trd, 4319888.693, 140
Trd, 4319889.443, 140
Trd, 4319890.243, 140
Trd, 4319890.293, 140
Trd, 4319891.293, 140
Trd, 4319891.893, 140
Trd, 4319894.243, 140
Trd, 4319895.593, 140
Trd, 4319896.293, 140
Trd, 4319896.443, 140
Trd, 4319897.343, 140
Trd, 4319898.393, 140
Trd, 4319898.493, 140
Trd, 4319898.643, 140
Trd, 4319899.943, 140
Trd, 4319900.293, 140
Trd, 4319902.193, 140
Trd, 4319904.243, 140
Trd, 4319905.643, 140
Trd, 4319906.243, 140
Trd, 4319906.593, 140
Trd, 4319906.893, 140
Trd, 4319907.143, 138
Trd, 4319907.443, 138
Trd, 4319910.193, 140
Trd, 4319911.543, 140
Trd, 4319911.643, 140
Trd, 4319912.093, 140
Trd, 4319913.593, 140
Trd, 4319913.793, 140
Trd, 4319913.943, 140
Trd, 4319913.993, 140
Trd, 4319915.743, 140
Trd, 4319915.793, 140
Trd, 4319917.443, 138
Trd, 4319917.593, 128
Trd, 4319919.643, 140
Trd, 4319921.193, 140
Trd, 4319921.343, 140
Trd, 4319921.843, 140
Trd, 4319922.243, 140
Trd, 4319924.193, 140
Trd, 4319924.443, 140
Trd, 4319924.493, 140
Trd, 4319925.043, 138
Trd, 4319925.293, 140
Trd, 4319925.743, 139
Trd, 4319926.193, 132
Trd, 4319926.343, 131
Trd, 4319926.393, 96
Trd, 4319928.743, 60
Trd, 4319931.293, 140
Trd, 4319932.043, 140
Trd, 4319932.643, 140
Trd, 4319933.193, 140
Trd, 4319934.643, 140
Trd, 4319936.043, 140
Trd, 4319936.093, 140
Trd, 4319936.243, 133
Trd, 4319938.743, 60
Trd, 4319939.243, 60
Trd, 4319940.243, 60
Trd, 4319940.293, 60
Trd, 4319940.643, 62
Trd, 4319941.443, 60
Trd, 4319941.493, 60
Trd, 4319941.643, 61
Trd, 4319942.243, 62
Trd, 4319942.993, 139
Trd, 4319943.693, 69
Trd, 4319944.743, 140
Trd, 4319944.843, 138
Trd, 4319946.093, 60
Trd, 4319946.293, 61
Trd, 4319946.393, 62
Trd, 4319946.893, 64
Trd, 4319948.993, 137
Trd, 4319949.393, 69
Trd, 4319949.843, 72
Trd, 4319950.493, 138
Trd, 4319950.643, 73
Trd, 4319950.843, 72
Trd, 4319951.593, 136
Trd, 4319954.993, 62
Trd, 4319955.543, 62
Trd, 4319955.643, 63
Trd, 4319955.693, 64
Trd, 4319955.943, 66
Trd, 4319956.843, 67
Trd, 4319957.993, 72
Trd, 4319958.443, 73
Trd, 4319958.993, 106
Trd, 4319959.143, 70
Trd, 4319961.043, 78
Trd, 4319961.093, 77
Trd, 4319961.193, 75
Trd, 4319961.293, 122
Trd, 4319962.393, 138
Trd, 4319963.993, 60
Trd, 4319965.593, 104
Trd, 4319966.793, 98
Trd, 4319967.093, 96
Trd, 4319967.243, 101
Trd, 4319967.893, 104
Trd, 4319968.443, 98
Trd, 4319969.993, 106
Trd, 4319970.343, 137
Trd, 4319970.393, 106
Trd, 4319970.643, 124
Trd, 4319971.293, 125
Trd, 4319971.793, 135
Trd, 4319974.543, 140
Trd, 4319975.743, 140
Trd, 4319976.293, 140
Trd, 4319976.743, 140
Trd, 4319976.843, 140
Trd, 4319977.193, 139
Trd, 4319977.543, 136
Trd, 4319978.193, 134
Trd, 4319978.943, 127
Trd, 4319981.043, 72
Trd, 4319981.393, 131
Trd, 4319982.493, 106
Trd, 4319984.243, 140
Trd, 4319984.493, 140
Trd, 4319986.093, 140
Trd, 4319987.443, 140
Trd, 4319988.393, 140
Trd, 4319988.543, 140
Trd, 4319989.393, 140
Trd, 4319990.493, 140
Trd, 4319991.193, 140
Trd, 4319991.443, 140
Trd, 4319993.593, 140
Trd, 4319993.893, 140
Trd, 4319994.043, 140
Trd, 4319994.593, 140
Trd, 4319994.793, 139
Trd, 4319995.343, 140
Trd, 4319996.543, 140
Trd, 4319996.793, 140
Trd, 4319998.193, 140
Trd, 4319998.493, 140
Trd, 4319999.143, 140
