Trd, 4318088.793, 140
Trd, 4318089.943, 140
Trd, 4318090.093, 140
Trd, 4318090.543, 139
Trd, 4318092.043, 140
Trd, 4318092.543, 140
Trd, 4318094.193, 140
Trd, 4318095.493, 140
Trd, 4318096.243, 140
Trd, 4318096.543, 140
Trd, 4318097.043, 140
Trd, 4318098.493, 140
Trd, 4318098.643, 140
Trd, 4318099.643, 140
Trd, 4318100.993, 140
Trd, 4318101.643, 140
Trd, 4318102.193, 140
Trd, 4318102.893, 140
Trd, 4318103.393, 140
Trd, 4318104.793, 140
Trd, 4318104.943, 140
Trd, 4318105.143, 140
Trd, 4318106.193, 140
Trd, 4318107.293, 140
Trd, 4318107.343, 140
Trd, 4318108.593, 140
Trd, 4318109.443, 140
Trd, 4318110.943, 140
Trd, 4318111.543, 140
Trd, 4318112.293, 140
Trd, 4318112.343, 140
Trd, 4318113.193, 140
Trd, 4318113.793, 140
Trd, 4318114.443, 140
Trd, 4318114.493, 140
Trd, 4318116.443, 140
Trd, 4318117.493, 140
Trd, 4318118.243, 140
Trd, 4318118.443, 140
Trd, 4318118.693, 140
Trd, 4318119.043, 140
Trd, 4318119.493, 140
Trd, 4318120.293, 140
Trd, 4318120.393, 140
Trd, 4318120.993, 140
Trd, 4318122.193, 140
Trd, 4318124.143, 140
Trd, 4318124.493, 140
Trd, 4318125.443, 140
Trd, 4318125.643, 140
Trd, 4318126.593, 140
Trd, 4318126.993, 140
Trd, 4318127.093, 139
Trd, 4318127.243, 139
Trd, 4318129.493, 125
Trd, 4318130.993, 60
Trd, 4318131.093, 65
Trd, 4318133.243, 60
Trd, 4318134.893, 60
Trd, 4318135.093, 60
Trd, 4318135.543, 60
Trd, 4318135.743, 60
Trd, 4318135.943, 60
Trd, 4318137.393, 60
Trd, 4318138.993, 60
Trd, 4318139.793, 60
Trd, 4318141.093, 60
Trd, 4318141.293, 60
Trd, 4318141.543, 60
Trd, 4318141.593, 60
Trd, 4318141.893, 61
Trd, 4318142.393, 61
Trd, 4318142.493, 60
Trd, 4318143.843, 60
Trd, 4318147.793, 60
Trd, 4318148.293, 60
Trd, 4318149.393, 60
Trd, 4318149.543, 60
Trd, 4318149.693, 60
Trd, 4318149.843, 61
Trd, 4318149.943, 60
Trd, 4318150.393, 61
Trd, 4318151.243, 62
Trd, 4318152.043, 61
Trd, 4318152.443, 61
Trd, 4318152.643, 62
Trd, 4318152.843, 61
Trd, 4318152.993, 60
Trd, 4318154.593, 60
Trd, 4318155.943, 60
Trd, 4318158.093, 60
Trd, 4318159.393, 60
Trd, 4318159.493, 60
Trd, 4318161.243, 60
Trd, 4318161.693, 60
Trd, 4318162.093, 60
Trd, 4318162.293, 60
Trd, 4318162.443, 60
Trd, 4318162.493, 60
Trd, 4318162.893, 60
Trd, 4318164.443, 68
Trd, 4318164.543, 69
Trd, 4318164.893, 68
Trd, 4318165.143, 67
Trd, 4318166.893, 60
Trd, 4318169.343, 60
Trd, 4318171.193, 60
Trd, 4318172.543, 60
Trd, 4318172.593, 61
Trd, 4318173.243, 61
Trd, 4318173.543, 61
Trd, 4318174.043, 62
Trd, 4318174.443, 60
Trd, 4318174.543, 64
Trd, 4318175.843, 65
Trd, 4318175.943, 63
Trd, 4318177.893, 60
Trd, 4318180.093, 60
Trd, 4318182.693, 60
Trd, 4318182.943, 60
Trd, 4318184.393, 60
Trd, 4318184.493, 60
Trd, 4318184.893, 60
Trd, 4318185.193, 60
Trd, 4318185.243, 62
Trd, 4318185.843, 61
Trd, 4318186.143, 67
Trd, 4318186.643, 67
Trd, 4318187.743, 140
Trd, 4318188.043, 140
Trd, 4318188.193, 139
Trd, 4318190.543, 140
Trd, 4318190.593, 140
Trd, 4318191.143, 140
Trd, 4318192.643, 140
Trd, 4318193.193, 140
Trd, 4318194.093, 140
Trd, 4318195.993, 140
Trd, 4318197.543, 140
Trd, 4318198.893, 140
Trd, 4318198.943, 140
Trd, 4318200.043, 140
Trd, 4318200.293, 140
Trd, 4318201.393, 140
Trd, 4318201.443, 140
Trd, 4318201.643, 140
Trd, 4318203.043, 140
Trd, 4318204.093, 140
Trd, 4318204.693, 140
Trd, 4318205.243, 140
Trd, 4318206.343, 140
Trd, 4318206.443, 140
Trd, 4318206.643, 139
Trd, 4318207.443, 60
Trd, 4318209.743, 60
Trd, 4318213.143, 60
Trd, 4318213.193, 60
Trd, 4318213.243, 60
Trd, 4318213.443, 60
Trd, 4318213.493, 60
Trd, 4318213.743, 62
Trd, 4318214.343, 62
Trd, 4318214.843, 63
Trd, 4318215.293, 63
Trd, 4318215.643, 64
Trd, 4318215.693, 63
Trd, 4318215.793, 72
Trd, 4318216.443, 66
Trd, 4318217.843, 61
Trd, 4318219.693, 60
Trd, 4318221.343, 60
Trd, 4318223.243, 60
Trd, 4318223.293, 60
Trd, 4318223.543, 60
Trd, 4318223.693, 60
Trd, 4318223.993, 61
Trd, 4318224.243, 60
Trd, 4318224.593, 61
Trd, 4318225.643, 60
Trd, 4318225.693, 63
Trd, 4318226.543, 62
Trd, 4318227.293, 61
Trd, 4318228.043, 60
Trd, 4318230.093, 60
Trd, 4318230.393, 60
Trd, 4318231.343, 61
Trd, 4318232.893, 60
Trd, 4318236.693, 60
Trd, 4318236.743, 60
Trd, 4318236.793, 60
Trd, 4318237.343, 61
Trd, 4318237.593, 63
Trd, 4318237.943, 61
Trd, 4318238.143, 63
Trd, 4318239.093, 62
Trd, 4318240.693, 60
Trd, 4318242.093, 60
Trd, 4318243.093, 60
Trd, 4318244.293, 60
Trd, 4318244.893, 60
Trd, 4318245.843, 60
Trd, 4318247.493, 60
Trd, 4318247.593, 60
Trd, 4318247.993, 60
Trd, 4318248.093, 60
Trd, 4318249.293, 60
Trd, 4318249.593, 60
Trd, 4318249.643, 61
Trd, 4318250.743, 60
Trd, 4318250.893, 60
Trd, 4318253.593, 60
Trd, 4318254.893, 60
Trd, 4318255.443, 60
Trd, 4318257.893, 60
Trd, 4318258.093, 60
Trd, 4318258.443, 60
Trd, 4318259.943, 60
Trd, 4318259.993, 60
Trd, 4318260.143, 60
Trd, 4318260.993, 61
Trd, 4318261.093, 67
Trd, 4318261.893, 60
Trd, 4318262.793, 60
Trd, 4318262.893, 62
Trd, 4318264.343, 63
Trd, 4318264.593, 63
Trd, 4318264.793, 64
Trd, 4318265.043, 64
Trd, 4318265.393, 68
Trd, 4318265.993, 71
Trd, 4318267.493, 138
Trd, 4318267.543, 137
Trd, 4318269.243, 91
Trd, 4318269.843, 140
Trd, 4318271.043, 140
Trd, 4318271.443, 140
Trd, 4318272.143, 140
Trd, 4318273.993, 140
Trd, 4318274.093, 140
Trd, 4318274.793, 140
Trd, 4318275.043, 140
Trd, 4318275.993, 140
Trd, 4318277.043, 140
Trd, 4318277.293, 132
Trd, 4318278.593, 133
Trd, 4318279.493, 140
Trd, 4318280.093, 140
Trd, 4318280.193, 140
Trd, 4318280.243, 140
Trd, 4318282.793, 140
Trd, 4318283.293, 140
Trd, 4318283.343, 140
Trd, 4318283.393, 140
Trd, 4318285.043, 140
Trd, 4318285.843, 140
Trd, 4318286.093, 140
Trd, 4318286.143, 140
Trd, 4318288.943, 140
Trd, 4318289.143, 140
Trd, 4318289.993, 140
Trd, 4318290.993, 140
Trd, 4318292.893, 140
Trd, 4318294.543, 140
Trd, 4318294.693, 140
Trd, 4318294.793, 140
Trd, 4318295.343, 140
Trd, 4318296.493, 140
Trd, 4318296.593, 140
Trd, 4318296.943, 140
Trd, 4318298.693, 140
Trd, 4318300.043, 140
Trd, 4318300.393, 140
Trd, 4318300.493, 140
Trd, 4318301.693, 140
Trd, 4318303.093, 140
Trd, 4318303.743, 140
Trd, 4318303.893, 140
Trd, 4318303.993, 140
Trd, 4318305.743, 140
Trd, 4318305.843, 140
Trd, 4318306.393, 140
Trd, 4318306.793, 140
Trd, 4318307.443, 140
Trd, 4318308.293, 140
Trd, 4318308.543, 140
Trd, 4318308.643, 140
Trd, 4318308.843, 81
Trd, 4318309.943, 90
Trd, 4318312.443, 60
Trd, 4318313.943, 60
Trd, 4318314.043, 60
Trd, 4318314.843, 60
Trd, 4318314.943, 61
Trd, 4318315.093, 62
Trd, 4318315.593, 62
Trd, 4318315.743, 62
Trd, 4318316.293, 62
Trd, 4318317.643, 67
Trd, 4318318.143, 71
Trd, 4318318.443, 70
Trd, 4318319.543, 140
Trd, 4318321.443, 140
Trd, 4318322.343, 140
Trd, 4318322.693, 140
Trd, 4318323.243, 140
Trd, 4318323.893, 140
Trd, 4318325.393, 140
Trd, 4318325.543, 140
Trd, 4318326.943, 140
Trd, 4318327.493, 140
Trd, 4318327.543, 140
Trd, 4318329.043, 140
Trd, 4318329.443, 140
Trd, 4318330.093, 140
Trd, 4318330.193, 140
Trd, 4318330.843, 140
Trd, 4318333.243, 140
Trd, 4318333.843, 140
Trd, 4318335.093, 140
Trd, 4318335.593, 140
Trd, 4318335.793, 140
Trd, 4318336.543, 140
Trd, 4318337.993, 140
Trd, 4318338.643, 140
Trd, 4318340.343, 140
Trd, 4318340.693, 140
Trd, 4318341.743, 140
Trd, 4318341.843, 140
Trd, 4318343.243, 140
Trd, 4318345.043, 140
Trd, 4318345.993, 140
Trd, 4318346.293, 140
Trd, 4318347.293, 140
Trd, 4318348.193, 140
Trd, 4318348.443, 140
Trd, 4318348.993, 140
Trd, 4318350.493, 140
Trd, 4318351.693, 140
Trd, 4318352.443, 140
Trd, 4318352.843, 140
Trd, 4318353.143, 140
Trd, 4318353.743, 140
Trd, 4318356.143, 140
Trd, 4318356.443, 140
Trd, 4318356.493, 140
Trd, 4318357.043, 140
Trd, 4318357.743, 140
Trd, 4318358.893, 140
Trd, 4318358.943, 140
Trd, 4318359.093, 140
Trd, 4318359.393, 140
Trd, 4318361.543, 140
Trd, 4318361.993, 140
Trd, 4318362.443, 140
Trd, 4318362.843, 140
Trd, 4318363.593, 140
Trd, 4318364.793, 140
Trd, 4318365.693, 140
Trd, 4318365.893, 140
Trd, 4318366.793, 140
Trd, 4318366.993, 140
Trd, 4318368.243, 140
Trd, 4318368.693, 140
Trd, 4318368.893, 140
Trd, 4318369.793, 140
Trd, 4318370.543, 139
Trd, 4318371.893, 140
Trd, 4318372.693, 140
Trd, 4318374.143, 140
Trd, 4318374.993, 140
Trd, 4318375.343, 140
Trd, 4318376.243, 140
Trd, 4318376.893, 140
Trd, 4318377.743, 140
Trd, 4318377.843, 140
Trd, 4318379.243, 140
Trd, 4318379.893, 140
Trd, 4318380.643, 140
Trd, 4318381.293, 140
Trd, 4318381.943, 140
Trd, 4318382.893, 140
Trd, 4318382.993, 140
Trd, 4318385.193, 140
Trd, 4318385.693, 140
Trd, 4318386.093, 140
Trd, 4318387.393, 140
Trd, 4318388.393, 140
Trd, 4318388.843, 140
Trd, 4318389.643, 140
Trd, 4318389.843, 140
Trd, 4318391.243, 140
Trd, 4318391.543, 140
Trd, 4318391.993, 140
Trd, 4318394.043, 140
Trd, 4318394.593, 140
Trd, 4318395.443, 140
Trd, 4318395.843, 140
Trd, 4318396.893, 140
Trd, 4318397.693, 140
Trd, 4318397.743, 140
Trd, 4318397.893, 140
Trd, 4318398.743, 140
Trd, 4318399.293, 140
Trd, 4318399.593, 140
Trd, 4318399.643, 139
Trd, 4318400.093, 140
Trd, 4318400.443, 140
Trd, 4318400.793, 140
Trd, 4318401.343, 135
Trd, 4318403.543, 140
Trd, 4318403.693, 140
Trd, 4318404.143, 140
Trd, 4318404.343, 140
Trd, 4318404.443, 140
Trd, 4318404.493, 135
Trd, 4318405.443, 139
Trd, 4318407.393, 60
Trd, 4318408.243, 60
Trd, 4318409.393, 60
Trd, 4318411.393, 60
Trd, 4318411.443, 60
Trd, 4318411.543, 60
Trd, 4318411.643, 60
Trd, 4318412.293, 62
Trd, 4318412.393, 63
Trd, 4318412.743, 60
Trd, 4318413.143, 60
Trd, 4318413.793, 62
Trd, 4318414.743, 63
Trd, 4318415.293, 63
Trd, 4318415.393, 62
Trd, 4318415.543, 64
Trd, 4318416.793, 140
Trd, 4318417.293, 140
Trd, 4318417.343, 140
Trd, 4318421.193, 60
Trd, 4318422.693, 60
Trd, 4318423.243, 60
Trd, 4318425.393, 60
Trd, 4318425.543, 60
Trd, 4318426.293, 60
Trd, 4318426.543, 60
Trd, 4318426.793, 60
Trd, 4318427.343, 60
Trd, 4318429.943, 60
Trd, 4318430.193, 60
Trd, 4318433.943, 60
Trd, 4318433.993, 60
Trd, 4318434.093, 60
Trd, 4318434.193, 60
Trd, 4318434.643, 60
Trd, 4318435.293, 61
Trd, 4318435.943, 61
Trd, 4318436.243, 61
Trd, 4318437.393, 60
Trd, 4318437.693, 60
Trd, 4318438.093, 61
Trd, 4318440.093, 60
Trd, 4318441.193, 60
Trd, 4318442.443, 60
Trd, 4318442.843, 63
Trd, 4318444.043, 60
Trd, 4318444.643, 60
Trd, 4318444.893, 60
Trd, 4318446.193, 62
Trd, 4318446.693, 61
Trd, 4318448.343, 60
Trd, 4318449.843, 60
Trd, 4318450.143, 60
Trd, 4318450.793, 63
Trd, 4318451.143, 60
Trd, 4318451.893, 60
Trd, 4318451.943, 60
Trd, 4318452.543, 61
Trd, 4318452.793, 63
Trd, 4318453.093, 67
Trd, 4318454.443, 66
Trd, 4318454.643, 66
Trd, 4318454.843, 66
Trd, 4318455.143, 67
Trd, 4318455.393, 66
Trd, 4318456.243, 62
Trd, 4318456.893, 61
Trd, 4318459.393, 60
Trd, 4318460.593, 60
Trd, 4318460.943, 62
Trd, 4318462.793, 60
Trd, 4318463.643, 60
Trd, 4318464.343, 60
Trd, 4318464.493, 61
Trd, 4318465.093, 68
Trd, 4318465.143, 66
Trd, 4318465.593, 63
Trd, 4318465.943, 140
Trd, 4318466.343, 62
Trd, 4318466.943, 62
Trd, 4318469.893, 60
Trd, 4318470.143, 60
Trd, 4318470.443, 60
Trd, 4318472.143, 61
Trd, 4318473.643, 60
Trd, 4318474.793, 60
Trd, 4318474.843, 60
Trd, 4318475.043, 60
Trd, 4318475.643, 60
Trd, 4318475.993, 60
Trd, 4318476.193, 62
Trd, 4318476.643, 64
Trd, 4318477.193, 62
Trd, 4318477.443, 65
Trd, 4318478.193, 65
Trd, 4318478.393, 68
Trd, 4318478.793, 68
Trd, 4318479.543, 70
Trd, 4318480.793, 140
Trd, 4318481.243, 140
Trd, 4318481.693, 140
Trd, 4318483.093, 140
Trd, 4318484.193, 140
Trd, 4318484.243, 140
Trd, 4318485.293, 140
Trd, 4318486.893, 140
Trd, 4318487.343, 140
Trd, 4318487.843, 140
Trd, 4318489.243, 140
Trd, 4318489.343, 140
Trd, 4318490.243, 140
Trd, 4318490.593, 140
Trd, 4318491.143, 140
Trd, 4318492.043, 140
Trd, 4318492.193, 140
Trd, 4318492.643, 133
Trd, 4318493.293, 135
Trd, 4318493.343, 132
Trd, 4318494.893, 140
Trd, 4318495.943, 140
Trd, 4318498.593, 140
Trd, 4318499.143, 140
Trd, 4318499.193, 140
Trd, 4318500.243, 140
Trd, 4318500.993, 140
Trd, 4318501.643, 140
Trd, 4318502.793, 140
Trd, 4318503.943, 140
Trd, 4318504.093, 140
Trd, 4318504.593, 138
Trd, 4318505.193, 114
Trd, 4318505.343, 115
Trd, 4318507.293, 140
Trd, 4318507.393, 140
Trd, 4318507.543, 140
Trd, 4318508.743, 140
Trd, 4318510.643, 140
Trd, 4318510.893, 140
Trd, 4318511.643, 140
Trd, 4318512.143, 140
Trd, 4318512.293, 140
Trd, 4318512.993, 140
Trd, 4318514.093, 140
Trd, 4318514.643, 140
Trd, 4318514.793, 140
Trd, 4318516.443, 140
Trd, 4318516.643, 140
Trd, 4318517.393, 140
Trd, 4318517.993, 140
Trd, 4318519.343, 140
Trd, 4318519.743, 140
Trd, 4318521.093, 140
Trd, 4318521.993, 140
Trd, 4318522.243, 140
Trd, 4318523.993, 140
Trd, 4318524.043, 140
Trd, 4318525.293, 140
Trd, 4318525.843, 140
Trd, 4318525.993, 140
Trd, 4318526.893, 140
Trd, 4318527.293, 140
Trd, 4318528.043, 140
Trd, 4318529.243, 140
Trd, 4318529.943, 140
Trd, 4318530.593, 140
Trd, 4318531.143, 140
Trd, 4318532.093, 140
Trd, 4318532.693, 140
Trd, 4318532.843, 140
Trd, 4318533.443, 140
Trd, 4318534.793, 140
Trd, 4318535.843, 140
Trd, 4318537.793, 140
Trd, 4318539.193, 140
Trd, 4318539.343, 140
Trd, 4318540.143, 140
Trd, 4318540.743, 140
Trd, 4318541.543, 140
Trd, 4318542.043, 140
Trd, 4318543.693, 140
Trd, 4318544.343, 140
Trd, 4318544.943, 140
Trd, 4318545.493, 140
Trd, 4318546.693, 140
Trd, 4318546.943, 140
Trd, 4318547.043, 119
Trd, 4318547.743, 137
Trd, 4318548.743, 137
Trd, 4318550.893, 60
Trd, 4318553.143, 60
Trd, 4318554.243, 62
Trd, 4318554.443, 60
Trd, 4318554.743, 62
Trd, 4318554.993, 62
Trd, 4318555.193, 63
Trd, 4318557.193, 60
Trd, 4318559.443, 60
Trd, 4318560.493, 60
Trd, 4318560.993, 62
Trd, 4318562.943, 60
Trd, 4318563.693, 60
Trd, 4318563.743, 60
Trd, 4318564.293, 62
Trd, 4318564.343, 63
Trd, 4318564.593, 65
Trd, 4318565.493, 60
Trd, 4318566.043, 60
Trd, 4318566.193, 60
Trd, 4318567.593, 62
Trd, 4318568.393, 60
Trd, 4318569.693, 60
Trd, 4318573.643, 60
Trd, 4318573.743, 60
Trd, 4318573.943, 60
Trd, 4318574.943, 60
Trd, 4318575.043, 60
Trd, 4318575.343, 60
Trd, 4318575.993, 60
Trd, 4318576.343, 61
Trd, 4318576.843, 60
Trd, 4318578.093, 60
Trd, 4318578.243, 61
Trd, 4318579.693, 60
Trd, 4318580.443, 60
Trd, 4318580.593, 60
Trd, 4318581.593, 60
Trd, 4318583.143, 60
Trd, 4318583.443, 60
Trd, 4318583.493, 60
Trd, 4318583.743, 61
Trd, 4318584.593, 61
Trd, 4318584.893, 61
Trd, 4318586.593, 140
Trd, 4318586.743, 140
Trd, 4318587.343, 140
Trd, 4318587.843, 140
Trd, 4318589.493, 140
Trd, 4318590.193, 140
Trd, 4318591.293, 140
Trd, 4318592.243, 140
Trd, 4318592.343, 140
Trd, 4318593.093, 140
Trd, 4318593.493, 140
Trd, 4318593.543, 140
Trd, 4318593.993, 140
Trd, 4318594.443, 140
Trd, 4318596.543, 140
Trd, 4318597.543, 140
Trd, 4318597.743, 140
Trd, 4318598.343, 140
Trd, 4318598.543, 140
Trd, 4318599.193, 140
Trd, 4318599.593, 140
Trd, 4318601.343, 140
Trd, 4318601.943, 140
Trd, 4318603.043, 140
Trd, 4318603.343, 140
Trd, 4318603.843, 140
Trd, 4318604.343, 140
Trd, 4318605.543, 140
Trd, 4318607.493, 140
Trd, 4318607.893, 140
Trd, 4318608.143, 140
Trd, 4318608.943, 137
Trd, 4318609.793, 140
Trd, 4318609.893, 139
Trd, 4318611.793, 140
Trd, 4318612.343, 140
Trd, 4318613.593, 140
Trd, 4318613.743, 140
Trd, 4318613.943, 140
Trd, 4318615.593, 140
Trd, 4318616.293, 140
Trd, 4318616.343, 140
Trd, 4318617.193, 140
Trd, 4318617.243, 140
Trd, 4318618.343, 140
Trd, 4318619.843, 140
Trd, 4318620.943, 140
Trd, 4318621.443, 140
Trd, 4318622.193, 140
Trd, 4318622.393, 140
Trd, 4318622.693, 140
Trd, 4318622.993, 140
Trd, 4318624.443, 140
Trd, 4318625.143, 140
Trd, 4318626.343, 140
Trd, 4318626.543, 140
Trd, 4318626.743, 140
Trd, 4318628.593, 140
Trd, 4318628.643, 140
Trd, 4318629.943, 140
Trd, 4318630.943, 140
Trd, 4318631.393, 140
Trd, 4318632.043, 140
Trd, 4318633.243, 140
Trd, 4318633.493, 140
Trd, 4318633.743, 140
Trd, 4318634.843, 140
Trd, 4318635.943, 140
Trd, 4318636.743, 140
Trd, 4318637.643, 140
Trd, 4318637.693, 140
Trd, 4318638.093, 140
Trd, 4318639.543, 140
Trd, 4318640.893, 140
Trd, 4318641.193, 140
Trd, 4318641.743, 140
Trd, 4318642.593, 140
Trd, 4318642.893, 140
Trd, 4318643.093, 140
Trd, 4318643.743, 134
Trd, 4318645.093, 140
Trd, 4318646.493, 130
Trd, 4318647.143, 133
Trd, 4318647.693, 137
Trd, 4318649.643, 140
Trd, 4318649.843, 140
Trd, 4318650.493, 140
Trd, 4318651.193, 140
Trd, 4318651.793, 140
Trd, 4318651.893, 140
Trd, 4318652.143, 140
Trd, 4318652.493, 140
Trd, 4318652.543, 140
Trd, 4318653.293, 139
Trd, 4318653.843, 140
Trd, 4318654.093, 115
Trd, 4318656.693, 60
Trd, 4318657.543, 60
Trd, 4318659.543, 60
Trd, 4318660.093, 60
Trd, 4318660.293, 60
Trd, 4318660.743, 61
Trd, 4318661.493, 60
Trd, 4318661.743, 60
Trd, 4318662.043, 60
Trd, 4318662.943, 61
Trd, 4318665.793, 60
Trd, 4318667.843, 60
Trd, 4318668.343, 60
Trd, 4318668.393, 60
Trd, 4318668.743, 61
Trd, 4318669.493, 61
Trd, 4318670.243, 60
Trd, 4318670.493, 60
Trd, 4318671.943, 61
Trd, 4318672.843, 61
Trd, 4318672.893, 61
Trd, 4318673.693, 64
Trd, 4318674.343, 140
Trd, 4318674.593, 140
Trd, 4318674.793, 140
Trd, 4318675.693, 140
Trd, 4318675.743, 140
Trd, 4318676.743, 140
Trd, 4318677.743, 140
Trd, 4318678.443, 136
Trd, 4318679.843, 140
Trd, 4318680.043, 140
Trd, 4318680.793, 140
Trd, 4318681.093, 140
Trd, 4318682.793, 140
Trd, 4318683.193, 140
Trd, 4318683.243, 140
Trd, 4318684.793, 140
Trd, 4318685.793, 140
Trd, 4318686.443, 140
Trd, 4318686.593, 140
Trd, 4318686.993, 140
Trd, 4318687.493, 140
Trd, 4318688.543, 140
Trd, 4318688.593, 140
Trd, 4318689.593, 140
Trd, 4318690.943, 140
Trd, 4318691.743, 140
Trd, 4318693.043, 140
Trd, 4318693.293, 140
Trd, 4318693.693, 140
Trd, 4318694.243, 140
Trd, 4318695.193, 140
Trd, 4318696.543, 140
Trd, 4318697.293, 140
Trd, 4318698.293, 140
Trd, 4318698.393, 140
Trd, 4318700.293, 140
Trd, 4318700.593, 140
Trd, 4318701.093, 140
Trd, 4318701.443, 140
Trd, 4318702.193, 140
Trd, 4318702.493, 140
Trd, 4318703.993, 140
Trd, 4318704.693, 140
Trd, 4318705.393, 140
Trd, 4318705.843, 140
Trd, 4318706.593, 140
Trd, 4318706.943, 140
Trd, 4318709.243, 140
Trd, 4318710.093, 140
Trd, 4318710.193, 140
Trd, 4318711.193, 140
Trd, 4318711.793, 140
Trd, 4318712.143, 140
Trd, 4318712.993, 140
Trd, 4318713.443, 136
Trd, 4318714.593, 131
Trd, 4318715.293, 134
Trd, 4318715.943, 136
Trd, 4318716.343, 136
Trd, 4318718.143, 139
Trd, 4318718.443, 139
Trd, 4318718.893, 139
Trd, 4318719.493, 140
Trd, 4318720.643, 140
Trd, 4318720.793, 140
Trd, 4318721.543, 140
Trd, 4318721.793, 140
Trd, 4318721.843, 140
Trd, 4318722.993, 140
Trd, 4318723.343, 140
Trd, 4318723.843, 60
Trd, 4318725.443, 133
Trd, 4318726.193, 134
Trd, 4318726.343, 137
Trd, 4318726.393, 132
Trd, 4318727.943, 140
Trd, 4318728.193, 140
Trd, 4318729.443, 140
Trd, 4318730.343, 140
Trd, 4318730.543, 140
Trd, 4318733.043, 140
Trd, 4318733.193, 140
Trd, 4318733.843, 140
Trd, 4318734.643, 140
Trd, 4318734.943, 140
Trd, 4318736.493, 140
Trd, 4318736.543, 140
Trd, 4318736.893, 140
Trd, 4318738.393, 140
Trd, 4318739.943, 140
Trd, 4318740.193, 140
Trd, 4318740.593, 140
Trd, 4318741.543, 140
Trd, 4318742.343, 140
Trd, 4318742.393, 140
Trd, 4318742.993, 140
Trd, 4318743.943, 140
Trd, 4318746.443, 140
Trd, 4318746.593, 140
Trd, 4318748.043, 140
Trd, 4318749.393, 140
Trd, 4318749.543, 140
Trd, 4318750.243, 140
Trd, 4318751.043, 140
Trd, 4318751.693, 140
Trd, 4318751.743, 140
Trd, 4318752.743, 140
Trd, 4318752.843, 140
Trd, 4318752.943, 140
Trd, 4318754.693, 140
Trd, 4318755.243, 140
Trd, 4318756.243, 140
Trd, 4318756.543, 140
Trd, 4318757.743, 140
Trd, 4318758.093, 140
Trd, 4318758.993, 140
Trd, 4318759.293, 140
Trd, 4318760.093, 140
Trd, 4318760.693, 140
Trd, 4318761.643, 140
Trd, 4318762.043, 140
Trd, 4318762.093, 140
Trd, 4318763.593, 140
Trd, 4318764.143, 140
Trd, 4318765.843, 140
Trd, 4318766.093, 140
Trd, 4318766.293, 140
Trd, 4318768.693, 140
Trd, 4318770.193, 140
Trd, 4318770.643, 140
Trd, 4318771.443, 140
Trd, 4318771.993, 140
Trd, 4318772.043, 140
Trd, 4318772.393, 140
Trd, 4318772.493, 140
Trd, 4318772.543, 140
Trd, 4318774.443, 140
Trd, 4318774.743, 140
Trd, 4318775.543, 140
Trd, 4318775.993, 140
Trd, 4318776.543, 140
Trd, 4318776.943, 140
Trd, 4318778.243, 140
Trd, 4318778.443, 140
Trd, 4318778.743, 140
Trd, 4318779.893, 140
Trd, 4318782.093, 140
Trd, 4318782.443, 140
Trd, 4318784.543, 140
Trd, 4318785.793, 140
Trd, 4318786.343, 140
Trd, 4318786.743, 140
Trd, 4318787.043, 140
Trd, 4318787.993, 140
Trd, 4318788.243, 140
Trd, 4318789.343, 140
Trd, 4318789.893, 140
Trd, 4318790.593, 140
Trd, 4318791.743, 140
Trd, 4318791.893, 140
Trd, 4318792.293, 140
Trd, 4318792.893, 140
Trd, 4318793.093, 140
Trd, 4318793.893, 140
Trd, 4318795.893, 140
Trd, 4318796.543, 140
Trd, 4318797.193, 140
Trd, 4318797.343, 140
Trd, 4318798.493, 140
Trd, 4318799.443, 140
Trd, 4318800.593, 140
Trd, 4318801.593, 140
Trd, 4318802.143, 140
Trd, 4318802.343, 140
Trd, 4318802.393, 140
Trd, 4318803.343, 140
Trd, 4318803.743, 140
Trd, 4318804.293, 140
Trd, 4318805.543, 140
Trd, 4318806.543, 140
Trd, 4318807.493, 140
Trd, 4318807.543, 140
Trd, 4318808.193, 140
Trd, 4318808.443, 140
Trd, 4318809.543, 140
Trd, 4318810.043, 140
Trd, 4318811.693, 140
Trd, 4318812.143, 140
Trd, 4318812.343, 140
Trd, 4318812.993, 140
Trd, 4318813.743, 140
Trd, 4318813.943, 140
Trd, 4318814.193, 140
Trd, 4318814.393, 140
Trd, 4318815.493, 138
Trd, 4318816.343, 134
Trd, 4318816.593, 132
Trd, 4318816.743, 67
Trd, 4318819.893, 60
Trd, 4318821.693, 60
Trd, 4318821.993, 61
Trd, 4318822.343, 60
Trd, 4318824.343, 60
Trd, 4318824.743, 61
Trd, 4318824.793, 62
Trd, 4318825.043, 62
Trd, 4318825.293, 61
Trd, 4318825.843, 70
Trd, 4318826.543, 63
Trd, 4318827.043, 62
Trd, 4318827.543, 63
Trd, 4318829.643, 60
Trd, 4318829.793, 60
Trd, 4318829.993, 60
Trd, 4318830.093, 61
Trd, 4318830.493, 61
Trd, 4318830.993, 60
Trd, 4318834.443, 60
Trd, 4318835.493, 60
Trd, 4318838.593, 60
Trd, 4318839.193, 60
Trd, 4318839.343, 60
Trd, 4318839.443, 60
Trd, 4318839.643, 61
Trd, 4318839.943, 60
Trd, 4318839.993, 61
Trd, 4318840.243, 60
Trd, 4318840.943, 65
Trd, 4318841.143, 60
Trd, 4318842.343, 65
Trd, 4318846.493, 60
Trd, 4318848.443, 60
Trd, 4318848.493, 60
Trd, 4318849.043, 60
Trd, 4318849.493, 60
Trd, 4318849.693, 62
Trd, 4318849.793, 61
Trd, 4318850.493, 64
Trd, 4318850.793, 63
Trd, 4318852.743, 64
Trd, 4318854.243, 60
Trd, 4318857.543, 60
Trd, 4318857.693, 60
Trd, 4318858.343, 60
Trd, 4318858.393, 60
Trd, 4318858.643, 60
Trd, 4318859.193, 61
Trd, 4318859.293, 62
Trd, 4318859.443, 64
Trd, 4318859.643, 62
Trd, 4318860.643, 60
Trd, 4318861.543, 60
Trd, 4318864.593, 60
Trd, 4318866.993, 60
Trd, 4318868.293, 60
Trd, 4318868.343, 60
Trd, 4318868.393, 60
Trd, 4318868.693, 60
Trd, 4318868.993, 60
Trd, 4318869.093, 60
Trd, 4318869.593, 63
Trd, 4318870.093, 60
Trd, 4318870.343, 60
Trd, 4318871.143, 61
Trd, 4318871.343, 60
Trd, 4318874.943, 60
Trd, 4318877.893, 60
Trd, 4318878.243, 60
Trd, 4318879.643, 60
Trd, 4318879.743, 60
Trd, 4318880.093, 60
Trd, 4318880.193, 61
Trd, 4318880.293, 60
Trd, 4318880.393, 64
Trd, 4318881.693, 61
Trd, 4318882.143, 61
Trd, 4318882.493, 62
Trd, 4318883.143, 62
Trd, 4318883.293, 62
Trd, 4318883.443, 62
Trd, 4318883.993, 61
Trd, 4318886.693, 60
Trd, 4318888.193, 60
Trd, 4318888.793, 60
Trd, 4318889.493, 60
Trd, 4318891.093, 61
Trd, 4318891.343, 62
Trd, 4318891.643, 61
Trd, 4318892.093, 62
Trd, 4318892.143, 61
Trd, 4318892.793, 62
Trd, 4318892.993, 60
Trd, 4318893.993, 63
Trd, 4318896.143, 60
Trd, 4318896.793, 60
Trd, 4318897.693, 60
Trd, 4318897.893, 60
Trd, 4318898.543, 60
Trd, 4318898.993, 61
Trd, 4318899.393, 60
Trd, 4318899.893, 61
Trd, 4318900.393, 62
Trd, 4318900.693, 64
Trd, 4318901.043, 63
Trd, 4318902.993, 60
Trd, 4318904.393, 60
Trd, 4318904.743, 60
Trd, 4318905.793, 60
Trd, 4318907.893, 60
Trd, 4318908.143, 60
Trd, 4318910.343, 60
Trd, 4318912.043, 60
Trd, 4318912.743, 61
Trd, 4318915.093, 60
Trd, 4318915.593, 61
Trd, 4318915.843, 60
Trd, 4318916.643, 60
Trd, 4318917.043, 62
Trd, 4318917.493, 61
Trd, 4318917.693, 61
Trd, 4318918.343, 61
Trd, 4318918.393, 62
Trd, 4318920.843, 60
Trd, 4318926.893, 60
Trd, 4318926.993, 60
Trd, 4318927.643, 60
Trd, 4318927.743, 60
Trd, 4318927.843, 61
Trd, 4318928.143, 60
Trd, 4318928.293, 67
Trd, 4318929.593, 64
Trd, 4318929.643, 67
Trd, 4318929.743, 63
Trd, 4318930.893, 61
Trd, 4318932.793, 60
Trd, 4318932.893, 60
Trd, 4318935.143, 60
Trd, 4318937.793, 60
Trd, 4318938.393, 60
Trd, 4318938.893, 60
Trd, 4318939.193, 60
Trd, 4318939.343, 60
Trd, 4318939.743, 60
Trd, 4318939.793, 61
Trd, 4318940.243, 63
Trd, 4318940.443, 65
Trd, 4318940.543, 65
Trd, 4318940.893, 62
Trd, 4318945.443, 60
Trd, 4318945.843, 60
Trd, 4318946.343, 60
Trd, 4318947.193, 60
Trd, 4318947.843, 60
Trd, 4318947.943, 60
Trd, 4318948.093, 61
Trd, 4318948.593, 62
Trd, 4318949.843, 63
Trd, 4318950.093, 62
Trd, 4318950.393, 61
Trd, 4318950.593, 60
Trd, 4318953.743, 60
Trd, 4318954.293, 60
Trd, 4318955.143, 60
Trd, 4318956.343, 60
Trd, 4318956.543, 60
Trd, 4318956.893, 61
Trd, 4318957.043, 63
Trd, 4318957.493, 61
Trd, 4318957.943, 61
Trd, 4318958.543, 61
Trd, 4318958.593, 60
Trd, 4318959.643, 62
Trd, 4318960.993, 60
Trd, 4318961.743, 60
Trd, 4318962.243, 60
Trd, 4318966.793, 60
Trd, 4318966.843, 60
Trd, 4318968.393, 60
Trd, 4318970.493, 60
Trd, 4318970.743, 60
Trd, 4318970.793, 60
Trd, 4318971.293, 60
Trd, 4318971.343, 63
Trd, 4318971.643, 63
Trd, 4318973.443, 61
Trd, 4318973.893, 62
Trd, 4318976.043, 60
Trd, 4318976.693, 60
Trd, 4318977.093, 60
Trd, 4318977.343, 61
Trd, 4318977.693, 61
Trd, 4318978.143, 63
Trd, 4318978.343, 63
Trd, 4318978.743, 61
Trd, 4318978.893, 63
Trd, 4318979.443, 65
Trd, 4318982.493, 60
Trd, 4318986.243, 60
Trd, 4318987.293, 60
Trd, 4318988.143, 60
Trd, 4318988.243, 60
Trd, 4318988.343, 62
Trd, 4318988.993, 62
Trd, 4318989.243, 63
Trd, 4318989.293, 62
Trd, 4318989.393, 62
Trd, 4318989.543, 67
Trd, 4318991.493, 62
Trd, 4318992.093, 63
Trd, 4318995.743, 60
Trd, 4318996.193, 60
Trd, 4318996.393, 60
Trd, 4318996.693, 60
Trd, 4318996.743, 60
Trd, 4318996.943, 60
Trd, 4318997.043, 61
Trd, 4318997.793, 60
Trd, 4318998.443, 61
Trd, 4318998.743, 60
Trd, 4318999.443, 60
Trd, 4319002.993, 60
Trd, 4319003.193, 60
Trd, 4319004.493, 60
Trd, 4319006.593, 60
Trd, 4319006.643, 60
Trd, 4319006.743, 60
Trd, 4319006.943, 60
Trd, 4319007.493, 65
Trd, 4319007.943, 63
Trd, 4319008.143, 64
Trd, 4319008.393, 64
Trd, 4319008.593, 69
Trd, 4319010.993, 60
Trd, 4319013.893, 60
Trd, 4319014.193, 60
Trd, 4319015.793, 60
Trd, 4319015.993, 60
Trd, 4319016.043, 61
Trd, 4319016.093, 61
Trd, 4319016.493, 61
Trd, 4319016.843, 63
Trd, 4319016.993, 63
Trd, 4319017.493, 62
Trd, 4319018.893, 60
Trd, 4319020.943, 60
Trd, 4319021.593, 60
Trd, 4319024.543, 60
Trd, 4319025.393, 60
Trd, 4319025.543, 60
Trd, 4319025.693, 61
Trd, 4319025.793, 61
Trd, 4319026.143, 61
Trd, 4319026.593, 60
Trd, 4319027.043, 61
Trd, 4319029.393, 60
Trd, 4319030.843, 60
Trd, 4319030.893, 60
Trd, 4319031.843, 60
Trd, 4319033.193, 60
Trd, 4319033.493, 60
Trd, 4319033.693, 60
Trd, 4319033.743, 61
Trd, 4319033.793, 63
Trd, 4319034.443, 62
Trd, 4319034.993, 64
Trd, 4319035.543, 65
Trd, 4319035.743, 60
Trd, 4319035.793, 63
Trd, 4319038.043, 64
Trd, 4319038.193, 65
Trd, 4319040.143, 61
Trd, 4319040.393, 60
Trd, 4319040.493, 61
Trd, 4319040.643, 62
Trd, 4319040.943, 60
Trd, 4319042.293, 63
Trd, 4319042.693, 64
Trd, 4319043.043, 79
Trd, 4319043.193, 65
Trd, 4319043.543, 64
Trd, 4319045.593, 139
Trd, 4319045.693, 139
Trd, 4319045.993, 138
Trd, 4319047.493, 138
Trd, 4319047.643, 137
Trd, 4319048.393, 140
Trd, 4319048.593, 140
Trd, 4319050.593, 140
Trd, 4319050.893, 140
Trd, 4319052.743, 140
Trd, 4319052.943, 140
Trd, 4319054.093, 140
Trd, 4319054.393, 140
Trd, 4319054.643, 140
Trd, 4319057.943, 140
Trd, 4319058.093, 140
Trd, 4319058.893, 140
Trd, 4319059.443, 140
Trd, 4319059.743, 140
Trd, 4319059.993, 140
Trd, 4319060.643, 140
Trd, 4319061.043, 140
Trd, 4319061.143, 140
Trd, 4319061.643, 140
Trd, 4319062.893, 124
Trd, 4319064.793, 140
Trd, 4319064.993, 140
Trd, 4319065.193, 140
Trd, 4319065.743, 140
Trd, 4319066.593, 140
Trd, 4319068.343, 140
Trd, 4319068.693, 140
Trd, 4319068.993, 140
Trd, 4319069.143, 140
Trd, 4319070.143, 140
Trd, 4319071.943, 140
Trd, 4319072.293, 140
Trd, 4319073.793, 140
Trd, 4319074.543, 140
Trd, 4319075.343, 140
Trd, 4319075.493, 140
Trd, 4319076.993, 140
Trd, 4319077.143, 140
Trd, 4319077.393, 140
Trd, 4319078.793, 140
Trd, 4319080.093, 140
Trd, 4319080.793, 140
Trd, 4319080.893, 140
Trd, 4319081.193, 140
Trd, 4319082.593, 140
Trd, 4319083.393, 140
Trd, 4319083.443, 140
Trd, 4319084.743, 140
Trd, 4319085.493, 140
Trd, 4319085.943, 140
Trd, 4319086.743, 140
Trd, 4319086.993, 140
Trd, 4319087.843, 64
Trd, 4319088.543, 62
Trd, 4319089.093, 64
Trd, 4319091.493, 60
Trd, 4319091.693, 60
Trd, 4319093.293, 60
Trd, 4319093.643, 60
Trd, 4319094.693, 61
Trd, 4319094.793, 69
Trd, 4319095.693, 64
Trd, 4319095.893, 62
Trd, 4319096.743, 60
Trd, 4319096.793, 60
Trd, 4319097.743, 67
Trd, 4319097.843, 68
Trd, 4319102.093, 60
Trd, 4319102.393, 60
Trd, 4319104.143, 60
Trd, 4319104.293, 60
Trd, 4319104.593, 61
Trd, 4319105.243, 69
Trd, 4319105.343, 68
Trd, 4319105.693, 71
Trd, 4319105.993, 73
Trd, 4319106.493, 74
Trd, 4319108.743, 140
Trd, 4319108.893, 140
Trd, 4319108.943, 140
Trd, 4319109.393, 84
Trd, 4319109.893, 83
Trd, 4319111.993, 60
Trd, 4319112.043, 60
Trd, 4319114.893, 60
Trd, 4319115.643, 60
Trd, 4319116.043, 60
Trd, 4319116.943, 62
Trd, 4319117.143, 63
Trd, 4319117.193, 62
Trd, 4319117.443, 61
Trd, 4319117.793, 63
Trd, 4319117.893, 62
Trd, 4319118.943, 61
Trd, 4319119.193, 60
Trd, 4319120.293, 61
Trd, 4319124.193, 60
Trd, 4319124.843, 60
Trd, 4319125.443, 60
Trd, 4319125.693, 60
Trd, 4319125.743, 60
Trd, 4319128.043, 60
Trd, 4319128.843, 60
Trd, 4319129.193, 60
Trd, 4319130.143, 60
Trd, 4319131.043, 61
Trd, 4319133.843, 60
Trd, 4319134.043, 60
Trd, 4319134.243, 60
Trd, 4319134.593, 61
Trd, 4319135.293, 63
Trd, 4319135.643, 63
Trd, 4319136.343, 65
Trd, 4319136.693, 62
Trd, 4319137.593, 60
Trd, 4319140.143, 60
Trd, 4319140.243, 60
Trd, 4319141.243, 60
Trd, 4319141.643, 60
Trd, 4319142.843, 61
Trd, 4319142.943, 61
Trd, 4319143.043, 62
Trd, 4319143.393, 61
Trd, 4319143.543, 60
Trd, 4319143.593, 70
Trd, 4319144.343, 60
Trd, 4319145.593, 65
Trd, 4319146.393, 68
Trd, 4319146.693, 66
Trd, 4319147.393, 117
Trd, 4319147.793, 116
Trd, 4319150.243, 140
Trd, 4319150.493, 140
Trd, 4319151.693, 140
Trd, 4319153.843, 140
Trd, 4319153.993, 140
Trd, 4319154.193, 140
Trd, 4319155.893, 140
Trd, 4319156.493, 140
Trd, 4319156.793, 140
Trd, 4319157.543, 140
Trd, 4319157.643, 140
Trd, 4319157.743, 140
Trd, 4319158.443, 140
Trd, 4319159.443, 140
Trd, 4319160.043, 140
Trd, 4319160.343, 140
Trd, 4319161.043, 140
Trd, 4319161.893, 140
Trd, 4319163.593, 140
Trd, 4319163.993, 140
Trd, 4319164.843, 140
Trd, 4319166.443, 140
Trd, 4319166.993, 140
Trd, 4319167.043, 140
Trd, 4319167.243, 140
Trd, 4319168.493, 140
Trd, 4319170.143, 140
Trd, 4319171.743, 140
Trd, 4319172.143, 140
Trd, 4319173.443, 140
Trd, 4319173.743, 140
Trd, 4319173.843, 140
Trd, 4319174.843, 140
Trd, 4319176.143, 140
Trd, 4319176.343, 140
Trd, 4319177.743, 140
Trd, 4319178.593, 140
Trd, 4319179.543, 140
Trd, 4319179.993, 140
Trd, 4319180.293, 140
Trd, 4319180.393, 140
Trd, 4319180.493, 94
Trd, 4319183.493, 60
Trd, 4319184.543, 60
Trd, 4319184.743, 60
Trd, 4319186.093, 60
Trd, 4319186.193, 60
Trd, 4319186.443, 61
Trd, 4319186.943, 60
Trd, 4319187.043, 61
Trd, 4319187.743, 60
Trd, 4319188.343, 60
Trd, 4319191.493, 60
Trd, 4319192.443, 60
Trd, 4319192.793, 61
Trd, 4319193.443, 60
Trd, 4319194.793, 60
Trd, 4319195.193, 60
Trd, 4319195.393, 60
Trd, 4319195.693, 60
Trd, 4319196.193, 60
Trd, 4319196.793, 60
Trd, 4319199.193, 60
Trd, 4319199.743, 60
Trd, 4319200.593, 60
Trd, 4319201.643, 60
Trd, 4319201.843, 60
Trd, 4319202.443, 60
Trd, 4319202.943, 61
Trd, 4319204.343, 60
Trd, 4319206.193, 61
Trd, 4319206.593, 62
Trd, 4319208.643, 60
Trd, 4319209.343, 61
Trd, 4319209.393, 60
Trd, 4319209.893, 62
Trd, 4319209.993, 61
Trd, 4319210.643, 62
Trd, 4319211.593, 61
Trd, 4319211.943, 62
Trd, 4319211.993, 69
Trd, 4319212.593, 60
Trd, 4319214.593, 69
Trd, 4319214.943, 70
Trd, 4319216.643, 140
Trd, 4319216.893, 140
Trd, 4319217.893, 140
Trd, 4319218.493, 140
Trd, 4319218.543, 140
Trd, 4319218.743, 140
Trd, 4319220.393, 140
Trd, 4319221.143, 140
Trd, 4319221.743, 140
Trd, 4319223.693, 140
Trd, 4319223.793, 140
Trd, 4319224.293, 140
Trd, 4319224.543, 140
Trd, 4319224.693, 140
Trd, 4319225.593, 140
Trd, 4319225.843, 140
Trd, 4319226.793, 62
Trd, 4319228.043, 140
Trd, 4319228.643, 140
Trd, 4319228.743, 133
Trd, 4319230.993, 140
Trd, 4319231.093, 140
Trd, 4319231.643, 140
Trd, 4319233.093, 140
Trd, 4319233.493, 140
Trd, 4319233.993, 140
Trd, 4319236.093, 140
Trd, 4319236.693, 140
Trd, 4319238.393, 140
Trd, 4319239.593, 140
Trd, 4319239.693, 140
Trd, 4319239.743, 140
Trd, 4319241.243, 140
Trd, 4319242.043, 140
Trd, 4319243.043, 140
Trd, 4319243.293, 140
Trd, 4319243.393, 140
Trd, 4319244.743, 140
Trd, 4319244.943, 140
Trd, 4319245.043, 140
Trd, 4319245.693, 140
Trd, 4319246.143, 140
Trd, 4319247.293, 140
Trd, 4319248.443, 140
Trd, 4319248.943, 140
Trd, 4319249.493, 140
Trd, 4319250.543, 140
Trd, 4319250.893, 140
Trd, 4319251.393, 140
Trd, 4319252.993, 140
Trd, 4319253.193, 140
Trd, 4319253.593, 140
Trd, 4319254.993, 140
Trd, 4319256.293, 140
Trd, 4319256.443, 140
Trd, 4319256.793, 139
Trd, 4319257.793, 140
Trd, 4319258.743, 140
Trd, 4319259.243, 140
Trd, 4319259.743, 140
Trd, 4319260.093, 132
Trd, 4319260.443, 140
Trd, 4319264.943, 60
Trd, 4319265.493, 60
Trd, 4319265.593, 60
Trd, 4319266.093, 61
Trd, 4319266.193, 62
Trd, 4319266.743, 63
Trd, 4319266.793, 62
Trd, 4319266.993, 61
Trd, 4319267.543, 61
Trd, 4319268.443, 60
Trd, 4319268.643, 61
Trd, 4319270.343, 60
Trd, 4319272.843, 60
Trd, 4319275.143, 60
Trd, 4319275.293, 60
Trd, 4319275.343, 60
Trd, 4319275.843, 60
Trd, 4319276.143, 61
Trd, 4319276.293, 60
Trd, 4319276.443, 61
Trd, 4319278.143, 60
Trd, 4319279.893, 60
Trd, 4319280.093, 60
Trd, 4319280.393, 60
Trd, 4319280.443, 60
Trd, 4319280.643, 60
Trd, 4319280.793, 63
Trd, 4319281.193, 61
Trd, 4319281.593, 63
Trd, 4319281.843, 61
Trd, 4319282.793, 65
Trd, 4319284.493, 61
Trd, 4319284.843, 61
Trd, 4319288.893, 60
Trd, 4319288.943, 60
Trd, 4319289.443, 60
Trd, 4319289.843, 60
Trd, 4319290.293, 60
Trd, 4319290.793, 60
Trd, 4319290.843, 60
Trd, 4319291.293, 62
Trd, 4319291.443, 60
Trd, 4319292.043, 60
Trd, 4319295.893, 60
Trd, 4319296.493, 60
Trd, 4319297.443, 60
Trd, 4319299.643, 60
Trd, 4319300.593, 60
Trd, 4319300.743, 60
Trd, 4319301.093, 60
Trd, 4319301.193, 61
Trd, 4319301.343, 61
Trd, 4319301.743, 61
Trd, 4319302.493, 61
Trd, 4319304.643, 60
Trd, 4319304.693, 62
Trd, 4319305.043, 62
Trd, 4319305.443, 64
Trd, 4319305.643, 62
Trd, 4319306.343, 122
Trd, 4319306.593, 120
Trd, 4319310.293, 60
Trd, 4319311.293, 60
Trd, 4319312.193, 60
Trd, 4319313.593, 60
Trd, 4319314.843, 60
Trd, 4319314.943, 60
Trd, 4319315.343, 60
Trd, 4319315.893, 60
Trd, 4319316.093, 61
Trd, 4319316.393, 60
Trd, 4319317.443, 60
Trd, 4319319.293, 60
Trd, 4319320.893, 60
Trd, 4319321.093, 60
Trd, 4319321.943, 61
Trd, 4319322.043, 60
Trd, 4319322.343, 61
Trd, 4319323.093, 63
Trd, 4319323.143, 61
Trd, 4319323.393, 60
Trd, 4319323.893, 61
Trd, 4319325.093, 64
Trd, 4319325.793, 65
Trd, 4319326.043, 66
Trd, 4319326.193, 66
Trd, 4319326.243, 65
Trd, 4319326.493, 64
Trd, 4319327.693, 64
Trd, 4319329.043, 140
Trd, 4319329.193, 138
Trd, 4319330.243, 140
Trd, 4319331.793, 140
Trd, 4319331.893, 140
Trd, 4319332.843, 140
Trd, 4319333.143, 140
Trd, 4319334.343, 140
Trd, 4319335.243, 140
Trd, 4319335.793, 140
Trd, 4319336.093, 140
Trd, 4319336.293, 140
Trd, 4319336.993, 140
Trd, 4319337.693, 140
Trd, 4319338.943, 105
Trd, 4319339.593, 107
Trd, 4319340.143, 140
Trd, 4319340.543, 140
Trd, 4319341.393, 140
Trd, 4319342.693, 140
Trd, 4319345.193, 140
Trd, 4319345.393, 140
Trd, 4319345.993, 140
Trd, 4319346.693, 140
Trd, 4319346.943, 140
Trd, 4319347.743, 140
Trd, 4319350.743, 140
Trd, 4319351.043, 140
Trd, 4319351.143, 140
Trd, 4319351.243, 140
Trd, 4319351.693, 140
Trd, 4319352.143, 140
Trd, 4319352.843, 140
Trd, 4319353.143, 140
Trd, 4319353.693, 140
Trd, 4319354.493, 140
Trd, 4319354.943, 140
Trd, 4319356.193, 140
Trd, 4319357.943, 140
Trd, 4319358.043, 140
Trd, 4319358.443, 140
Trd, 4319359.293, 140
Trd, 4319360.093, 140
Trd, 4319360.343, 140
Trd, 4319363.343, 140
Trd, 4319364.243, 140
Trd, 4319364.843, 140
Trd, 4319365.193, 140
Trd, 4319365.843, 140
Trd, 4319366.643, 140
Trd, 4319367.193, 140
Trd, 4319367.293, 140
Trd, 4319368.543, 140
Trd, 4319368.593, 140
Trd, 4319370.143, 140
Trd, 4319370.243, 140
Trd, 4319370.543, 139
Trd, 4319372.593, 140
Trd, 4319373.343, 140
Trd, 4319374.393, 140
Trd, 4319374.943, 140
Trd, 4319376.293, 140
Trd, 4319377.643, 140
Trd, 4319377.693, 140
Trd, 4319377.993, 140
Trd, 4319378.443, 140
Trd, 4319379.393, 140
Trd, 4319380.393, 140
Trd, 4319381.193, 140
Trd, 4319381.293, 140
Trd, 4319381.843, 140
Trd, 4319382.593, 140
Trd, 4319383.093, 140
Trd, 4319384.693, 140
Trd, 4319384.843, 140
Trd, 4319385.293, 140
Trd, 4319386.343, 140
Trd, 4319386.443, 140
Trd, 4319386.593, 140
Trd, 4319388.443, 140
Trd, 4319388.843, 140
Trd, 4319390.393, 140
Trd, 4319390.643, 140
Trd, 4319391.493, 140
Trd, 4319392.143, 140
Trd, 4319392.293, 140
Trd, 4319392.993, 140
Trd, 4319394.693, 140
Trd, 4319394.943, 140
Trd, 4319395.493, 139
Trd, 4319396.093, 140
Trd, 4319397.243, 140
Trd, 4319398.693, 140
Trd, 4319398.793, 140
Trd, 4319400.043, 140
Trd, 4319400.393, 140
Trd, 4319401.543, 140
Trd, 4319401.793, 140
Trd, 4319402.193, 140
Trd, 4319402.793, 140
Trd, 4319403.493, 140
Trd, 4319404.743, 140
Trd, 4319404.993, 140
Trd, 4319405.893, 140
Trd, 4319407.293, 140
Trd, 4319408.343, 140
Trd, 4319408.693, 140
Trd, 4319408.843, 140
Trd, 4319408.943, 140
Trd, 4319409.493, 140
Trd, 4319410.093, 140
Trd, 4319410.293, 140
Trd, 4319411.143, 140
Trd, 4319412.493, 140
Trd, 4319413.593, 140
Trd, 4319415.843, 140
Trd, 4319416.293, 140
Trd, 4319416.743, 140
Trd, 4319417.243, 140
Trd, 4319418.243, 140
Trd, 4319418.393, 140
Trd, 4319418.943, 140
Trd, 4319419.043, 140
Trd, 4319419.243, 140
Trd, 4319419.943, 94
Trd, 4319422.243, 140
Trd, 4319422.943, 140
Trd, 4319423.043, 140
Trd, 4319423.193, 140
Trd, 4319423.393, 140
Trd, 4319423.693, 139
Trd, 4319424.593, 140
Trd, 4319425.543, 95
Trd, 4319427.193, 140
Trd, 4319429.193, 140
Trd, 4319429.693, 140
Trd, 4319429.843, 140
Trd, 4319430.693, 140
Trd, 4319430.793, 140
Trd, 4319431.093, 140
Trd, 4319432.043, 140
Trd, 4319432.993, 140
Trd, 4319433.543, 140
Trd, 4319434.893, 140
Trd, 4319436.243, 140
Trd, 4319437.193, 140
Trd, 4319438.543, 140
Trd, 4319439.243, 140
Trd, 4319439.293, 140
Trd, 4319440.193, 140
Trd, 4319441.443, 140
Trd, 4319442.943, 140
Trd, 4319444.343, 140
Trd, 4319444.443, 140
Trd, 4319444.493, 140
Trd, 4319445.043, 140
Trd, 4319447.243, 140
Trd, 4319447.543, 140
Trd, 4319447.693, 140
Trd, 4319448.043, 140
Trd, 4319448.693, 140
Trd, 4319449.743, 140
Trd, 4319451.143, 140
Trd, 4319451.843, 140
Trd, 4319452.193, 140
Trd, 4319452.593, 140
Trd, 4319453.393, 140
Trd, 4319453.693, 140
Trd, 4319454.043, 140
Trd, 4319457.093, 140
Trd, 4319457.293, 140
Trd, 4319457.943, 140
Trd, 4319458.593, 140
Trd, 4319459.543, 140
Trd, 4319460.043, 140
Trd, 4319460.843, 140
Trd, 4319462.093, 140
Trd, 4319462.693, 140
Trd, 4319463.393, 140
Trd, 4319463.743, 140
Trd, 4319464.243, 140
Trd, 4319465.043, 140
Trd, 4319465.643, 140
Trd, 4319467.443, 140
Trd, 4319468.143, 140
Trd, 4319469.293, 140
Trd, 4319470.493, 140
Trd, 4319470.593, 140
Trd, 4319470.843, 140
Trd, 4319471.843, 140
Trd, 4319472.393, 140
Trd, 4319473.043, 140
Trd, 4319474.693, 140
Trd, 4319474.893, 140
Trd, 4319475.143, 140
Trd, 4319475.693, 140
Trd, 4319476.843, 140
Trd, 4319476.993, 140
Trd, 4319477.893, 140
Trd, 4319477.993, 140
Trd, 4319478.293, 140
Trd, 4319479.193, 140
Trd, 4319479.343, 138
Trd, 4319482.293, 140
Trd, 4319482.693, 139
Trd, 4319482.843, 139
Trd, 4319484.293, 140
Trd, 4319484.943, 140
Trd, 4319485.593, 140
Trd, 4319485.743, 140
Trd, 4319486.643, 140
Trd, 4319487.443, 140
Trd, 4319488.193, 140
Trd, 4319488.743, 140
Trd, 4319488.993, 140
Trd, 4319489.793, 140
Trd, 4319491.143, 140
Trd, 4319491.993, 140
Trd, 4319493.593, 140
Trd, 4319494.543, 140
Trd, 4319494.793, 140
Trd, 4319495.593, 140
Trd, 4319495.743, 140
Trd, 4319496.293, 140
Trd, 4319496.393, 140
Trd, 4319497.693, 140
Trd, 4319499.843, 140
Trd, 4319500.193, 140
Trd, 4319500.493, 140
Trd, 4319501.743, 140
Trd, 4319502.343, 140
Trd, 4319502.893, 140
Trd, 4319503.743, 140
Trd, 4319506.093, 140
Trd, 4319506.143, 140
Trd, 4319507.243, 140
Trd, 4319507.643, 140
Trd, 4319507.743, 140
Trd, 4319509.393, 140
Trd, 4319510.243, 140
Trd, 4319510.943, 140
Trd, 4319511.793, 140
Trd, 4319512.343, 140
Trd, 4319512.643, 140
Trd, 4319512.993, 140
Trd, 4319514.093, 140
Trd, 4319514.643, 140
Trd, 4319514.993, 140
Trd, 4319515.343, 140
Trd, 4319516.493, 140
Trd, 4319516.743, 140
Trd, 4319517.293, 140
Trd, 4319518.593, 140
Trd, 4319519.443, 140
Trd, 4319519.643, 140
Trd, 4319520.143, 140
Trd, 4319521.693, 140
Trd, 4319522.693, 140
Trd, 4319522.943, 140
Trd, 4319523.843, 140
Trd, 4319524.043, 140
Trd, 4319525.343, 140
Trd, 4319526.243, 140
Trd, 4319526.643, 140
Trd, 4319526.793, 140
Trd, 4319528.043, 140
Trd, 4319529.393, 140
Trd, 4319530.393, 140
Trd, 4319530.893, 140
Trd, 4319531.093, 140
Trd, 4319531.193, 140
Trd, 4319532.343, 139
Trd, 4319532.793, 140
Trd, 4319533.993, 129
Trd, 4319534.843, 132
Trd, 4319535.143, 135
Trd, 4319535.643, 134
Trd, 4319535.693, 132
Trd, 4319536.943, 136
Trd, 4319537.293, 137
Trd, 4319537.543, 137
Trd, 4319537.843, 135
Trd, 4319537.893, 133
Trd, 4319539.493, 140
Trd, 4319541.143, 140
Trd, 4319541.893, 140
Trd, 4319541.993, 140
Trd, 4319542.793, 140
Trd, 4319544.443, 140
Trd, 4319544.843, 140
Trd, 4319546.443, 140
Trd, 4319547.543, 140
Trd, 4319547.593, 140
Trd, 4319548.143, 140
Trd, 4319548.193, 140
Trd, 4319548.743, 140
Trd, 4319549.543, 140
Trd, 4319549.643, 139
Trd, 4319549.993, 108
Trd, 4319550.143, 63
Trd, 4319552.093, 60
Trd, 4319552.693, 62
Trd, 4319556.843, 60
Trd, 4319557.193, 60
Trd, 4319557.443, 61
Trd, 4319557.643, 61
Trd, 4319557.693, 63
Trd, 4319557.893, 62
Trd, 4319557.993, 60
Trd, 4319558.643, 65
Trd, 4319559.093, 65
Trd, 4319560.293, 62
Trd, 4319560.593, 63
Trd, 4319562.993, 62
Trd, 4319563.043, 63
Trd, 4319565.543, 60
Trd, 4319566.193, 60
Trd, 4319566.343, 60
Trd, 4319566.393, 60
Trd, 4319566.593, 61
Trd, 4319566.743, 61
Trd, 4319567.543, 61
Trd, 4319569.043, 60
Trd, 4319570.743, 60
Trd, 4319574.093, 60
Trd, 4319574.393, 61
Trd, 4319574.593, 63
Trd, 4319574.693, 64
Trd, 4319574.743, 64
Trd, 4319574.793, 65
Trd, 4319574.993, 63
Trd, 4319575.743, 65
Trd, 4319576.243, 68
Trd, 4319576.393, 66
Trd, 4319577.393, 65
Trd, 4319577.493, 67
Trd, 4319577.993, 64
Trd, 4319578.543, 64
Trd, 4319578.893, 65
Trd, 4319579.193, 64
Trd, 4319580.993, 60
Trd, 4319582.393, 60
Trd, 4319583.593, 60
Trd, 4319585.743, 60
Trd, 4319585.793, 60
Trd, 4319587.293, 60
Trd, 4319587.443, 60
Trd, 4319588.193, 60
Trd, 4319588.793, 60
Trd, 4319589.243, 63
Trd, 4319590.943, 60
Trd, 4319591.793, 60
Trd, 4319596.043, 60
Trd, 4319596.493, 60
Trd, 4319596.543, 60
Trd, 4319596.743, 60
Trd, 4319597.493, 60
Trd, 4319597.593, 60
Trd, 4319597.793, 61
Trd, 4319600.243, 60
Trd, 4319601.043, 60
Trd, 4319601.293, 60
Trd, 4319601.343, 60
Trd, 4319601.443, 60
Trd, 4319601.843, 61
Trd, 4319605.843, 60
Trd, 4319606.793, 63
Trd, 4319608.043, 60
Trd, 4319608.243, 60
Trd, 4319608.393, 60
Trd, 4319608.593, 60
Trd, 4319608.743, 60
Trd, 4319609.093, 61
Trd, 4319609.243, 60
Trd, 4319610.093, 61
Trd, 4319610.193, 61
Trd, 4319610.693, 63
Trd, 4319612.993, 60
Trd, 4319613.143, 61
Trd, 4319613.343, 66
Trd, 4319615.293, 60
Trd, 4319615.443, 60
Trd, 4319618.893, 60
Trd, 4319620.693, 60
Trd, 4319620.943, 62
Trd, 4319621.343, 61
Trd, 4319621.393, 60
Trd, 4319621.643, 62
Trd, 4319621.743, 64
Trd, 4319622.293, 60
Trd, 4319624.393, 61
Trd, 4319625.043, 61
Trd, 4319628.843, 60
Trd, 4319629.393, 60
Trd, 4319630.043, 60
Trd, 4319630.543, 60
Trd, 4319631.243, 60
Trd, 4319631.493, 61
Trd, 4319632.143, 62
Trd, 4319632.443, 61
Trd, 4319634.043, 60
Trd, 4319634.093, 60
Trd, 4319635.893, 62
Trd, 4319636.193, 65
Trd, 4319636.443, 65
Trd, 4319636.893, 62
Trd, 4319637.693, 62
Trd, 4319637.943, 63
Trd, 4319638.793, 62
Trd, 4319640.543, 60
Trd, 4319640.893, 60
Trd, 4319641.143, 60
Trd, 4319644.543, 60
Trd, 4319644.843, 60
Trd, 4319644.993, 61
Trd, 4319645.293, 62
Trd, 4319645.443, 62
Trd, 4319645.743, 61
Trd, 4319645.893, 63
Trd, 4319646.293, 66
Trd, 4319646.943, 63
Trd, 4319647.693, 68
Trd, 4319648.593, 75
Trd, 4319648.793, 73
Trd, 4319649.343, 77
Trd, 4319649.993, 80
Trd, 4319650.743, 80
Trd, 4319651.143, 62
Trd, 4319654.543, 60
Trd, 4319654.893, 60
Trd, 4319656.793, 60
Trd, 4319657.543, 60
Trd, 4319657.943, 60
Trd, 4319658.293, 61
Trd, 4319658.643, 63
Trd, 4319658.743, 62
Trd, 4319659.543, 62
Trd, 4319660.043, 62
Trd, 4319660.393, 63
Trd, 4319661.793, 61
Trd, 4319663.743, 60
Trd, 4319664.743, 60
Trd, 4319665.693, 60
Trd, 4319665.893, 60
Trd, 4319666.093, 60
Trd, 4319666.743, 61
Trd, 4319666.893, 60
Trd, 4319667.343, 65
Trd, 4319668.093, 61
Trd, 4319668.493, 61
Trd, 4319669.143, 63
Trd, 4319671.093, 60
Trd, 4319671.693, 66
Trd, 4319673.943, 60
Trd, 4319676.993, 60
Trd, 4319677.893, 60
Trd, 4319678.643, 60
Trd, 4319678.693, 60
Trd, 4319678.793, 60
Trd, 4319679.543, 62
Trd, 4319679.943, 62
Trd, 4319680.043, 63
Trd, 4319680.093, 61
Trd, 4319680.343, 60
Trd, 4319681.193, 62
Trd, 4319682.693, 60
Trd, 4319683.393, 60
Trd, 4319685.193, 60
Trd, 4319687.343, 60
Trd, 4319687.393, 60
Trd, 4319687.593, 60
Trd, 4319687.643, 61
Trd, 4319687.743, 62
Trd, 4319688.093, 60
Trd, 4319688.243, 66
Trd, 4319689.243, 62
Trd, 4319689.443, 63
Trd, 4319690.493, 67
Trd, 4319690.893, 67
Trd, 4319691.843, 64
Trd, 4319691.993, 65
Trd, 4319692.793, 60
Trd, 4319696.293, 60
Trd, 4319697.143, 60
Trd, 4319697.193, 60
Trd, 4319697.693, 60
Trd, 4319698.393, 60
Trd, 4319698.693, 62
Trd, 4319698.743, 62
Trd, 4319699.293, 67
Trd, 4319700.043, 63
Trd, 4319700.093, 62
Trd, 4319700.743, 62
Trd, 4319700.793, 70
Trd, 4319701.443, 140
Trd, 4319705.793, 60
Trd, 4319706.443, 60
Trd, 4319706.593, 60
Trd, 4319707.443, 61
Trd, 4319707.693, 61
Trd, 4319707.893, 62
Trd, 4319708.393, 62
Trd, 4319708.443, 61
Trd, 4319709.243, 61
Trd, 4319709.343, 62
Trd, 4319710.443, 65
Trd, 4319714.493, 60
Trd, 4319715.043, 60
Trd, 4319715.693, 60
Trd, 4319716.043, 62
Trd, 4319717.443, 60
Trd, 4319717.593, 60
Trd, 4319718.343, 61
Trd, 4319719.193, 61
Trd, 4319719.293, 61
Trd, 4319720.093, 62
Trd, 4319720.393, 60
Trd, 4319720.843, 61
Trd, 4319721.093, 62
Trd, 4319721.643, 67
Trd, 4319722.143, 114
Trd, 4319723.543, 140
Trd, 4319724.043, 140
Trd, 4319725.993, 140
Trd, 4319727.293, 140
Trd, 4319728.143, 140
Trd, 4319728.743, 140
Trd, 4319729.743, 140
Trd, 4319730.143, 140
Trd, 4319730.643, 140
Trd, 4319731.343, 140
Trd, 4319731.893, 140
Trd, 4319733.043, 140
Trd, 4319734.143, 140
Trd, 4319735.543, 140
Trd, 4319735.743, 140
Trd, 4319735.993, 140
Trd, 4319736.343, 140
Trd, 4319737.493, 140
Trd, 4319739.193, 140
Trd, 4319739.843, 140
Trd, 4319739.893, 140
Trd, 4319740.493, 140
Trd, 4319740.793, 140
Trd, 4319740.993, 135
Trd, 4319742.193, 139
Trd, 4319744.543, 140
Trd, 4319745.393, 140
Trd, 4319745.443, 140
Trd, 4319745.493, 140
Trd, 4319745.893, 140
Trd, 4319746.043, 140
Trd, 4319746.593, 140
Trd, 4319747.193, 140
Trd, 4319748.493, 140
Trd, 4319749.543, 140
Trd, 4319751.243, 140
Trd, 4319751.293, 140
Trd, 4319751.443, 140
Trd, 4319752.893, 140
Trd, 4319753.343, 140
Trd, 4319755.043, 140
Trd, 4319755.493, 140
Trd, 4319756.193, 140
Trd, 4319756.593, 140
Trd, 4319756.843, 140
Trd, 4319757.293, 140
Trd, 4319757.693, 140
Trd, 4319758.993, 140
Trd, 4319759.793, 140
Trd, 4319760.093, 140
Trd, 4319761.143, 140
Trd, 4319762.593, 140
Trd, 4319763.443, 140
Trd, 4319763.943, 140
Trd, 4319764.593, 140
Trd, 4319764.893, 140
Trd, 4319765.493, 140
Trd, 4319766.393, 140
Trd, 4319767.193, 140
Trd, 4319767.593, 140
Trd, 4319767.943, 140
Trd, 4319768.493, 140
Trd, 4319769.493, 140
Trd, 4319770.843, 140
Trd, 4319771.643, 140
Trd, 4319771.893, 140
Trd, 4319773.443, 140
Trd, 4319773.893, 140
Trd, 4319774.093, 140
Trd, 4319774.193, 140
Trd, 4319774.493, 139
Trd, 4319775.393, 140
Trd, 4319775.643, 139
Trd, 4319776.643, 139
Trd, 4319776.993, 138
Trd, 4319778.293, 140
Trd, 4319778.493, 140
Trd, 4319778.793, 140
Trd, 4319780.043, 139
Trd, 4319780.143, 137
Trd, 4319781.593, 75
Trd, 4319783.593, 85
Trd, 4319784.293, 88
Trd, 4319784.493, 140
Trd, 4319784.893, 140
Trd, 4319785.993, 140
Trd, 4319787.493, 140
Trd, 4319787.843, 140
Trd, 4319788.293, 140
Trd, 4319788.443, 139
Trd, 4319788.943, 129
Trd, 4319790.093, 132
Trd, 4319790.193, 131
Trd, 4319790.343, 131
Trd, 4319791.743, 140
Trd, 4319792.043, 140
Trd, 4319792.293, 139
Trd, 4319792.643, 137
Trd, 4319793.943, 138
Trd, 4319794.693, 138
Trd, 4319795.143, 123
Trd, 4319795.593, 139
Trd, 4319797.293, 140
Trd, 4319799.143, 140
Trd, 4319800.593, 140
Trd, 4319800.793, 140
Trd, 4319801.493, 140
Trd, 4319801.993, 140
Trd, 4319802.293, 140
Trd, 4319802.843, 140
Trd, 4319804.143, 140
Trd, 4319804.243, 140
Trd, 4319804.593, 140
Trd, 4319804.993, 140
Trd, 4319806.643, 140
Trd, 4319806.943, 140
Trd, 4319807.993, 140
Trd, 4319808.193, 140
Trd, 4319808.593, 139
Trd, 4319809.043, 112
Trd, 4319809.643, 81
Trd, 4319809.843, 80
Trd, 4319811.693, 79
Trd, 4319813.643, 60
Trd, 4319814.593, 62
Trd, 4319815.443, 62
Trd, 4319816.193, 61
Trd, 4319816.543, 61
Trd, 4319816.993, 61
Trd, 4319817.143, 60
Trd, 4319819.443, 60
Trd, 4319820.193, 60
Trd, 4319820.743, 60
Trd, 4319822.543, 60
Trd, 4319822.593, 60
Trd, 4319823.193, 60
Trd, 4319823.243, 60
Trd, 4319823.443, 61
Trd, 4319823.943, 60
Trd, 4319824.143, 60
Trd, 4319825.193, 60
Trd, 4319827.643, 60
Trd, 4319830.143, 60
Trd, 4319830.993, 60
Trd, 4319831.143, 60
Trd, 4319832.593, 60
Trd, 4319832.893, 61
Trd, 4319832.943, 60
Trd, 4319833.343, 63
Trd, 4319833.843, 61
Trd, 4319834.143, 60
Trd, 4319835.393, 61
Trd, 4319836.043, 61
Trd, 4319836.343, 66
Trd, 4319836.993, 67
Trd, 4319837.143, 61
Trd, 4319837.693, 67
Trd, 4319838.843, 66
Trd, 4319839.143, 61
Trd, 4319840.793, 140
Trd, 4319841.493, 140
Trd, 4319842.243, 140
Trd, 4319842.393, 140
Trd, 4319843.293, 140
Trd, 4319844.543, 140
Trd, 4319844.793, 140
Trd, 4319845.143, 140
Trd, 4319845.393, 140
Trd, 4319845.443, 140
Trd, 4319845.543, 122
Trd, 4319848.293, 60
Trd, 4319849.393, 60
Trd, 4319849.843, 60
Trd, 4319851.743, 60
Trd, 4319854.293, 60
Trd, 4319854.593, 60
Trd, 4319854.943, 60
Trd, 4319855.043, 60
Trd, 4319855.193, 60
Trd, 4319855.443, 60
Trd, 4319856.043, 61
Trd, 4319856.143, 63
Trd, 4319856.193, 64
Trd, 4319857.193, 60
Trd, 4319858.843, 60
Trd, 4319860.393, 60
Trd, 4319862.093, 60
Trd, 4319864.143, 60
Trd, 4319864.393, 60
Trd, 4319864.693, 60
Trd, 4319864.843, 60
Trd, 4319866.043, 60
Trd, 4319866.443, 61
Trd, 4319866.743, 63
Trd, 4319867.193, 140
Trd, 4319867.943, 140
Trd, 4319868.243, 140
Trd, 4319868.993, 140
Trd, 4319869.243, 140
Trd, 4319869.993, 140
Trd, 4319870.543, 140
Trd, 4319870.893, 139
Trd, 4319872.893, 140
Trd, 4319873.043, 140
Trd, 4319874.293, 140
Trd, 4319874.343, 140
Trd, 4319875.143, 140
Trd, 4319877.243, 140
Trd, 4319877.643, 140
Trd, 4319878.993, 140
Trd, 4319879.293, 140
Trd, 4319879.393, 140
Trd, 4319879.593, 140
Trd, 4319879.943, 140
Trd, 4319881.493, 121
Trd, 4319881.993, 104
Trd, 4319882.243, 103
Trd, 4319883.543, 104
Trd, 4319884.543, 111
Trd, 4319885.093, 137
Trd, 4319885.843, 65
Trd, 4319888.143, 60
Trd, 4319888.343, 61
Trd, 4319890.643, 60
Trd, 4319891.793, 60
Trd, 4319892.393, 60
Trd, 4319893.093, 60
Trd, 4319893.543, 61
Trd, 4319893.693, 61
Trd, 4319894.043, 61
Trd, 4319894.293, 61
Trd, 4319894.343, 63
Trd, 4319895.243, 135
Trd, 4319896.243, 60
Trd, 4319897.743, 60
Trd, 4319897.793, 60
Trd, 4319898.043, 62
Trd, 4319898.693, 62
Trd, 4319903.343, 60
Trd, 4319903.393, 60
Trd, 4319904.543, 60
Trd, 4319906.043, 60
Trd, 4319906.243, 60
Trd, 4319906.543, 60
Trd, 4319906.843, 60
Trd, 4319907.343, 62
Trd, 4319908.093, 63
Trd, 4319908.643, 64
Trd, 4319909.643, 65
Trd, 4319909.693, 78
Trd, 4319909.743, 64
Trd, 4319910.043, 79
Trd, 4319910.293, 66
Trd, 4319912.143, 60
Trd, 4319912.743, 60
Trd, 4319913.043, 60
Trd, 4319913.343, 60
Trd, 4319914.243, 64
Trd, 4319918.493, 60
Trd, 4319918.743, 60
Trd, 4319918.793, 60
Trd, 4319919.143, 62
Trd, 4319919.343, 62
Trd, 4319919.643, 62
Trd, 4319920.143, 61
Trd, 4319920.193, 60
Trd, 4319923.893, 60
Trd, 4319923.943, 60
Trd, 4319924.543, 60
Trd, 4319925.643, 60
Trd, 4319925.843, 61
Trd, 4319926.143, 60
Trd, 4319927.093, 63
Trd, 4319927.193, 64
Trd, 4319927.443, 65
Trd, 4319928.443, 64
Trd, 4319930.393, 60
Trd, 4319930.993, 61
Trd, 4319934.643, 60
Trd, 4319934.843, 60
Trd, 4319934.893, 60
Trd, 4319935.093, 60
Trd, 4319935.543, 62
Trd, 4319935.943, 60
Trd, 4319936.093, 62
Trd, 4319936.493, 61
Trd, 4319937.293, 64
Trd, 4319937.393, 62
Trd, 4319938.293, 60
Trd, 4319939.843, 60
Trd, 4319942.543, 60
Trd, 4319944.243, 60
Trd, 4319944.943, 60
Trd, 4319946.293, 60
Trd, 4319946.643, 60
Trd, 4319946.693, 60
Trd, 4319946.893, 60
Trd, 4319947.643, 62
Trd, 4319947.843, 62
Trd, 4319947.993, 63
Trd, 4319948.593, 63
Trd, 4319948.843, 62
Trd, 4319949.643, 61
Trd, 4319950.893, 139
Trd, 4319952.193, 91
Trd, 4319952.843, 90
Trd, 4319953.343, 140
Trd, 4319953.543, 89
Trd, 4319955.393, 64
Trd, 4319959.143, 60
Trd, 4319960.143, 60
Trd, 4319960.393, 60
Trd, 4319960.693, 61
Trd, 4319960.843, 61
Trd, 4319960.893, 61
Trd, 4319961.343, 62
Trd, 4319961.543, 61
Trd, 4319963.643, 60
Trd, 4319964.043, 60
Trd, 4319965.243, 60
Trd, 4319965.743, 60
Trd, 4319966.093, 60
Trd, 4319966.143, 60
Trd, 4319967.843, 61
Trd, 4319967.893, 60
Trd, 4319969.693, 60
Trd, 4319970.443, 61
Trd, 4319971.943, 60
Trd, 4319974.443, 60
Trd, 4319974.543, 60
Trd, 4319974.943, 60
Trd, 4319975.293, 60
Trd, 4319975.493, 60
Trd, 4319975.893, 61
Trd, 4319975.943, 62
Trd, 4319976.243, 62
Trd, 4319977.443, 63
Trd, 4319977.643, 62
Trd, 4319977.743, 60
Trd, 4319978.893, 60
Trd, 4319979.193, 60
Trd, 4319979.643, 60
Trd, 4319980.043, 60
Trd, 4319983.343, 60
Trd, 4319984.943, 60
Trd, 4319986.443, 60
Trd, 4319987.593, 60
Trd, 4319988.493, 60
Trd, 4319988.593, 60
Trd, 4319988.943, 60
Trd, 4319989.343, 60
Trd, 4319989.943, 60
Trd, 4319990.243, 60
Trd, 4319990.293, 61
Trd, 4319990.943, 63
Trd, 4319991.093, 61
Trd, 4319991.543, 62
Trd, 4319991.943, 61
Trd, 4319992.393, 61
Trd, 4319992.643, 64
Trd, 4319993.193, 62
Trd, 4319994.343, 65
Trd, 4319994.743, 62
Trd, 4319998.893, 60
Trd, 4319999.993, 60
