Trd, 4318150.243, 87
Trd, 4318150.893, 106
Trd, 4318151.743, 139
Trd, 4318152.243, 140
Trd, 4318152.293, 68
Trd, 4318154.243, 139
Trd, 4318155.043, 93
Trd, 4318155.743, 103
Trd, 4318156.193, 113
Trd, 4318156.643, 114
Trd, 4318157.493, 124
Trd, 4318157.643, 137
Trd, 4318158.043, 81
Trd, 4318158.743, 137
Trd, 4318160.343, 140
Trd, 4318161.093, 140
Trd, 4318161.293, 139
Trd, 4318161.843, 119
Trd, 4318162.093, 111
Trd, 4318164.293, 140
Trd, 4318164.893, 140
Trd, 4318166.693, 140
Trd, 4318166.993, 140
Trd, 4318168.293, 140
Trd, 4318168.593, 136
Trd, 4318168.693, 134
Trd, 4318169.243, 138
Trd, 4318169.793, 140
Trd, 4318170.043, 140
Trd, 4318170.843, 120
Trd, 4318171.143, 120
Trd, 4318172.793, 115
Trd, 4318172.993, 107
Trd, 4318173.543, 78
Trd, 4318174.043, 81
Trd, 4318174.193, 99
Trd, 4318175.493, 60
Trd, 4318176.493, 66
Trd, 4318177.643, 140
Trd, 4318178.293, 137
Trd, 4318178.343, 136
Trd, 4318178.693, 139
Trd, 4318178.793, 109
Trd, 4318179.293, 99
Trd, 4318180.793, 139
Trd, 4318182.893, 140
Trd, 4318183.843, 140
Trd, 4318183.943, 140
Trd, 4318184.843, 139
Trd, 4318184.893, 95
Trd, 4318185.043, 95
Trd, 4318185.243, 108
Trd, 4318187.493, 140
Trd, 4318187.793, 133
Trd, 4318187.843, 131
Trd, 4318188.343, 128
Trd, 4318188.393, 126
Trd, 4318188.543, 117
Trd, 4318189.793, 117
Trd, 4318190.493, 140
Trd, 4318190.793, 115
Trd, 4318191.743, 138
Trd, 4318192.543, 93
Trd, 4318193.143, 62
Trd, 4318193.793, 84
Trd, 4318194.143, 65
Trd, 4318195.093, 61
Trd, 4318196.093, 60
Trd, 4318196.143, 63
Trd, 4318197.043, 60
Trd, 4318197.343, 65
Trd, 4318197.443, 65
Trd, 4318199.943, 60
Trd, 4318200.243, 61
Trd, 4318200.443, 65
Trd, 4318200.693, 63
Trd, 4318200.993, 60
Trd, 4318202.543, 60
Trd, 4318202.743, 60
Trd, 4318203.193, 60
Trd, 4318203.393, 61
Trd, 4318203.493, 62
Trd, 4318204.393, 63
Trd, 4318204.843, 60
Trd, 4318208.143, 60
Trd, 4318208.243, 60
Trd, 4318208.493, 60
Trd, 4318208.593, 65
Trd, 4318209.393, 61
Trd, 4318210.143, 104
Trd, 4318210.493, 78
Trd, 4318211.043, 140
Trd, 4318211.743, 129
Trd, 4318212.193, 126
Trd, 4318213.343, 99
Trd, 4318213.693, 98
Trd, 4318214.743, 140
Trd, 4318215.093, 88
Trd, 4318216.093, 140
Trd, 4318216.443, 115
Trd, 4318218.043, 64
Trd, 4318218.993, 130
Trd, 4318219.443, 121
Trd, 4318220.093, 101
Trd, 4318221.593, 140
Trd, 4318221.643, 140
Trd, 4318221.743, 140
Trd, 4318223.493, 140
Trd, 4318224.843, 132
Trd, 4318225.093, 97
Trd, 4318225.143, 88
Trd, 4318226.193, 62
Trd, 4318226.243, 63
Trd, 4318226.493, 65
Trd, 4318227.643, 65
Trd, 4318228.093, 64
Trd, 4318228.443, 63
Trd, 4318228.893, 64
Trd, 4318229.343, 60
Trd, 4318229.793, 62
Trd, 4318231.443, 140
Trd, 4318231.893, 140
Trd, 4318233.143, 140
Trd, 4318233.693, 140
Trd, 4318233.793, 140
Trd, 4318233.843, 136
Trd, 4318235.743, 103
Trd, 4318236.393, 140
Trd, 4318237.143, 108
Trd, 4318238.143, 134
Trd, 4318238.593, 110
Trd, 4318239.693, 100
Trd, 4318239.943, 135
Trd, 4318240.793, 99
Trd, 4318241.043, 132
Trd, 4318241.193, 97
Trd, 4318241.843, 116
Trd, 4318242.493, 115
Trd, 4318244.143, 140
Trd, 4318244.393, 140
Trd, 4318245.143, 116
Trd, 4318245.593, 115
Trd, 4318246.043, 140
Trd, 4318246.893, 136
Trd, 4318247.793, 140
Trd, 4318247.993, 131
Trd, 4318248.043, 124
Trd, 4318248.443, 102
Trd, 4318248.693, 61
Trd, 4318249.793, 62
Trd, 4318251.243, 60
Trd, 4318252.543, 60
Trd, 4318253.693, 62
Trd, 4318255.443, 62
Trd, 4318255.593, 63
Trd, 4318255.993, 64
Trd, 4318256.043, 65
Trd, 4318256.693, 63
Trd, 4318256.893, 64
Trd, 4318258.143, 92
Trd, 4318258.393, 108
Trd, 4318259.943, 140
Trd, 4318260.043, 138
Trd, 4318260.343, 126
Trd, 4318261.193, 136
Trd, 4318261.993, 130
Trd, 4318263.643, 140
Trd, 4318263.693, 140
Trd, 4318264.143, 93
Trd, 4318265.193, 98
Trd, 4318265.743, 80
Trd, 4318266.643, 140
Trd, 4318267.443, 136
Trd, 4318268.343, 136
Trd, 4318269.043, 139
Trd, 4318269.143, 135
Trd, 4318269.393, 133
Trd, 4318269.743, 140
Trd, 4318270.643, 99
Trd, 4318271.193, 98
Trd, 4318272.193, 138
Trd, 4318272.293, 91
Trd, 4318272.543, 76
Trd, 4318273.143, 132
Trd, 4318274.193, 140
Trd, 4318274.743, 140
Trd, 4318274.993, 140
Trd, 4318275.143, 123
Trd, 4318276.843, 62
Trd, 4318277.093, 63
Trd, 4318277.443, 86
Trd, 4318278.043, 75
Trd, 4318278.593, 66
Trd, 4318279.293, 140
Trd, 4318279.393, 140
Trd, 4318280.593, 63
Trd, 4318282.243, 64
Trd, 4318282.443, 103
Trd, 4318282.843, 99
Trd, 4318283.643, 140
Trd, 4318284.443, 133
Trd, 4318284.993, 120
Trd, 4318285.943, 139
Trd, 4318286.043, 139
Trd, 4318286.643, 140
Trd, 4318286.693, 87
Trd, 4318287.943, 61
Trd, 4318288.643, 62
Trd, 4318289.593, 133
Trd, 4318290.693, 62
Trd, 4318290.943, 64
Trd, 4318291.443, 65
Trd, 4318292.543, 60
Trd, 4318292.843, 60
Trd, 4318293.543, 73
Trd, 4318293.693, 74
Trd, 4318293.893, 61
Trd, 4318294.943, 127
Trd, 4318295.143, 97
Trd, 4318295.543, 80
Trd, 4318296.443, 70
Trd, 4318296.943, 60
Trd, 4318299.393, 140
Trd, 4318299.843, 140
Trd, 4318300.743, 110
Trd, 4318301.693, 98
Trd, 4318301.793, 61
Trd, 4318301.993, 140
Trd, 4318302.343, 66
Trd, 4318303.243, 61
Trd, 4318303.393, 64
Trd, 4318304.343, 60
Trd, 4318305.743, 60
Trd, 4318305.943, 63
Trd, 4318305.993, 67
Trd, 4318307.493, 60
Trd, 4318307.843, 64
Trd, 4318309.443, 140
Trd, 4318309.743, 140
Trd, 4318309.893, 82
Trd, 4318310.693, 78
Trd, 4318310.943, 76
Trd, 4318311.493, 140
Trd, 4318312.593, 108
Trd, 4318312.693, 99
Trd, 4318313.143, 116
Trd, 4318314.943, 140
Trd, 4318315.293, 138
Trd, 4318316.943, 140
Trd, 4318317.043, 127
Trd, 4318317.243, 109
Trd, 4318317.793, 117
Trd, 4318318.143, 140
Trd, 4318318.593, 76
Trd, 4318318.993, 60
Trd, 4318319.293, 61
Trd, 4318320.643, 140
Trd, 4318322.143, 140
Trd, 4318322.393, 139
Trd, 4318322.693, 83
Trd, 4318322.843, 75
Trd, 4318323.093, 76
Trd, 4318324.043, 82
Trd, 4318324.743, 140
Trd, 4318325.143, 140
Trd, 4318325.343, 140
Trd, 4318326.943, 139
Trd, 4318326.993, 70
Trd, 4318327.793, 119
Trd, 4318328.993, 140
Trd, 4318329.643, 139
Trd, 4318331.493, 140
Trd, 4318331.943, 140
Trd, 4318332.043, 127
Trd, 4318332.193, 126
Trd, 4318332.293, 126
Trd, 4318332.943, 114
Trd, 4318334.393, 102
Trd, 4318334.593, 140
Trd, 4318335.443, 140
Trd, 4318335.693, 84
Trd, 4318336.493, 119
Trd, 4318337.143, 121
Trd, 4318337.293, 77
Trd, 4318338.143, 130
Trd, 4318338.193, 89
Trd, 4318338.793, 140
Trd, 4318338.943, 102
Trd, 4318339.893, 61
Trd, 4318340.643, 62
Trd, 4318341.493, 64
Trd, 4318341.793, 61
Trd, 4318342.843, 132
Trd, 4318344.993, 62
Trd, 4318345.143, 61
Trd, 4318345.193, 62
Trd, 4318345.693, 67
Trd, 4318346.343, 115
Trd, 4318347.093, 140
Trd, 4318347.443, 118
Trd, 4318347.543, 117
Trd, 4318347.793, 68
Trd, 4318348.743, 62
Trd, 4318349.743, 64
Trd, 4318350.043, 66
Trd, 4318351.543, 140
Trd, 4318352.093, 140
Trd, 4318352.743, 138
Trd, 4318354.693, 140
Trd, 4318354.893, 139
Trd, 4318356.343, 140
Trd, 4318356.993, 120
Trd, 4318357.793, 139
Trd, 4318358.243, 138
Trd, 4318359.243, 99
Trd, 4318359.343, 99
Trd, 4318361.043, 140
Trd, 4318361.093, 140
Trd, 4318361.693, 139
Trd, 4318362.043, 139
Trd, 4318362.843, 70
Trd, 4318363.393, 139
Trd, 4318364.643, 89
Trd, 4318365.843, 102
Trd, 4318366.343, 61
Trd, 4318368.293, 62
Trd, 4318368.593, 63
Trd, 4318368.893, 65
Trd, 4318369.243, 73
Trd, 4318369.493, 61
Trd, 4318369.543, 77
Trd, 4318370.243, 61
Trd, 4318371.793, 62
Trd, 4318373.043, 64
Trd, 4318373.793, 60
Trd, 4318373.843, 60
Trd, 4318374.693, 61
Trd, 4318374.943, 64
Trd, 4318375.293, 61
Trd, 4318375.543, 61
Trd, 4318376.443, 62
Trd, 4318376.843, 62
Trd, 4318377.393, 140
Trd, 4318377.793, 62
Trd, 4318377.843, 63
Trd, 4318379.943, 65
Trd, 4318379.993, 66
Trd, 4318380.443, 64
Trd, 4318380.493, 70
Trd, 4318381.143, 66
Trd, 4318381.243, 96
Trd, 4318381.893, 106
Trd, 4318383.793, 60
Trd, 4318384.293, 60
Trd, 4318384.593, 60
Trd, 4318385.743, 60
Trd, 4318386.543, 60
Trd, 4318386.943, 60
Trd, 4318387.343, 63
Trd, 4318387.543, 64
Trd, 4318388.243, 60
Trd, 4318388.343, 61
Trd, 4318389.893, 63
Trd, 4318389.943, 62
Trd, 4318390.493, 60
Trd, 4318391.343, 61
Trd, 4318391.393, 71
Trd, 4318391.643, 112
Trd, 4318392.293, 140
Trd, 4318392.693, 83
Trd, 4318394.593, 104
Trd, 4318396.293, 139
Trd, 4318396.493, 120
Trd, 4318396.543, 117
Trd, 4318398.343, 140
Trd, 4318398.643, 110
Trd, 4318399.043, 86
Trd, 4318399.593, 115
Trd, 4318401.593, 140
Trd, 4318402.193, 140
Trd, 4318402.243, 96
Trd, 4318403.993, 140
Trd, 4318404.943, 140
Trd, 4318405.243, 138
Trd, 4318405.493, 113
Trd, 4318405.643, 81
Trd, 4318407.343, 140
Trd, 4318407.693, 140
Trd, 4318407.793, 140
Trd, 4318408.443, 135
Trd, 4318409.293, 137
Trd, 4318409.543, 87
Trd, 4318411.393, 140
Trd, 4318411.843, 95
Trd, 4318412.493, 87
Trd, 4318412.943, 67
Trd, 4318414.043, 62
Trd, 4318414.343, 78
Trd, 4318415.343, 140
Trd, 4318416.793, 140
Trd, 4318416.893, 121
Trd, 4318417.343, 140
Trd, 4318418.043, 108
Trd, 4318418.793, 140
Trd, 4318419.443, 139
Trd, 4318419.743, 120
Trd, 4318420.143, 119
Trd, 4318421.043, 84
Trd, 4318421.293, 83
Trd, 4318421.743, 75
Trd, 4318422.793, 140
Trd, 4318423.093, 86
Trd, 4318424.443, 140
Trd, 4318424.493, 139
Trd, 4318424.743, 139
Trd, 4318425.843, 133
Trd, 4318425.993, 116
Trd, 4318426.743, 137
Trd, 4318427.343, 68
Trd, 4318429.543, 60
Trd, 4318429.793, 60
Trd, 4318430.043, 61
Trd, 4318430.943, 140
Trd, 4318431.193, 140
Trd, 4318431.293, 140
Trd, 4318432.043, 100
Trd, 4318432.993, 132
Trd, 4318433.043, 126
Trd, 4318434.443, 63
Trd, 4318435.993, 140
Trd, 4318437.093, 140
Trd, 4318437.493, 140
Trd, 4318438.093, 138
Trd, 4318438.793, 99
Trd, 4318439.743, 77
Trd, 4318439.843, 100
Trd, 4318440.543, 115
Trd, 4318441.193, 114
Trd, 4318441.743, 84
Trd, 4318442.143, 134
Trd, 4318442.993, 62
Trd, 4318444.143, 64
Trd, 4318444.343, 67
Trd, 4318446.493, 60
Trd, 4318447.293, 60
Trd, 4318447.543, 61
Trd, 4318447.643, 62
Trd, 4318449.543, 62
Trd, 4318450.343, 64
Trd, 4318450.993, 60
Trd, 4318451.143, 62
Trd, 4318452.343, 60
Trd, 4318452.993, 60
Trd, 4318454.143, 60
Trd, 4318454.293, 60
Trd, 4318454.543, 61
Trd, 4318454.693, 70
Trd, 4318454.843, 140
Trd, 4318456.643, 62
Trd, 4318456.693, 63
Trd, 4318458.743, 61
Trd, 4318458.793, 62
Trd, 4318459.143, 61
Trd, 4318459.443, 61
Trd, 4318460.243, 60
Trd, 4318460.793, 65
Trd, 4318461.693, 61
Trd, 4318462.593, 61
Trd, 4318463.743, 60
Trd, 4318463.893, 60
Trd, 4318464.243, 69
Trd, 4318464.543, 130
Trd, 4318465.093, 129
Trd, 4318468.043, 140
Trd, 4318468.193, 66
Trd, 4318468.393, 131
Trd, 4318469.293, 63
Trd, 4318470.393, 61
Trd, 4318471.143, 63
Trd, 4318471.743, 61
Trd, 4318471.943, 63
Trd, 4318472.643, 120
Trd, 4318473.793, 138
Trd, 4318474.843, 140
Trd, 4318475.543, 137
Trd, 4318475.793, 99
Trd, 4318476.443, 107
Trd, 4318476.643, 61
Trd, 4318477.493, 73
Trd, 4318477.693, 60
Trd, 4318479.293, 78
Trd, 4318479.693, 83
Trd, 4318479.993, 114
Trd, 4318481.843, 140
Trd, 4318482.443, 140
Trd, 4318483.043, 140
Trd, 4318483.493, 140
Trd, 4318484.793, 139
Trd, 4318484.843, 138
Trd, 4318485.293, 138
Trd, 4318486.143, 135
Trd, 4318486.493, 121
Trd, 4318486.793, 98
Trd, 4318487.943, 140
Trd, 4318488.293, 136
Trd, 4318488.793, 83
Trd, 4318489.993, 82
Trd, 4318490.243, 76
Trd, 4318490.993, 140
Trd, 4318491.843, 122
Trd, 4318492.843, 140
Trd, 4318492.943, 140
Trd, 4318493.343, 97
Trd, 4318494.443, 70
Trd, 4318494.843, 69
Trd, 4318496.493, 140
Trd, 4318497.093, 116
Trd, 4318498.643, 138
Trd, 4318498.743, 117
Trd, 4318499.393, 135
Trd, 4318499.543, 102
Trd, 4318500.243, 138
Trd, 4318500.343, 118
Trd, 4318501.743, 62
Trd, 4318501.843, 64
Trd, 4318502.593, 137
Trd, 4318504.643, 140
Trd, 4318504.693, 137
Trd, 4318504.943, 140
Trd, 4318505.093, 103
Trd, 4318506.143, 78
Trd, 4318506.293, 72
Trd, 4318506.543, 61
Trd, 4318507.443, 73
Trd, 4318508.893, 140
Trd, 4318510.293, 140
Trd, 4318510.793, 140
Trd, 4318512.443, 140
Trd, 4318512.593, 127
Trd, 4318512.793, 102
Trd, 4318513.143, 140
Trd, 4318513.593, 140
Trd, 4318514.093, 139
Trd, 4318515.443, 137
Trd, 4318516.443, 133
Trd, 4318516.493, 132
Trd, 4318518.193, 138
Trd, 4318518.643, 132
Trd, 4318519.693, 103
Trd, 4318520.743, 95
Trd, 4318521.043, 137
Trd, 4318521.493, 94
Trd, 4318521.643, 64
Trd, 4318522.943, 140
Trd, 4318523.393, 140
Trd, 4318523.643, 121
Trd, 4318523.993, 137
Trd, 4318524.893, 126
Trd, 4318525.443, 118
Trd, 4318525.543, 117
Trd, 4318526.143, 66
Trd, 4318527.943, 63
Trd, 4318528.043, 64
Trd, 4318528.693, 140
Trd, 4318530.093, 140
Trd, 4318531.543, 140
Trd, 4318532.543, 140
Trd, 4318533.543, 110
Trd, 4318534.093, 97
Trd, 4318534.593, 98
Trd, 4318535.843, 139
Trd, 4318536.043, 140
Trd, 4318536.243, 87
Trd, 4318537.093, 105
Trd, 4318537.243, 80
Trd, 4318537.343, 65
Trd, 4318538.043, 66
Trd, 4318538.393, 67
Trd, 4318540.093, 60
Trd, 4318540.743, 62
Trd, 4318541.243, 61
Trd, 4318541.643, 63
Trd, 4318541.843, 61
Trd, 4318542.043, 72
Trd, 4318542.493, 60
Trd, 4318542.993, 64
Trd, 4318544.993, 140
Trd, 4318545.893, 140
Trd, 4318546.093, 140
Trd, 4318546.843, 140
Trd, 4318546.993, 140
Trd, 4318547.243, 114
Trd, 4318548.743, 125
Trd, 4318549.743, 140
Trd, 4318550.543, 140
Trd, 4318551.243, 101
Trd, 4318552.843, 140
Trd, 4318552.993, 136
Trd, 4318553.093, 105
Trd, 4318554.143, 120
Trd, 4318554.693, 139
Trd, 4318554.993, 95
Trd, 4318555.143, 106
Trd, 4318555.343, 139
Trd, 4318555.993, 61
Trd, 4318558.043, 130
Trd, 4318558.993, 138
Trd, 4318559.343, 140
Trd, 4318559.793, 140
Trd, 4318560.193, 65
Trd, 4318561.693, 140
Trd, 4318562.143, 105
Trd, 4318563.693, 140
Trd, 4318564.093, 117
Trd, 4318564.793, 140
Trd, 4318565.243, 100
Trd, 4318565.643, 106
Trd, 4318566.243, 86
Trd, 4318568.243, 88
Trd, 4318568.693, 140
Trd, 4318569.443, 140
Trd, 4318569.693, 78
Trd, 4318569.993, 100
Trd, 4318570.093, 103
Trd, 4318570.343, 95
Trd, 4318570.443, 78
Trd, 4318571.993, 119
Trd, 4318572.043, 85
Trd, 4318573.943, 140
Trd, 4318574.493, 84
Trd, 4318574.693, 105
Trd, 4318575.693, 140
Trd, 4318577.643, 120
Trd, 4318577.843, 119
Trd, 4318578.593, 139
Trd, 4318579.193, 130
Trd, 4318579.543, 102
Trd, 4318580.443, 140
Trd, 4318581.143, 139
Trd, 4318581.893, 139
Trd, 4318582.293, 127
Trd, 4318583.893, 108
Trd, 4318584.393, 140
Trd, 4318586.193, 140
Trd, 4318586.293, 140
Trd, 4318586.693, 140
Trd, 4318587.043, 109
Trd, 4318587.193, 107
Trd, 4318587.693, 89
Trd, 4318588.143, 75
Trd, 4318589.343, 116
Trd, 4318590.243, 61
Trd, 4318590.493, 61
Trd, 4318590.643, 62
Trd, 4318591.793, 61
Trd, 4318591.893, 108
Trd, 4318592.443, 140
Trd, 4318592.993, 137
Trd, 4318593.193, 136
Trd, 4318593.293, 113
Trd, 4318593.993, 102
Trd, 4318595.443, 67
Trd, 4318595.843, 110
Trd, 4318597.243, 140
Trd, 4318598.393, 140
Trd, 4318598.643, 140
Trd, 4318599.343, 108
Trd, 4318599.693, 115
Trd, 4318599.943, 114
Trd, 4318600.493, 60
Trd, 4318600.743, 60
Trd, 4318600.793, 61
Trd, 4318601.793, 62
Trd, 4318603.293, 61
Trd, 4318604.293, 140
Trd, 4318604.593, 140
Trd, 4318605.443, 69
Trd, 4318606.043, 114
Trd, 4318606.993, 92
Trd, 4318607.143, 79
Trd, 4318608.243, 140
Trd, 4318608.293, 140
Trd, 4318608.843, 114
Trd, 4318609.143, 106
Trd, 4318609.343, 70
Trd, 4318609.843, 120
Trd, 4318611.543, 96
Trd, 4318611.893, 139
Trd, 4318613.193, 140
Trd, 4318613.343, 140
Trd, 4318613.543, 97
Trd, 4318613.843, 140
Trd, 4318615.093, 139
Trd, 4318617.443, 140
Trd, 4318617.543, 139
Trd, 4318618.193, 117
Trd, 4318618.493, 116
Trd, 4318618.593, 111
Trd, 4318619.143, 116
Trd, 4318621.143, 140
Trd, 4318622.043, 140
Trd, 4318622.343, 113
Trd, 4318624.143, 140
Trd, 4318624.593, 140
Trd, 4318625.193, 140
Trd, 4318625.293, 140
Trd, 4318625.493, 140
Trd, 4318627.193, 139
Trd, 4318627.593, 76
Trd, 4318628.943, 126
Trd, 4318629.543, 127
Trd, 4318630.293, 86
Trd, 4318630.893, 63
Trd, 4318631.293, 65
Trd, 4318632.943, 140
Trd, 4318633.143, 139
Trd, 4318633.493, 105
Trd, 4318634.093, 101
Trd, 4318634.593, 140
Trd, 4318635.193, 140
Trd, 4318635.593, 140
Trd, 4318636.793, 139
Trd, 4318637.743, 128
Trd, 4318638.693, 102
Trd, 4318639.343, 83
Trd, 4318639.793, 85
Trd, 4318640.443, 88
Trd, 4318641.243, 81
Trd, 4318641.893, 121
Trd, 4318643.043, 140
Trd, 4318643.243, 139
Trd, 4318643.743, 136
Trd, 4318644.443, 70
Trd, 4318644.743, 63
Trd, 4318644.893, 126
Trd, 4318645.993, 139
Trd, 4318646.593, 99
Trd, 4318646.793, 70
Trd, 4318648.843, 61
Trd, 4318649.143, 62
Trd, 4318650.543, 60
Trd, 4318650.893, 61
Trd, 4318651.393, 62
Trd, 4318651.443, 62
Trd, 4318652.743, 66
Trd, 4318653.843, 61
Trd, 4318654.543, 60
Trd, 4318654.793, 62
Trd, 4318655.393, 67
Trd, 4318657.193, 60
Trd, 4318657.493, 60
Trd, 4318657.793, 62
Trd, 4318658.943, 60
Trd, 4318659.193, 60
Trd, 4318659.293, 60
Trd, 4318659.593, 61
Trd, 4318661.143, 61
Trd, 4318662.243, 60
Trd, 4318662.393, 83
Trd, 4318663.243, 108
Trd, 4318663.393, 114
Trd, 4318663.693, 107
Trd, 4318665.143, 138
Trd, 4318665.943, 137
Trd, 4318666.443, 140
Trd, 4318666.693, 105
Trd, 4318667.093, 102
Trd, 4318667.693, 140
Trd, 4318668.643, 140
Trd, 4318668.843, 93
Trd, 4318670.193, 89
Trd, 4318670.393, 85
Trd, 4318671.143, 140
Trd, 4318671.293, 140
Trd, 4318672.293, 66
Trd, 4318673.793, 130
Trd, 4318674.443, 139
Trd, 4318674.543, 127
Trd, 4318675.343, 139
Trd, 4318676.743, 140
Trd, 4318676.943, 106
Trd, 4318677.443, 93
Trd, 4318678.493, 86
Trd, 4318679.043, 61
Trd, 4318679.543, 64
Trd, 4318679.943, 63
Trd, 4318680.843, 61
Trd, 4318682.593, 64
Trd, 4318682.893, 64
Trd, 4318683.493, 87
Trd, 4318684.143, 64
Trd, 4318684.993, 65
Trd, 4318685.293, 68
Trd, 4318686.493, 140
Trd, 4318686.793, 139
Trd, 4318687.343, 121
Trd, 4318689.143, 139
Trd, 4318689.443, 136
Trd, 4318689.543, 135
Trd, 4318689.593, 99
Trd, 4318690.143, 103
Trd, 4318690.593, 129
Trd, 4318691.393, 103
Trd, 4318691.543, 102
Trd, 4318692.443, 132
Trd, 4318693.943, 139
Trd, 4318694.043, 119
Trd, 4318695.693, 60
Trd, 4318695.743, 108
Trd, 4318696.343, 74
Trd, 4318696.893, 60
Trd, 4318697.593, 67
Trd, 4318697.993, 75
Trd, 4318699.643, 61
Trd, 4318700.343, 60
Trd, 4318700.743, 60
Trd, 4318701.393, 73
Trd, 4318701.643, 71
Trd, 4318702.093, 65
Trd, 4318703.493, 127
Trd, 4318704.043, 140
Trd, 4318704.493, 122
Trd, 4318704.593, 121
Trd, 4318705.093, 135
Trd, 4318706.343, 61
Trd, 4318706.993, 64
Trd, 4318707.193, 92
Trd, 4318709.143, 60
Trd, 4318709.443, 63
Trd, 4318709.593, 63
Trd, 4318710.143, 65
Trd, 4318710.493, 66
Trd, 4318710.543, 63
Trd, 4318710.993, 77
Trd, 4318712.043, 62
Trd, 4318713.193, 60
Trd, 4318713.443, 60
Trd, 4318713.743, 62
Trd, 4318714.993, 64
Trd, 4318715.843, 62
Trd, 4318716.393, 62
Trd, 4318716.743, 61
Trd, 4318716.893, 64
Trd, 4318717.693, 61
Trd, 4318718.693, 65
Trd, 4318719.893, 140
Trd, 4318720.493, 140
Trd, 4318721.293, 140
Trd, 4318721.493, 78
Trd, 4318721.793, 67
Trd, 4318722.543, 67
Trd, 4318723.093, 139
Trd, 4318724.243, 91
Trd, 4318725.243, 60
Trd, 4318725.493, 64
Trd, 4318726.293, 65
Trd, 4318727.593, 140
Trd, 4318727.943, 140
Trd, 4318728.193, 123
Trd, 4318728.393, 86
Trd, 4318728.493, 113
Trd, 4318729.893, 140
Trd, 4318730.693, 140
Trd, 4318731.343, 140
Trd, 4318732.393, 137
Trd, 4318733.743, 131
Trd, 4318734.043, 86
Trd, 4318734.893, 80
Trd, 4318734.993, 131
Trd, 4318735.693, 140
Trd, 4318736.793, 140
Trd, 4318737.943, 140
Trd, 4318738.193, 140
Trd, 4318738.443, 140
Trd, 4318739.043, 134
Trd, 4318739.143, 118
Trd, 4318739.193, 100
Trd, 4318740.443, 140
Trd, 4318740.493, 87
Trd, 4318741.543, 63
Trd, 4318741.643, 65
Trd, 4318743.293, 140
Trd, 4318743.693, 140
Trd, 4318744.293, 140
Trd, 4318746.343, 118
Trd, 4318746.443, 111
Trd, 4318746.693, 110
Trd, 4318746.793, 85
Trd, 4318747.093, 140
Trd, 4318747.493, 140
Trd, 4318749.143, 101
Trd, 4318749.643, 98
Trd, 4318751.393, 140
Trd, 4318751.643, 140
Trd, 4318752.243, 140
Trd, 4318752.743, 106
Trd, 4318753.043, 82
Trd, 4318753.893, 81
Trd, 4318754.243, 64
Trd, 4318754.993, 139
Trd, 4318756.343, 140
Trd, 4318756.443, 140
Trd, 4318757.093, 139
Trd, 4318757.343, 138
Trd, 4318758.543, 130
Trd, 4318758.943, 109
Trd, 4318760.293, 140
Trd, 4318760.543, 102
Trd, 4318761.693, 140
Trd, 4318762.343, 140
Trd, 4318762.693, 121
Trd, 4318762.743, 119
Trd, 4318764.443, 60
Trd, 4318764.543, 60
Trd, 4318765.993, 62
Trd, 4318766.193, 63
Trd, 4318767.343, 60
Trd, 4318768.043, 60
Trd, 4318768.143, 61
Trd, 4318768.343, 62
Trd, 4318768.743, 140
Trd, 4318768.993, 139
Trd, 4318769.443, 62
Trd, 4318770.993, 139
Trd, 4318771.493, 124
Trd, 4318772.093, 115
Trd, 4318772.493, 90
Trd, 4318772.693, 81
Trd, 4318772.893, 80
Trd, 4318773.893, 95
Trd, 4318774.543, 65
Trd, 4318776.293, 62
Trd, 4318777.293, 139
Trd, 4318777.543, 138
Trd, 4318777.843, 125
Trd, 4318779.293, 114
Trd, 4318779.343, 111
Trd, 4318780.393, 105
Trd, 4318780.993, 96
Trd, 4318782.393, 140
Trd, 4318782.543, 140
Trd, 4318782.643, 139
Trd, 4318783.443, 85
Trd, 4318785.443, 140
Trd, 4318785.593, 91
Trd, 4318785.893, 86
Trd, 4318788.093, 140
Trd, 4318788.543, 140
Trd, 4318788.693, 139
Trd, 4318789.393, 70
Trd, 4318790.343, 60
Trd, 4318790.443, 78
Trd, 4318791.993, 137
Trd, 4318792.143, 124
Trd, 4318792.393, 78
Trd, 4318793.293, 140
Trd, 4318793.993, 108
Trd, 4318794.393, 140
Trd, 4318795.393, 140
Trd, 4318796.743, 140
Trd, 4318797.743, 101
Trd, 4318798.193, 139
Trd, 4318799.243, 131
Trd, 4318800.293, 139
Trd, 4318801.243, 138
Trd, 4318801.943, 108
Trd, 4318802.443, 118
Trd, 4318802.593, 106
Trd, 4318802.843, 106
Trd, 4318803.893, 81
Trd, 4318804.593, 79
Trd, 4318806.193, 140
Trd, 4318806.443, 139
Trd, 4318808.243, 138
Trd, 4318808.643, 140
Trd, 4318809.243, 112
Trd, 4318809.843, 112
Trd, 4318810.143, 95
Trd, 4318811.043, 140
Trd, 4318811.393, 125
Trd, 4318811.893, 65
Trd, 4318812.243, 62
Trd, 4318812.743, 63
Trd, 4318812.793, 132
Trd, 4318813.143, 106
Trd, 4318813.493, 64
Trd, 4318814.893, 61
Trd, 4318816.393, 66
Trd, 4318816.793, 61
Trd, 4318817.043, 69
Trd, 4318817.193, 93
Trd, 4318817.343, 61
Trd, 4318818.893, 140
Trd, 4318820.043, 140
Trd, 4318820.993, 140
Trd, 4318821.643, 137
Trd, 4318822.243, 102
Trd, 4318822.543, 138
Trd, 4318822.743, 83
Trd, 4318822.943, 129
Trd, 4318824.193, 61
Trd, 4318826.643, 60
Trd, 4318826.843, 60
Trd, 4318826.993, 60
Trd, 4318827.093, 60
Trd, 4318827.493, 65
Trd, 4318828.343, 140
Trd, 4318829.093, 64
Trd, 4318829.793, 60
Trd, 4318830.943, 60
Trd, 4318831.243, 60
Trd, 4318832.443, 64
Trd, 4318832.943, 86
Trd, 4318833.343, 67
Trd, 4318833.593, 66
Trd, 4318833.843, 65
Trd, 4318833.943, 77
Trd, 4318835.793, 140
Trd, 4318835.943, 138
Trd, 4318836.593, 137
Trd, 4318836.643, 135
Trd, 4318837.543, 117
Trd, 4318838.043, 139
Trd, 4318839.143, 140
Trd, 4318839.943, 122
Trd, 4318840.093, 125
Trd, 4318840.493, 61
Trd, 4318840.993, 126
Trd, 4318842.193, 64
Trd, 4318842.443, 62
Trd, 4318842.593, 66
Trd, 4318842.993, 82
Trd, 4318843.843, 60
Trd, 4318845.243, 140
Trd, 4318846.143, 139
Trd, 4318846.693, 69
Trd, 4318847.343, 70
Trd, 4318848.093, 140
Trd, 4318848.593, 77
Trd, 4318848.693, 76
Trd, 4318849.343, 140
Trd, 4318851.093, 140
Trd, 4318852.143, 140
Trd, 4318852.393, 139
Trd, 4318853.093, 133
Trd, 4318854.293, 90
Trd, 4318854.693, 95
Trd, 4318854.943, 66
Trd, 4318856.043, 123
Trd, 4318856.543, 99
Trd, 4318858.543, 140
Trd, 4318858.593, 140
Trd, 4318859.543, 140
Trd, 4318859.893, 139
Trd, 4318860.693, 83
Trd, 4318860.943, 135
Trd, 4318862.093, 123
Trd, 4318863.043, 114
Trd, 4318863.293, 104
Trd, 4318863.743, 137
Trd, 4318863.843, 62
Trd, 4318864.793, 62
Trd, 4318864.993, 63
Trd, 4318865.743, 60
Trd, 4318866.143, 111
Trd, 4318867.243, 138
Trd, 4318867.893, 137
Trd, 4318868.293, 98
Trd, 4318868.543, 140
Trd, 4318869.593, 138
Trd, 4318870.993, 140
Trd, 4318871.343, 87
Trd, 4318872.293, 116
Trd, 4318872.743, 137
Trd, 4318873.693, 87
Trd, 4318875.443, 140
Trd, 4318875.593, 139
Trd, 4318875.893, 137
Trd, 4318876.693, 139
Trd, 4318876.843, 137
Trd, 4318876.893, 117
Trd, 4318878.743, 140
Trd, 4318878.943, 122
Trd, 4318879.843, 134
Trd, 4318880.693, 140
Trd, 4318881.293, 129
Trd, 4318882.243, 137
Trd, 4318882.693, 84
Trd, 4318883.543, 83
Trd, 4318883.843, 118
Trd, 4318883.993, 73
Trd, 4318885.543, 70
Trd, 4318886.143, 71
Trd, 4318886.743, 70
Trd, 4318887.793, 61
Trd, 4318888.393, 60
Trd, 4318888.793, 61
Trd, 4318888.843, 62
Trd, 4318890.343, 64
Trd, 4318890.443, 60
Trd, 4318891.243, 60
Trd, 4318891.693, 60
Trd, 4318891.993, 61
Trd, 4318892.793, 140
Trd, 4318893.443, 137
Trd, 4318894.393, 138
Trd, 4318894.543, 79
Trd, 4318895.543, 94
Trd, 4318896.293, 61
Trd, 4318896.843, 62
Trd, 4318897.493, 60
Trd, 4318898.293, 70
Trd, 4318899.593, 67
Trd, 4318900.043, 65
Trd, 4318900.193, 66
Trd, 4318900.243, 71
Trd, 4318900.543, 95
Trd, 4318901.493, 139
Trd, 4318903.893, 109
Trd, 4318904.093, 109
Trd, 4318904.143, 108
Trd, 4318904.493, 139
Trd, 4318904.543, 123
Trd, 4318905.043, 91
Trd, 4318905.893, 106
Trd, 4318906.943, 123
Trd, 4318907.193, 84
Trd, 4318907.543, 83
Trd, 4318908.293, 62
Trd, 4318908.793, 68
Trd, 4318909.693, 61
Trd, 4318910.143, 104
Trd, 4318911.493, 62
Trd, 4318911.593, 63
Trd, 4318912.143, 139
Trd, 4318912.343, 92
Trd, 4318913.293, 105
Trd, 4318913.943, 118
Trd, 4318915.143, 61
Trd, 4318915.593, 60
Trd, 4318915.843, 74
Trd, 4318916.343, 133
Trd, 4318916.693, 63
Trd, 4318918.493, 105
Trd, 4318919.043, 125
Trd, 4318919.093, 103
Trd, 4318921.243, 61
Trd, 4318921.643, 64
Trd, 4318921.693, 65
Trd, 4318921.843, 85
Trd, 4318923.343, 140
Trd, 4318924.343, 140
Trd, 4318924.593, 140
Trd, 4318924.793, 138
Trd, 4318925.443, 132
Trd, 4318927.093, 140
Trd, 4318927.593, 140
Trd, 4318928.543, 140
Trd, 4318928.693, 139
Trd, 4318928.793, 98
Trd, 4318929.043, 90
Trd, 4318931.493, 60
Trd, 4318932.893, 60
Trd, 4318933.193, 61
Trd, 4318933.343, 63
Trd, 4318933.443, 67
Trd, 4318934.043, 73
Trd, 4318934.793, 61
Trd, 4318935.543, 64
Trd, 4318935.893, 134
Trd, 4318936.143, 63
Trd, 4318936.993, 65
Trd, 4318937.643, 60
Trd, 4318938.093, 80
Trd, 4318938.543, 62
Trd, 4318939.043, 110
Trd, 4318940.393, 63
Trd, 4318940.943, 65
Trd, 4318942.793, 62
Trd, 4318944.743, 61
Trd, 4318944.793, 61
Trd, 4318944.843, 65
Trd, 4318945.093, 60
Trd, 4318945.343, 66
Trd, 4318945.693, 96
Trd, 4318946.493, 140
Trd, 4318946.743, 140
Trd, 4318947.093, 98
Trd, 4318947.993, 134
Trd, 4318948.443, 118
Trd, 4318949.093, 98
Trd, 4318950.693, 139
Trd, 4318950.943, 139
Trd, 4318951.343, 138
Trd, 4318952.893, 140
Trd, 4318953.343, 139
Trd, 4318954.043, 76
Trd, 4318954.543, 139
Trd, 4318956.743, 138
Trd, 4318957.693, 137
Trd, 4318958.293, 105
Trd, 4318958.543, 139
Trd, 4318958.843, 91
Trd, 4318958.993, 67
Trd, 4318959.593, 65
Trd, 4318959.743, 139
Trd, 4318960.043, 140
Trd, 4318960.643, 82
Trd, 4318960.893, 69
Trd, 4318961.893, 140
Trd, 4318963.143, 140
Trd, 4318963.993, 140
Trd, 4318964.543, 139
Trd, 4318965.043, 139
Trd, 4318965.293, 134
Trd, 4318966.393, 92
Trd, 4318967.093, 80
Trd, 4318967.493, 106
Trd, 4318967.843, 62
Trd, 4318968.893, 93
Trd, 4318969.493, 83
Trd, 4318971.743, 140
Trd, 4318972.693, 140
Trd, 4318974.193, 140
Trd, 4318974.243, 140
Trd, 4318974.343, 139
Trd, 4318975.693, 140
Trd, 4318975.943, 111
Trd, 4318976.393, 109
Trd, 4318978.443, 140
Trd, 4318978.893, 116
Trd, 4318979.593, 140
Trd, 4318979.993, 133
Trd, 4318980.343, 101
Trd, 4318980.543, 139
Trd, 4318981.743, 140
Trd, 4318982.343, 139
Trd, 4318982.793, 76
Trd, 4318983.793, 140
Trd, 4318984.243, 139
Trd, 4318985.193, 83
Trd, 4318985.793, 68
Trd, 4318986.543, 62
Trd, 4318986.693, 133
Trd, 4318988.593, 140
Trd, 4318988.693, 140
Trd, 4318988.943, 78
Trd, 4318990.093, 60
Trd, 4318991.093, 63
Trd, 4318991.293, 65
Trd, 4318991.693, 64
Trd, 4318992.093, 62
Trd, 4318992.993, 103
Trd, 4318993.043, 90
Trd, 4318993.443, 65
Trd, 4318994.793, 61
Trd, 4318995.343, 62
Trd, 4318996.143, 62
Trd, 4318996.843, 64
Trd, 4318996.893, 63
Trd, 4318997.743, 140
Trd, 4318998.493, 140
Trd, 4318998.843, 140
Trd, 4318999.593, 140
Trd, 4319001.643, 139
Trd, 4319001.843, 137
Trd, 4319002.243, 106
Trd, 4319003.043, 67
Trd, 4319003.743, 60
Trd, 4319004.143, 69
Trd, 4319005.043, 121
Trd, 4319005.743, 87
Trd, 4319006.643, 140
Trd, 4319007.143, 124
Trd, 4319007.843, 122
Trd, 4319009.293, 140
Trd, 4319010.543, 137
Trd, 4319011.243, 127
Trd, 4319011.843, 140
Trd, 4319012.293, 140
Trd, 4319012.543, 140
Trd, 4319013.793, 140
Trd, 4319013.943, 140
Trd, 4319014.643, 139
Trd, 4319014.693, 133
Trd, 4319014.893, 131
Trd, 4319014.993, 101
Trd, 4319016.743, 132
Trd, 4319017.643, 116
Trd, 4319017.843, 114
Trd, 4319018.143, 94
Trd, 4319018.993, 140
Trd, 4319019.393, 139
Trd, 4319019.643, 139
Trd, 4319019.693, 120
Trd, 4319020.893, 78
Trd, 4319021.343, 63
Trd, 4319023.493, 60
Trd, 4319023.593, 60
Trd, 4319024.593, 60
Trd, 4319024.693, 61
Trd, 4319024.943, 62
Trd, 4319025.093, 63
Trd, 4319027.543, 60
Trd, 4319027.743, 63
Trd, 4319027.793, 63
Trd, 4319027.993, 65
Trd, 4319028.343, 61
Trd, 4319028.893, 60
Trd, 4319030.093, 139
Trd, 4319030.693, 139
Trd, 4319031.393, 140
Trd, 4319032.593, 139
Trd, 4319033.543, 70
Trd, 4319033.793, 78
Trd, 4319034.043, 140
Trd, 4319035.243, 140
Trd, 4319035.293, 140
Trd, 4319036.393, 104
Trd, 4319036.543, 102
Trd, 4319036.693, 66
Trd, 4319037.793, 140
Trd, 4319039.243, 63
Trd, 4319039.343, 65
Trd, 4319041.193, 137
Trd, 4319041.243, 136
Trd, 4319042.143, 135
Trd, 4319042.543, 140
Trd, 4319043.943, 140
Trd, 4319044.443, 139
Trd, 4319044.643, 87
Trd, 4319045.243, 98
Trd, 4319046.543, 69
Trd, 4319046.943, 61
Trd, 4319047.443, 140
Trd, 4319048.193, 67
Trd, 4319050.093, 93
Trd, 4319051.493, 139
Trd, 4319051.543, 95
Trd, 4319052.943, 114
Trd, 4319053.093, 140
Trd, 4319053.943, 131
Trd, 4319054.393, 130
Trd, 4319055.643, 138
Trd, 4319056.143, 96
Trd, 4319056.393, 137
Trd, 4319056.793, 121
Trd, 4319057.293, 140
Trd, 4319057.593, 140
Trd, 4319058.293, 114
Trd, 4319058.593, 80
Trd, 4319059.593, 137
Trd, 4319060.043, 73
Trd, 4319061.043, 139
Trd, 4319061.093, 127
Trd, 4319061.393, 79
Trd, 4319062.793, 62
Trd, 4319064.043, 60
Trd, 4319064.643, 60
Trd, 4319064.943, 61
Trd, 4319066.243, 60
Trd, 4319067.193, 62
Trd, 4319067.443, 63
Trd, 4319067.793, 61
Trd, 4319068.343, 64
Trd, 4319068.443, 104
Trd, 4319068.543, 67
Trd, 4319069.493, 67
Trd, 4319070.843, 66
Trd, 4319071.243, 85
Trd, 4319071.493, 60
Trd, 4319071.993, 94
Trd, 4319072.943, 139
Trd, 4319073.343, 138
Trd, 4319073.743, 101
Trd, 4319074.443, 62
Trd, 4319075.493, 66
Trd, 4319076.243, 71
Trd, 4319078.593, 140
Trd, 4319078.793, 140
Trd, 4319079.443, 140
Trd, 4319079.943, 140
Trd, 4319080.093, 140
Trd, 4319080.643, 130
Trd, 4319080.993, 116
Trd, 4319081.593, 115
Trd, 4319082.093, 140
Trd, 4319083.293, 140
Trd, 4319084.043, 139
Trd, 4319084.393, 120
Trd, 4319084.543, 98
Trd, 4319085.343, 138
Trd, 4319085.943, 139
Trd, 4319086.843, 140
Trd, 4319087.193, 97
Trd, 4319087.743, 90
Trd, 4319088.493, 94
Trd, 4319089.543, 140
Trd, 4319089.743, 140
Trd, 4319091.843, 140
Trd, 4319092.093, 140
Trd, 4319092.493, 126
Trd, 4319093.093, 100
Trd, 4319093.293, 79
Trd, 4319093.743, 95
Trd, 4319094.143, 65
Trd, 4319094.893, 80
Trd, 4319095.293, 81
Trd, 4319095.743, 62
Trd, 4319096.993, 60
Trd, 4319097.643, 60
Trd, 4319097.843, 60
Trd, 4319099.243, 60
Trd, 4319099.593, 60
Trd, 4319099.743, 64
Trd, 4319101.743, 61
Trd, 4319101.893, 62
Trd, 4319102.043, 60
Trd, 4319102.543, 63
Trd, 4319102.993, 60
Trd, 4319103.443, 139
Trd, 4319105.143, 63
Trd, 4319105.543, 67
Trd, 4319105.593, 73
Trd, 4319106.543, 140
Trd, 4319107.343, 140
Trd, 4319108.143, 140
Trd, 4319108.343, 84
Trd, 4319109.393, 126
Trd, 4319110.343, 61
Trd, 4319110.743, 61
Trd, 4319111.043, 60
Trd, 4319111.143, 63
Trd, 4319112.193, 64
Trd, 4319112.643, 89
Trd, 4319113.043, 63
Trd, 4319113.243, 69
Trd, 4319114.343, 63
Trd, 4319114.643, 62
Trd, 4319115.843, 60
Trd, 4319116.843, 62
Trd, 4319117.243, 63
Trd, 4319117.993, 60
Trd, 4319118.243, 61
Trd, 4319118.393, 64
Trd, 4319119.493, 62
Trd, 4319120.843, 60
Trd, 4319120.943, 65
Trd, 4319121.193, 69
Trd, 4319121.843, 137
Trd, 4319122.393, 140
Trd, 4319123.093, 136
Trd, 4319123.393, 138
Trd, 4319124.093, 71
Trd, 4319124.193, 70
Trd, 4319125.893, 60
Trd, 4319126.243, 73
Trd, 4319128.143, 60
Trd, 4319128.443, 60
Trd, 4319128.593, 61
Trd, 4319128.643, 62
Trd, 4319129.143, 60
Trd, 4319129.293, 60
Trd, 4319130.843, 60
Trd, 4319131.043, 60
Trd, 4319131.793, 60
Trd, 4319132.393, 90
Trd, 4319132.793, 140
Trd, 4319133.693, 140
Trd, 4319133.993, 140
Trd, 4319134.493, 138
Trd, 4319134.793, 83
Trd, 4319135.343, 107
Trd, 4319135.593, 75
Trd, 4319136.543, 140
Trd, 4319137.493, 139
Trd, 4319138.243, 127
Trd, 4319138.843, 140
Trd, 4319139.743, 136
Trd, 4319140.593, 62
Trd, 4319140.743, 63
Trd, 4319140.893, 80
Trd, 4319142.443, 61
Trd, 4319143.193, 61
Trd, 4319143.693, 60
Trd, 4319144.143, 62
Trd, 4319144.443, 69
Trd, 4319147.343, 140
Trd, 4319147.593, 140
Trd, 4319148.093, 140
Trd, 4319148.293, 140
Trd, 4319148.943, 140
Trd, 4319149.893, 126
Trd, 4319150.943, 113
Trd, 4319151.243, 110
Trd, 4319151.343, 89
Trd, 4319152.693, 77
Trd, 4319152.743, 76
Trd, 4319153.443, 79
Trd, 4319153.843, 140
Trd, 4319154.043, 69
Trd, 4319154.643, 140
Trd, 4319155.893, 140
Trd, 4319156.743, 139
Trd, 4319157.493, 94
Trd, 4319157.893, 61
Trd, 4319157.943, 62
Trd, 4319158.893, 140
Trd, 4319159.993, 63
Trd, 4319160.443, 62
Trd, 4319162.243, 60
Trd, 4319162.493, 60
Trd, 4319162.593, 62
Trd, 4319163.393, 65
Trd, 4319163.693, 63
Trd, 4319164.043, 62
Trd, 4319165.043, 63
Trd, 4319165.643, 60
Trd, 4319166.843, 68
Trd, 4319167.993, 140
Trd, 4319168.293, 140
Trd, 4319168.693, 140
Trd, 4319168.843, 138
Trd, 4319170.293, 140
Trd, 4319170.443, 140
Trd, 4319171.743, 60
Trd, 4319172.693, 62
Trd, 4319173.443, 60
Trd, 4319173.493, 61
Trd, 4319174.343, 60
Trd, 4319174.693, 62
Trd, 4319175.093, 62
Trd, 4319176.493, 63
Trd, 4319177.893, 140
Trd, 4319178.093, 138
Trd, 4319178.243, 96
Trd, 4319178.793, 93
Trd, 4319179.693, 134
Trd, 4319179.993, 78
Trd, 4319181.343, 115
Trd, 4319181.493, 62
Trd, 4319181.593, 63
Trd, 4319182.193, 75
Trd, 4319183.193, 131
Trd, 4319184.493, 140
Trd, 4319184.593, 139
Trd, 4319185.843, 139
Trd, 4319186.293, 140
Trd, 4319187.043, 140
Trd, 4319187.493, 131
Trd, 4319187.643, 92
Trd, 4319188.393, 98
Trd, 4319189.693, 139
Trd, 4319190.093, 101
Trd, 4319190.893, 140
Trd, 4319191.493, 132
Trd, 4319192.143, 94
Trd, 4319192.293, 93
Trd, 4319194.343, 62
Trd, 4319194.593, 62
Trd, 4319194.893, 61
Trd, 4319195.193, 62
Trd, 4319195.493, 132
Trd, 4319196.393, 140
Trd, 4319197.393, 134
Trd, 4319197.943, 138
Trd, 4319198.143, 77
Trd, 4319199.543, 66
Trd, 4319200.243, 67
Trd, 4319200.693, 69
Trd, 4319201.993, 132
Trd, 4319202.643, 128
Trd, 4319202.843, 66
Trd, 4319204.143, 60
Trd, 4319204.693, 63
Trd, 4319205.043, 72
Trd, 4319205.293, 65
Trd, 4319205.643, 121
Trd, 4319205.793, 137
Trd, 4319206.743, 91
Trd, 4319207.243, 90
Trd, 4319208.793, 139
Trd, 4319210.343, 140
Trd, 4319210.893, 139
Trd, 4319211.043, 132
Trd, 4319211.893, 88
Trd, 4319212.543, 87
Trd, 4319212.943, 140
Trd, 4319213.443, 68
Trd, 4319213.493, 69
Trd, 4319214.193, 140
Trd, 4319214.993, 98
Trd, 4319215.243, 91
Trd, 4319215.643, 140
Trd, 4319216.393, 140
Trd, 4319216.943, 140
Trd, 4319217.393, 92
Trd, 4319218.643, 60
Trd, 4319218.993, 69
Trd, 4319220.693, 121
Trd, 4319220.743, 89
Trd, 4319221.843, 60
Trd, 4319223.493, 60
Trd, 4319223.843, 60
Trd, 4319224.043, 68
Trd, 4319224.343, 61
Trd, 4319225.643, 60
Trd, 4319225.893, 63
Trd, 4319226.443, 139
Trd, 4319227.443, 139
Trd, 4319227.843, 76
Trd, 4319228.793, 60
Trd, 4319229.143, 126
Trd, 4319229.593, 125
Trd, 4319231.043, 67
Trd, 4319231.243, 66
Trd, 4319232.743, 93
Trd, 4319233.193, 70
Trd, 4319233.993, 99
Trd, 4319234.043, 72
Trd, 4319234.243, 101
Trd, 4319236.343, 60
Trd, 4319236.993, 60
Trd, 4319237.593, 62
Trd, 4319238.243, 140
Trd, 4319238.343, 138
Trd, 4319239.043, 112
Trd, 4319240.643, 140
Trd, 4319240.943, 92
Trd, 4319241.743, 140
Trd, 4319241.843, 139
Trd, 4319242.643, 117
Trd, 4319243.843, 139
Trd, 4319245.593, 131
Trd, 4319245.943, 139
Trd, 4319246.293, 138
Trd, 4319246.943, 140
Trd, 4319247.793, 131
Trd, 4319248.693, 95
Trd, 4319249.243, 85
Trd, 4319250.443, 140
Trd, 4319250.793, 69
Trd, 4319251.193, 79
Trd, 4319252.093, 95
Trd, 4319252.843, 140
Trd, 4319252.993, 140
Trd, 4319253.493, 140
Trd, 4319253.893, 139
Trd, 4319257.043, 114
Trd, 4319257.893, 140
Trd, 4319258.393, 116
Trd, 4319258.993, 138
Trd, 4319259.743, 111
Trd, 4319260.593, 116
Trd, 4319261.143, 111
Trd, 4319261.193, 109
Trd, 4319261.993, 107
Trd, 4319262.043, 97
Trd, 4319263.893, 139
Trd, 4319264.143, 139
Trd, 4319264.393, 135
Trd, 4319264.793, 140
Trd, 4319265.493, 105
Trd, 4319266.743, 110
Trd, 4319266.893, 138
Trd, 4319266.943, 109
Trd, 4319267.093, 97
Trd, 4319267.943, 133
Trd, 4319268.693, 83
Trd, 4319269.093, 69
Trd, 4319269.243, 108
Trd, 4319269.743, 64
Trd, 4319272.693, 136
Trd, 4319273.643, 140
Trd, 4319273.893, 140
Trd, 4319274.643, 108
Trd, 4319275.793, 139
Trd, 4319276.743, 114
Trd, 4319276.793, 79
Trd, 4319276.843, 76
Trd, 4319277.193, 60
Trd, 4319278.843, 68
Trd, 4319279.143, 60
Trd, 4319279.693, 68
Trd, 4319279.793, 66
Trd, 4319280.743, 64
Trd, 4319281.093, 61
Trd, 4319281.143, 70
Trd, 4319282.343, 62
Trd, 4319283.693, 140
Trd, 4319284.593, 140
Trd, 4319285.243, 140
Trd, 4319285.343, 139
Trd, 4319286.193, 119
Trd, 4319286.643, 115
Trd, 4319287.543, 140
Trd, 4319287.593, 105
Trd, 4319289.093, 106
Trd, 4319289.643, 139
Trd, 4319290.443, 120
Trd, 4319290.743, 85
Trd, 4319290.893, 133
Trd, 4319291.743, 124
Trd, 4319292.193, 120
Trd, 4319292.993, 140
Trd, 4319293.143, 105
Trd, 4319293.643, 121
Trd, 4319295.093, 62
Trd, 4319296.193, 67
Trd, 4319296.493, 73
Trd, 4319297.193, 63
Trd, 4319297.893, 66
Trd, 4319299.043, 118
Trd, 4319299.243, 117
Trd, 4319299.543, 140
Trd, 4319300.543, 77
Trd, 4319301.743, 61
Trd, 4319302.893, 92
Trd, 4319304.143, 140
Trd, 4319304.293, 140
Trd, 4319304.393, 140
Trd, 4319304.443, 140
Trd, 4319305.143, 140
Trd, 4319305.543, 136
Trd, 4319306.143, 90
Trd, 4319307.543, 137
Trd, 4319307.993, 129
Trd, 4319309.793, 140
Trd, 4319310.843, 139
Trd, 4319310.993, 115
Trd, 4319312.893, 105
Trd, 4319313.043, 139
Trd, 4319314.343, 131
Trd, 4319315.293, 134
Trd, 4319315.943, 111
Trd, 4319316.493, 139
Trd, 4319317.943, 71
Trd, 4319318.193, 64
Trd, 4319319.193, 139
Trd, 4319319.793, 65
Trd, 4319321.043, 138
Trd, 4319321.243, 140
Trd, 4319322.093, 139
Trd, 4319323.443, 114
Trd, 4319324.343, 119
Trd, 4319324.893, 109
Trd, 4319325.393, 133
Trd, 4319325.593, 82
Trd, 4319326.793, 124
Trd, 4319327.193, 138
Trd, 4319328.043, 139
Trd, 4319328.243, 99
Trd, 4319329.543, 138
Trd, 4319330.093, 120
Trd, 4319330.743, 102
Trd, 4319331.043, 140
Trd, 4319331.493, 92
Trd, 4319332.793, 97
Trd, 4319333.143, 136
Trd, 4319333.643, 139
Trd, 4319333.893, 103
Trd, 4319334.543, 93
Trd, 4319335.243, 62
Trd, 4319336.693, 110
Trd, 4319336.993, 84
Trd, 4319337.143, 80
Trd, 4319337.843, 72
Trd, 4319338.343, 139
Trd, 4319338.543, 67
Trd, 4319339.393, 138
Trd, 4319339.693, 137
Trd, 4319341.043, 140
Trd, 4319341.693, 88
Trd, 4319342.693, 85
Trd, 4319342.943, 82
Trd, 4319343.293, 127
Trd, 4319343.843, 63
Trd, 4319345.793, 64
Trd, 4319346.243, 62
Trd, 4319346.643, 64
Trd, 4319346.843, 64
Trd, 4319346.943, 69
Trd, 4319347.143, 68
Trd, 4319348.093, 139
Trd, 4319348.843, 123
Trd, 4319348.993, 104
Trd, 4319349.343, 104
Trd, 4319350.693, 136
Trd, 4319351.993, 138
Trd, 4319352.493, 117
Trd, 4319354.543, 140
Trd, 4319355.843, 140
Trd, 4319356.043, 140
Trd, 4319356.343, 139
Trd, 4319357.993, 140
Trd, 4319358.643, 140
Trd, 4319358.893, 133
Trd, 4319359.293, 118
Trd, 4319359.393, 97
Trd, 4319360.743, 88
Trd, 4319360.793, 87
Trd, 4319362.293, 139
Trd, 4319362.593, 138
Trd, 4319363.393, 140
Trd, 4319363.743, 140
Trd, 4319364.593, 121
Trd, 4319365.843, 140
Trd, 4319366.693, 139
Trd, 4319367.093, 140
Trd, 4319367.593, 102
Trd, 4319367.793, 93
Trd, 4319368.243, 139
Trd, 4319369.243, 72
Trd, 4319369.893, 72
Trd, 4319371.093, 140
Trd, 4319372.543, 140
Trd, 4319373.043, 139
Trd, 4319373.143, 102
Trd, 4319373.493, 96
Trd, 4319374.543, 128
Trd, 4319375.043, 127
Trd, 4319375.193, 140
Trd, 4319376.443, 91
Trd, 4319376.743, 139
Trd, 4319378.293, 109
Trd, 4319378.943, 126
Trd, 4319379.243, 137
Trd, 4319379.293, 124
Trd, 4319380.293, 140
Trd, 4319381.093, 140
Trd, 4319382.043, 134
Trd, 4319382.343, 109
Trd, 4319382.743, 135
Trd, 4319382.993, 114
Trd, 4319383.093, 96
Trd, 4319383.243, 101
Trd, 4319384.343, 62
Trd, 4319385.093, 139
Trd, 4319386.593, 123
Trd, 4319386.643, 121
Trd, 4319387.293, 126
Trd, 4319387.943, 140
Trd, 4319389.543, 140
Trd, 4319390.093, 139
Trd, 4319391.143, 140
Trd, 4319391.193, 138
Trd, 4319391.443, 69
Trd, 4319392.043, 139
Trd, 4319392.493, 123
Trd, 4319393.093, 98
Trd, 4319393.843, 140
Trd, 4319394.593, 140
Trd, 4319395.093, 71
Trd, 4319396.593, 95
Trd, 4319396.943, 133
Trd, 4319397.743, 136
Trd, 4319398.093, 67
Trd, 4319398.543, 77
Trd, 4319398.943, 63
Trd, 4319399.143, 62
Trd, 4319400.143, 140
Trd, 4319401.193, 112
Trd, 4319401.443, 93
Trd, 4319402.493, 96
Trd, 4319403.093, 116
Trd, 4319403.793, 139
Trd, 4319403.993, 138
Trd, 4319405.393, 140
Trd, 4319405.743, 138
Trd, 4319406.343, 138
Trd, 4319406.843, 118
Trd, 4319407.243, 117
Trd, 4319408.193, 136
Trd, 4319408.393, 101
Trd, 4319409.593, 140
Trd, 4319409.693, 140
Trd, 4319409.943, 140
Trd, 4319411.443, 140
Trd, 4319412.043, 140
Trd, 4319412.443, 140
Trd, 4319413.743, 138
Trd, 4319414.243, 128
Trd, 4319414.843, 140
Trd, 4319415.893, 95
Trd, 4319417.193, 140
Trd, 4319418.543, 140
Trd, 4319418.693, 140
Trd, 4319419.043, 140
Trd, 4319419.093, 139
Trd, 4319419.293, 120
Trd, 4319421.143, 140
Trd, 4319422.493, 140
Trd, 4319423.093, 135
Trd, 4319423.443, 104
Trd, 4319423.643, 94
Trd, 4319424.643, 140
Trd, 4319424.893, 139
Trd, 4319425.093, 103
Trd, 4319425.943, 82
Trd, 4319426.393, 139
Trd, 4319426.893, 63
Trd, 4319428.543, 60
Trd, 4319429.293, 60
Trd, 4319429.893, 60
Trd, 4319430.143, 67
Trd, 4319430.643, 68
Trd, 4319431.243, 140
Trd, 4319431.593, 140
Trd, 4319432.493, 92
Trd, 4319433.743, 138
Trd, 4319434.443, 139
Trd, 4319434.793, 107
Trd, 4319435.293, 137
Trd, 4319435.793, 140
Trd, 4319436.443, 139
Trd, 4319437.393, 139
Trd, 4319438.543, 140
Trd, 4319439.293, 125
Trd, 4319439.393, 92
Trd, 4319439.993, 95
Trd, 4319440.743, 94
Trd, 4319440.993, 96
Trd, 4319441.443, 81
Trd, 4319441.843, 92
Trd, 4319443.743, 60
Trd, 4319444.693, 63
Trd, 4319445.393, 61
Trd, 4319445.993, 63
Trd, 4319446.943, 60
Trd, 4319447.143, 71
Trd, 4319448.543, 66
Trd, 4319448.843, 67
Trd, 4319449.243, 64
Trd, 4319450.243, 65
Trd, 4319450.393, 66
Trd, 4319450.593, 72
Trd, 4319450.993, 139
Trd, 4319452.543, 139
Trd, 4319453.043, 138
Trd, 4319453.143, 122
Trd, 4319453.293, 96
Trd, 4319454.293, 138
Trd, 4319455.043, 127
Trd, 4319456.243, 100
Trd, 4319458.143, 140
Trd, 4319458.793, 140
Trd, 4319458.993, 140
Trd, 4319459.643, 139
Trd, 4319460.193, 110
Trd, 4319460.843, 139
Trd, 4319461.943, 88
Trd, 4319462.343, 109
Trd, 4319463.043, 139
Trd, 4319463.243, 87
Trd, 4319463.543, 60
Trd, 4319463.593, 61
Trd, 4319464.043, 140
Trd, 4319465.193, 104
Trd, 4319466.043, 140
Trd, 4319467.843, 140
Trd, 4319468.093, 140
Trd, 4319468.493, 140
Trd, 4319468.543, 140
Trd, 4319469.293, 137
Trd, 4319470.143, 134
Trd, 4319470.443, 94
Trd, 4319471.143, 140
Trd, 4319471.993, 140
Trd, 4319473.743, 103
Trd, 4319473.793, 100
Trd, 4319473.943, 89
Trd, 4319474.243, 139
Trd, 4319475.393, 140
Trd, 4319475.893, 140
Trd, 4319476.743, 108
Trd, 4319477.593, 129
Trd, 4319478.343, 101
Trd, 4319478.643, 66
Trd, 4319479.293, 139
Trd, 4319479.993, 80
Trd, 4319480.593, 139
Trd, 4319480.693, 73
Trd, 4319482.843, 140
Trd, 4319484.293, 140
Trd, 4319484.843, 140
Trd, 4319485.093, 138
Trd, 4319485.493, 137
Trd, 4319485.743, 125
Trd, 4319487.343, 85
Trd, 4319487.493, 76
Trd, 4319487.693, 75
Trd, 4319488.093, 137
Trd, 4319489.543, 140
Trd, 4319490.543, 140
Trd, 4319490.743, 140
Trd, 4319492.443, 118
Trd, 4319492.493, 107
Trd, 4319492.843, 75
Trd, 4319493.093, 140
Trd, 4319494.543, 140
Trd, 4319495.193, 139
Trd, 4319495.743, 136
Trd, 4319496.293, 90
Trd, 4319496.893, 65
Trd, 4319497.243, 62
Trd, 4319498.093, 139
Trd, 4319498.743, 140
Trd, 4319500.643, 132
Trd, 4319500.993, 131
Trd, 4319501.643, 140
Trd, 4319502.243, 140
Trd, 4319504.143, 140
Trd, 4319504.643, 116
Trd, 4319505.043, 80
Trd, 4319505.243, 140
Trd, 4319506.693, 140
Trd, 4319507.643, 140
Trd, 4319508.093, 73
Trd, 4319508.443, 66
Trd, 4319508.943, 114
Trd, 4319510.893, 140
Trd, 4319511.193, 140
Trd, 4319512.493, 118
Trd, 4319514.193, 96
Trd, 4319514.593, 96
Trd, 4319514.943, 109
Trd, 4319515.793, 140
Trd, 4319516.543, 137
Trd, 4319516.693, 135
Trd, 4319517.243, 138
Trd, 4319518.093, 137
Trd, 4319518.843, 126
Trd, 4319519.293, 103
Trd, 4319519.393, 75
Trd, 4319520.643, 135
Trd, 4319521.943, 121
Trd, 4319522.093, 120
Trd, 4319523.093, 140
Trd, 4319523.443, 116
Trd, 4319523.593, 137
Trd, 4319523.893, 120
Trd, 4319524.693, 80
Trd, 4319525.493, 140
Trd, 4319526.843, 140
Trd, 4319527.243, 110
Trd, 4319527.893, 140
Trd, 4319528.543, 140
Trd, 4319530.193, 140
Trd, 4319531.193, 140
Trd, 4319531.343, 138
Trd, 4319531.693, 105
Trd, 4319532.143, 106
Trd, 4319532.693, 132
Trd, 4319533.893, 138
Trd, 4319534.143, 117
Trd, 4319535.143, 139
Trd, 4319535.393, 112
Trd, 4319535.643, 67
Trd, 4319536.443, 61
Trd, 4319536.493, 66
Trd, 4319537.443, 138
Trd, 4319537.743, 95
Trd, 4319539.943, 140
Trd, 4319540.493, 140
Trd, 4319540.793, 139
Trd, 4319540.893, 138
Trd, 4319541.093, 104
Trd, 4319542.743, 91
Trd, 4319543.243, 112
Trd, 4319545.143, 140
Trd, 4319545.243, 138
Trd, 4319545.943, 139
Trd, 4319546.043, 137
Trd, 4319546.143, 124
Trd, 4319547.693, 140
Trd, 4319548.993, 130
Trd, 4319549.543, 135
Trd, 4319549.843, 140
Trd, 4319550.693, 98
Trd, 4319550.743, 89
Trd, 4319550.893, 85
Trd, 4319552.943, 138
Trd, 4319553.293, 136
Trd, 4319553.443, 97
Trd, 4319553.843, 71
Trd, 4319555.093, 68
Trd, 4319556.743, 140
Trd, 4319556.793, 140
Trd, 4319557.493, 137
Trd, 4319557.793, 140
Trd, 4319558.543, 139
Trd, 4319558.593, 128
Trd, 4319559.043, 124
Trd, 4319559.443, 121
Trd, 4319560.593, 125
Trd, 4319560.943, 108
Trd, 4319561.593, 70
Trd, 4319561.893, 63
Trd, 4319563.243, 140
Trd, 4319564.243, 140
Trd, 4319564.893, 133
Trd, 4319565.293, 132
Trd, 4319566.243, 84
Trd, 4319566.393, 81
Trd, 4319567.093, 139
Trd, 4319567.443, 140
Trd, 4319568.143, 118
Trd, 4319568.793, 93
Trd, 4319569.593, 140
Trd, 4319570.343, 140
Trd, 4319570.443, 138
Trd, 4319571.643, 81
Trd, 4319572.043, 82
Trd, 4319572.793, 140
Trd, 4319573.243, 101
Trd, 4319573.343, 70
Trd, 4319574.943, 140
Trd, 4319575.843, 140
Trd, 4319576.843, 140
Trd, 4319577.843, 140
Trd, 4319578.943, 140
Trd, 4319580.293, 140
Trd, 4319580.393, 128
Trd, 4319581.793, 137
Trd, 4319581.943, 139
Trd, 4319582.293, 135
Trd, 4319582.343, 107
Trd, 4319583.143, 98
Trd, 4319583.293, 98
Trd, 4319584.593, 140
Trd, 4319585.043, 140
Trd, 4319585.893, 136
Trd, 4319586.943, 92
Trd, 4319587.343, 63
Trd, 4319587.543, 81
Trd, 4319588.193, 94
Trd, 4319589.593, 60
Trd, 4319589.943, 60
Trd, 4319591.293, 60
Trd, 4319591.943, 60
Trd, 4319591.993, 63
Trd, 4319592.443, 63
Trd, 4319592.543, 64
Trd, 4319594.043, 64
Trd, 4319594.093, 108
Trd, 4319596.393, 60
Trd, 4319596.443, 60
Trd, 4319596.843, 61
Trd, 4319597.243, 63
Trd, 4319597.393, 70
Trd, 4319597.543, 61
Trd, 4319598.693, 140
Trd, 4319599.193, 66
Trd, 4319599.343, 64
Trd, 4319600.593, 72
Trd, 4319601.143, 61
Trd, 4319601.293, 139
Trd, 4319601.993, 66
Trd, 4319602.643, 64
Trd, 4319602.843, 60
Trd, 4319603.343, 111
Trd, 4319603.543, 136
Trd, 4319603.843, 84
Trd, 4319604.693, 63
Trd, 4319606.243, 108
Trd, 4319606.993, 101
Trd, 4319607.193, 99
Trd, 4319607.543, 97
Trd, 4319608.593, 60
Trd, 4319608.743, 60
Trd, 4319608.843, 60
Trd, 4319609.743, 61
Trd, 4319611.293, 61
Trd, 4319611.643, 61
Trd, 4319611.693, 62
Trd, 4319612.343, 62
Trd, 4319612.843, 60
Trd, 4319614.193, 60
Trd, 4319614.793, 62
Trd, 4319614.943, 64
Trd, 4319615.293, 65
Trd, 4319616.693, 60
Trd, 4319616.743, 68
Trd, 4319617.643, 62
Trd, 4319618.643, 60
Trd, 4319618.943, 66
Trd, 4319621.343, 140
Trd, 4319621.643, 140
Trd, 4319622.243, 140
Trd, 4319622.293, 140
Trd, 4319622.943, 120
Trd, 4319623.393, 106
Trd, 4319623.793, 133
Trd, 4319623.893, 117
Trd, 4319625.293, 136
Trd, 4319625.893, 130
Trd, 4319626.193, 129
Trd, 4319626.393, 128
Trd, 4319627.143, 136
Trd, 4319628.743, 106
Trd, 4319629.343, 87
Trd, 4319630.043, 140
Trd, 4319630.793, 139
Trd, 4319631.293, 95
Trd, 4319631.993, 140
Trd, 4319632.143, 140
Trd, 4319632.893, 80
Trd, 4319633.143, 70
Trd, 4319635.493, 72
Trd, 4319636.343, 62
Trd, 4319637.043, 60
Trd, 4319637.193, 64
Trd, 4319637.443, 135
Trd, 4319637.693, 63
Trd, 4319639.643, 139
Trd, 4319639.893, 118
Trd, 4319640.393, 66
Trd, 4319643.693, 140
Trd, 4319644.293, 139
Trd, 4319644.643, 131
Trd, 4319645.443, 65
Trd, 4319646.043, 60
Trd, 4319646.443, 61
Trd, 4319646.743, 65
Trd, 4319647.393, 62
Trd, 4319648.043, 72
Trd, 4319648.643, 63
Trd, 4319648.693, 83
Trd, 4319648.893, 60
Trd, 4319649.893, 61
Trd, 4319650.793, 66
Trd, 4319651.193, 70
Trd, 4319651.243, 71
Trd, 4319652.293, 62
Trd, 4319653.293, 120
Trd, 4319654.043, 95
Trd, 4319654.393, 128
Trd, 4319654.743, 127
Trd, 4319655.143, 116
Trd, 4319655.343, 140
Trd, 4319656.393, 104
Trd, 4319656.443, 102
Trd, 4319657.443, 122
Trd, 4319657.893, 137
Trd, 4319658.093, 99
Trd, 4319660.343, 140
Trd, 4319660.443, 140
Trd, 4319660.543, 113
Trd, 4319661.293, 97
Trd, 4319661.393, 80
Trd, 4319662.343, 100
Trd, 4319663.243, 60
Trd, 4319663.593, 60
Trd, 4319665.943, 140
Trd, 4319666.093, 140
Trd, 4319666.243, 123
Trd, 4319666.343, 80
Trd, 4319666.793, 140
Trd, 4319668.443, 140
Trd, 4319669.193, 140
Trd, 4319669.393, 140
Trd, 4319669.593, 76
Trd, 4319670.293, 140
Trd, 4319670.993, 90
Trd, 4319672.093, 140
Trd, 4319673.643, 130
Trd, 4319673.943, 140
Trd, 4319674.043, 129
Trd, 4319674.393, 84
Trd, 4319675.793, 104
Trd, 4319676.493, 81
Trd, 4319676.693, 63
Trd, 4319678.393, 140
Trd, 4319678.843, 140
Trd, 4319679.743, 140
Trd, 4319680.093, 137
Trd, 4319680.193, 108
Trd, 4319681.043, 140
Trd, 4319681.093, 133
Trd, 4319682.643, 108
Trd, 4319684.143, 140
Trd, 4319684.193, 139
Trd, 4319684.443, 94
Trd, 4319684.743, 140
Trd, 4319686.593, 140
Trd, 4319687.043, 115
Trd, 4319687.793, 138
Trd, 4319687.993, 89
Trd, 4319688.843, 130
Trd, 4319689.343, 124
Trd, 4319689.493, 123
Trd, 4319690.243, 138
Trd, 4319691.643, 140
Trd, 4319692.543, 125
Trd, 4319693.043, 88
Trd, 4319693.493, 127
Trd, 4319694.443, 137
Trd, 4319694.593, 68
Trd, 4319695.443, 64
Trd, 4319696.543, 60
Trd, 4319696.943, 65
Trd, 4319697.543, 60
Trd, 4319697.893, 63
Trd, 4319699.243, 61
Trd, 4319699.993, 60
Trd, 4319701.843, 140
Trd, 4319701.943, 139
Trd, 4319702.643, 107
Trd, 4319702.693, 93
Trd, 4319704.143, 139
Trd, 4319704.393, 139
Trd, 4319706.843, 60
Trd, 4319706.893, 60
Trd, 4319707.143, 60
Trd, 4319707.643, 61
Trd, 4319708.243, 62
Trd, 4319709.193, 64
Trd, 4319710.143, 60
Trd, 4319710.793, 62
Trd, 4319710.993, 140
Trd, 4319712.043, 63
Trd, 4319712.093, 65
Trd, 4319712.393, 70
Trd, 4319713.093, 81
Trd, 4319714.243, 61
Trd, 4319714.493, 64
Trd, 4319715.093, 63
Trd, 4319715.993, 127
Trd, 4319716.543, 95
Trd, 4319717.293, 75
Trd, 4319717.443, 72
Trd, 4319718.593, 63
Trd, 4319718.793, 64
Trd, 4319719.243, 63
Trd, 4319719.443, 67
Trd, 4319722.293, 140
Trd, 4319723.343, 140
Trd, 4319723.993, 140
Trd, 4319724.343, 140
Trd, 4319725.043, 117
Trd, 4319725.343, 139
Trd, 4319726.243, 139
Trd, 4319726.393, 92
Trd, 4319727.093, 140
Trd, 4319727.993, 138
Trd, 4319728.193, 131
Trd, 4319730.193, 60
Trd, 4319730.393, 60
Trd, 4319730.443, 61
Trd, 4319730.943, 62
Trd, 4319731.043, 71
Trd, 4319732.443, 66
Trd, 4319733.343, 63
Trd, 4319734.143, 60
Trd, 4319735.593, 60
Trd, 4319735.943, 110
Trd, 4319736.743, 139
Trd, 4319737.243, 88
Trd, 4319737.643, 87
Trd, 4319737.993, 140
Trd, 4319739.443, 140
Trd, 4319739.643, 140
Trd, 4319739.893, 140
Trd, 4319741.193, 139
Trd, 4319741.393, 135
Trd, 4319743.093, 129
Trd, 4319743.743, 139
Trd, 4319744.193, 118
Trd, 4319744.343, 109
Trd, 4319744.843, 67
Trd, 4319746.143, 61
Trd, 4319746.793, 61
Trd, 4319747.243, 62
Trd, 4319747.343, 63
Trd, 4319748.493, 66
Trd, 4319748.643, 62
Trd, 4319749.443, 65
Trd, 4319750.093, 124
Trd, 4319750.543, 90
Trd, 4319751.443, 77
Trd, 4319751.543, 67
Trd, 4319752.393, 64
Trd, 4319753.043, 65
Trd, 4319753.593, 140
Trd, 4319754.493, 62
Trd, 4319755.693, 60
Trd, 4319756.443, 62
Trd, 4319756.493, 68
Trd, 4319756.843, 82
Trd, 4319758.743, 140
Trd, 4319758.793, 139
Trd, 4319759.893, 140
Trd, 4319761.393, 140
Trd, 4319761.443, 120
Trd, 4319761.843, 132
Trd, 4319761.993, 107
Trd, 4319763.643, 140
Trd, 4319764.443, 140
Trd, 4319764.793, 139
Trd, 4319765.693, 129
Trd, 4319765.743, 92
Trd, 4319766.793, 109
Trd, 4319767.293, 69
Trd, 4319768.643, 140
Trd, 4319768.743, 139
Trd, 4319770.843, 140
Trd, 4319771.093, 140
Trd, 4319771.143, 139
Trd, 4319771.243, 121
Trd, 4319771.493, 119
Trd, 4319772.093, 139
Trd, 4319773.193, 140
Trd, 4319773.593, 140
Trd, 4319773.943, 113
Trd, 4319774.843, 122
Trd, 4319776.043, 140
Trd, 4319776.093, 139
Trd, 4319776.993, 115
Trd, 4319778.243, 140
Trd, 4319779.243, 138
Trd, 4319779.593, 117
Trd, 4319779.793, 88
Trd, 4319780.043, 62
Trd, 4319780.343, 63
Trd, 4319781.093, 60
Trd, 4319781.193, 62
Trd, 4319782.493, 70
Trd, 4319784.493, 64
Trd, 4319784.893, 60
Trd, 4319785.943, 60
Trd, 4319786.943, 60
Trd, 4319787.493, 61
Trd, 4319787.643, 62
Trd, 4319788.393, 60
Trd, 4319788.993, 60
Trd, 4319790.343, 61
Trd, 4319790.693, 64
Trd, 4319790.893, 65
Trd, 4319791.143, 128
Trd, 4319791.243, 63
Trd, 4319792.143, 140
Trd, 4319792.543, 61
Trd, 4319793.643, 63
Trd, 4319795.143, 60
Trd, 4319795.743, 62
Trd, 4319796.643, 61
Trd, 4319796.893, 140
Trd, 4319798.193, 101
Trd, 4319798.343, 80
Trd, 4319799.843, 140
Trd, 4319800.343, 140
Trd, 4319800.943, 140
Trd, 4319801.143, 140
Trd, 4319801.593, 122
Trd, 4319801.843, 116
Trd, 4319802.693, 139
Trd, 4319803.243, 140
Trd, 4319804.093, 140
Trd, 4319805.343, 140
Trd, 4319805.543, 109
Trd, 4319806.043, 90
Trd, 4319806.393, 84
Trd, 4319807.343, 61
Trd, 4319808.693, 64
Trd, 4319808.943, 69
Trd, 4319810.493, 138
Trd, 4319810.843, 138
Trd, 4319810.893, 137
Trd, 4319811.393, 133
Trd, 4319811.593, 89
Trd, 4319812.243, 64
Trd, 4319812.743, 88
Trd, 4319812.793, 62
Trd, 4319814.393, 140
Trd, 4319815.293, 140
Trd, 4319816.393, 140
Trd, 4319816.443, 140
Trd, 4319816.843, 140
Trd, 4319817.743, 87
Trd, 4319818.393, 108
Trd, 4319818.743, 139
Trd, 4319819.393, 89
Trd, 4319820.093, 77
Trd, 4319820.693, 91
Trd, 4319821.093, 90
Trd, 4319821.893, 139
Trd, 4319824.043, 67
Trd, 4319824.743, 84
Trd, 4319825.293, 100
Trd, 4319825.893, 67
Trd, 4319826.743, 109
Trd, 4319827.093, 118
Trd, 4319827.193, 79
Trd, 4319827.793, 95
Trd, 4319828.193, 139
Trd, 4319828.943, 139
Trd, 4319828.993, 138
Trd, 4319831.493, 140
Trd, 4319831.693, 140
Trd, 4319832.293, 140
Trd, 4319832.493, 87
Trd, 4319832.593, 71
Trd, 4319833.093, 76
Trd, 4319834.643, 118
Trd, 4319835.693, 139
Trd, 4319836.643, 139
Trd, 4319837.293, 140
Trd, 4319837.693, 138
Trd, 4319837.843, 139
Trd, 4319838.993, 91
Trd, 4319839.293, 140
Trd, 4319839.843, 140
Trd, 4319840.443, 131
Trd, 4319840.743, 118
Trd, 4319841.243, 92
Trd, 4319841.843, 66
Trd, 4319842.743, 139
Trd, 4319842.993, 123
Trd, 4319843.793, 101
Trd, 4319845.443, 140
Trd, 4319846.093, 140
Trd, 4319847.943, 140
Trd, 4319847.993, 140
Trd, 4319848.143, 140
Trd, 4319848.593, 124
Trd, 4319849.843, 140
Trd, 4319850.093, 86
Trd, 4319850.443, 81
Trd, 4319851.193, 61
Trd, 4319852.493, 65
Trd, 4319852.793, 139
Trd, 4319853.143, 95
Trd, 4319853.643, 102
Trd, 4319856.193, 60
Trd, 4319857.293, 60
Trd, 4319857.643, 61
Trd, 4319858.043, 61
Trd, 4319858.543, 60
Trd, 4319858.843, 60
Trd, 4319860.243, 62
Trd, 4319860.693, 66
Trd, 4319860.743, 86
Trd, 4319861.843, 89
Trd, 4319862.293, 136
Trd, 4319863.893, 89
Trd, 4319864.243, 84
Trd, 4319864.943, 100
Trd, 4319865.343, 136
Trd, 4319865.393, 83
Trd, 4319865.693, 140
Trd, 4319866.043, 60
Trd, 4319867.743, 61
Trd, 4319868.343, 60
Trd, 4319868.643, 62
Trd, 4319869.393, 139
Trd, 4319869.593, 91
Trd, 4319870.843, 110
Trd, 4319871.093, 109
Trd, 4319872.493, 135
Trd, 4319872.543, 130
Trd, 4319873.043, 96
Trd, 4319873.693, 106
Trd, 4319874.693, 140
Trd, 4319875.343, 60
Trd, 4319876.443, 133
Trd, 4319877.843, 140
Trd, 4319878.793, 103
Trd, 4319879.593, 95
Trd, 4319879.743, 94
Trd, 4319881.493, 140
Trd, 4319881.743, 139
Trd, 4319881.793, 131
Trd, 4319882.393, 108
Trd, 4319883.843, 140
Trd, 4319884.793, 134
Trd, 4319885.093, 133
Trd, 4319885.143, 91
Trd, 4319886.893, 140
Trd, 4319887.243, 140
Trd, 4319887.643, 140
Trd, 4319888.243, 117
Trd, 4319889.793, 139
Trd, 4319890.243, 140
Trd, 4319890.443, 128
Trd, 4319891.993, 60
Trd, 4319892.593, 60
Trd, 4319892.993, 61
Trd, 4319893.493, 62
Trd, 4319893.793, 67
Trd, 4319894.193, 63
Trd, 4319895.643, 139
Trd, 4319897.643, 140
Trd, 4319897.843, 140
Trd, 4319897.993, 138
Trd, 4319898.393, 103
Trd, 4319899.443, 140
Trd, 4319900.493, 140
Trd, 4319900.593, 140
Trd, 4319900.693, 139
Trd, 4319900.843, 130
Trd, 4319901.993, 61
Trd, 4319902.193, 63
Trd, 4319903.343, 105
Trd, 4319904.143, 140
Trd, 4319904.593, 92
Trd, 4319905.243, 84
Trd, 4319906.093, 76
Trd, 4319906.593, 140
Trd, 4319906.893, 139
Trd, 4319907.293, 140
Trd, 4319908.893, 97
Trd, 4319910.343, 140
Trd, 4319910.393, 140
Trd, 4319910.643, 126
Trd, 4319911.643, 122
Trd, 4319912.143, 87
Trd, 4319913.043, 137
Trd, 4319913.293, 136
Trd, 4319913.443, 103
Trd, 4319913.893, 138
Trd, 4319915.843, 132
Trd, 4319916.443, 131
Trd, 4319916.843, 121
Trd, 4319917.443, 140
Trd, 4319918.043, 140
Trd, 4319920.643, 140
Trd, 4319920.793, 127
Trd, 4319921.643, 140
Trd, 4319922.293, 140
Trd, 4319923.043, 140
Trd, 4319923.493, 140
Trd, 4319924.443, 117
Trd, 4319924.943, 86
Trd, 4319925.043, 70
Trd, 4319925.093, 102
Trd, 4319926.293, 61
Trd, 4319928.843, 60
Trd, 4319929.043, 61
Trd, 4319929.293, 62
Trd, 4319929.443, 63
Trd, 4319930.993, 134
Trd, 4319932.243, 140
Trd, 4319932.543, 140
Trd, 4319933.193, 140
Trd, 4319933.843, 140
Trd, 4319934.343, 140
Trd, 4319934.543, 138
Trd, 4319935.143, 87
Trd, 4319936.093, 60
Trd, 4319936.643, 61
Trd, 4319937.293, 62
Trd, 4319937.493, 69
Trd, 4319938.193, 124
Trd, 4319938.293, 79
Trd, 4319939.393, 140
Trd, 4319940.043, 139
Trd, 4319940.643, 68
Trd, 4319941.893, 122
Trd, 4319943.693, 60
Trd, 4319943.943, 60
Trd, 4319945.243, 60
Trd, 4319945.293, 61
Trd, 4319945.593, 61
Trd, 4319946.443, 64
Trd, 4319946.643, 68
Trd, 4319947.243, 83
Trd, 4319947.493, 93
Trd, 4319948.093, 73
Trd, 4319949.443, 60
Trd, 4319951.343, 60
Trd, 4319951.993, 61
Trd, 4319952.043, 65
Trd, 4319952.943, 60
Trd, 4319952.993, 62
Trd, 4319953.993, 138
Trd, 4319954.043, 137
Trd, 4319954.093, 136
Trd, 4319954.593, 81
Trd, 4319955.343, 64
Trd, 4319956.493, 66
Trd, 4319956.693, 64
Trd, 4319957.643, 139
Trd, 4319958.243, 139
Trd, 4319958.893, 137
Trd, 4319959.793, 114
Trd, 4319960.393, 110
Trd, 4319960.693, 97
Trd, 4319961.393, 89
Trd, 4319962.793, 101
Trd, 4319962.993, 122
Trd, 4319963.193, 89
Trd, 4319964.293, 140
Trd, 4319964.443, 87
Trd, 4319966.993, 140
Trd, 4319968.043, 140
Trd, 4319968.243, 140
Trd, 4319968.443, 140
Trd, 4319968.843, 127
Trd, 4319969.343, 126
Trd, 4319970.243, 140
Trd, 4319970.493, 134
Trd, 4319971.043, 78
Trd, 4319971.393, 63
Trd, 4319972.093, 76
Trd, 4319972.943, 60
Trd, 4319974.093, 140
Trd, 4319974.343, 140
Trd, 4319975.193, 138
Trd, 4319975.543, 96
Trd, 4319976.143, 134
Trd, 4319977.093, 99
Trd, 4319978.243, 63
Trd, 4319978.493, 69
Trd, 4319979.443, 60
Trd, 4319979.543, 60
Trd, 4319979.593, 66
Trd, 4319981.643, 118
Trd, 4319982.243, 105
Trd, 4319982.943, 103
Trd, 4319983.043, 95
Trd, 4319984.093, 87
Trd, 4319985.243, 140
Trd, 4319985.793, 140
Trd, 4319986.893, 140
Trd, 4319986.993, 140
Trd, 4319988.093, 140
Trd, 4319988.293, 140
Trd, 4319988.643, 132
Trd, 4319988.793, 93
Trd, 4319990.543, 140
Trd, 4319990.593, 139
Trd, 4319990.893, 139
Trd, 4319991.943, 111
Trd, 4319993.343, 140
Trd, 4319994.043, 139
Trd, 4319994.793, 140
Trd, 4319995.243, 140
Trd, 4319995.693, 114
Trd, 4319995.943, 124
Trd, 4319996.293, 79
Trd, 4319996.693, 80
Trd, 4319997.743, 69
Trd, 4319998.093, 139
Trd, 4319998.143, 123
Trd, 4319999.093, 130
Trd, 4319999.593, 114
