Trd, 4318165.443, 106
Trd, 4318165.993, 66
Trd, 4318166.343, 64
Trd, 4318166.943, 63
Trd, 4318169.543, 62
Trd, 4318169.593, 64
Trd, 4318169.743, 69
Trd, 4318170.543, 105
Trd, 4318171.143, 127
Trd, 4318172.443, 71
Trd, 4318173.243, 140
Trd, 4318173.343, 140
Trd, 4318173.493, 136
Trd, 4318173.793, 135
Trd, 4318175.243, 61
Trd, 4318175.593, 62
Trd, 4318175.893, 68
Trd, 4318177.893, 62
Trd, 4318178.093, 64
Trd, 4318178.843, 66
Trd, 4318179.143, 66
Trd, 4318179.843, 61
Trd, 4318180.293, 65
Trd, 4318182.693, 60
Trd, 4318183.493, 60
Trd, 4318184.043, 62
Trd, 4318184.393, 66
Trd, 4318184.693, 70
Trd, 4318185.993, 61
Trd, 4318186.493, 65
Trd, 4318186.893, 65
Trd, 4318187.493, 63
Trd, 4318187.793, 64
Trd, 4318188.143, 94
Trd, 4318189.093, 65
Trd, 4318189.543, 85
Trd, 4318190.043, 83
Trd, 4318190.543, 135
Trd, 4318190.843, 79
Trd, 4318194.193, 140
Trd, 4318194.743, 140
Trd, 4318194.943, 136
Trd, 4318195.143, 135
Trd, 4318195.193, 118
Trd, 4318195.543, 105
Trd, 4318196.243, 119
Trd, 4318196.343, 76
Trd, 4318196.793, 75
Trd, 4318196.993, 60
Trd, 4318198.543, 61
Trd, 4318198.993, 68
Trd, 4318199.393, 125
Trd, 4318199.793, 70
Trd, 4318201.293, 61
Trd, 4318202.093, 128
Trd, 4318202.743, 140
Trd, 4318203.143, 120
Trd, 4318203.743, 116
Trd, 4318203.793, 103
Trd, 4318204.293, 90
Trd, 4318206.043, 60
Trd, 4318206.493, 104
Trd, 4318207.593, 86
Trd, 4318207.793, 85
Trd, 4318207.843, 101
Trd, 4318208.193, 64
Trd, 4318209.543, 60
Trd, 4318211.343, 62
Trd, 4318211.693, 62
Trd, 4318213.343, 61
Trd, 4318213.393, 61
Trd, 4318213.593, 67
Trd, 4318215.643, 66
Trd, 4318215.793, 75
Trd, 4318215.843, 74
Trd, 4318216.343, 136
Trd, 4318216.493, 131
Trd, 4318217.843, 60
Trd, 4318218.793, 64
Trd, 4318219.243, 139
Trd, 4318219.993, 138
Trd, 4318220.143, 129
Trd, 4318220.793, 119
Trd, 4318221.143, 104
Trd, 4318221.443, 126
Trd, 4318221.593, 85
Trd, 4318221.693, 132
Trd, 4318222.543, 81
Trd, 4318224.693, 60
Trd, 4318225.293, 60
Trd, 4318226.543, 64
Trd, 4318226.743, 63
Trd, 4318226.893, 64
Trd, 4318227.493, 65
Trd, 4318227.693, 107
Trd, 4318228.193, 60
Trd, 4318229.243, 75
Trd, 4318230.043, 64
Trd, 4318230.693, 60
Trd, 4318233.493, 60
Trd, 4318233.543, 60
Trd, 4318233.593, 61
Trd, 4318235.543, 62
Trd, 4318235.793, 62
Trd, 4318237.243, 61
Trd, 4318237.993, 62
Trd, 4318238.593, 65
Trd, 4318239.093, 60
Trd, 4318239.843, 61
Trd, 4318240.143, 63
Trd, 4318240.243, 107
Trd, 4318240.443, 61
Trd, 4318240.943, 108
Trd, 4318241.993, 73
Trd, 4318242.693, 60
Trd, 4318243.243, 73
Trd, 4318243.443, 65
Trd, 4318243.893, 63
Trd, 4318244.443, 64
Trd, 4318244.593, 64
Trd, 4318244.843, 62
Trd, 4318246.343, 65
Trd, 4318249.143, 61
Trd, 4318250.643, 60
Trd, 4318250.793, 62
Trd, 4318250.843, 65
Trd, 4318251.193, 61
Trd, 4318251.393, 60
Trd, 4318251.443, 69
Trd, 4318251.493, 93
Trd, 4318252.393, 60
Trd, 4318254.293, 60
Trd, 4318256.543, 60
Trd, 4318256.893, 61
Trd, 4318257.443, 64
Trd, 4318257.543, 64
Trd, 4318258.343, 63
Trd, 4318258.543, 84
Trd, 4318258.893, 63
Trd, 4318260.393, 64
Trd, 4318260.743, 60
Trd, 4318261.993, 66
Trd, 4318262.193, 75
Trd, 4318262.443, 60
Trd, 4318263.893, 62
Trd, 4318264.293, 62
Trd, 4318264.543, 68
Trd, 4318265.343, 60
Trd, 4318265.643, 60
Trd, 4318267.443, 60
Trd, 4318268.593, 63
Trd, 4318269.243, 64
Trd, 4318269.343, 70
Trd, 4318269.893, 61
Trd, 4318270.643, 97
Trd, 4318270.943, 120
Trd, 4318271.343, 120
Trd, 4318271.593, 119
Trd, 4318271.743, 117
Trd, 4318272.343, 122
Trd, 4318273.143, 65
Trd, 4318273.443, 80
Trd, 4318274.543, 60
Trd, 4318274.793, 140
Trd, 4318276.243, 140
Trd, 4318276.293, 140
Trd, 4318276.893, 124
Trd, 4318277.043, 122
Trd, 4318278.543, 78
Trd, 4318280.693, 60
Trd, 4318281.593, 65
Trd, 4318281.843, 65
Trd, 4318282.543, 64
Trd, 4318282.593, 65
Trd, 4318282.643, 67
Trd, 4318283.793, 136
Trd, 4318283.893, 109
Trd, 4318284.893, 65
Trd, 4318285.543, 93
Trd, 4318285.893, 69
Trd, 4318286.093, 68
Trd, 4318287.443, 126
Trd, 4318287.493, 123
Trd, 4318287.693, 109
Trd, 4318288.543, 131
Trd, 4318290.043, 60
Trd, 4318290.993, 72
Trd, 4318291.743, 140
Trd, 4318292.293, 139
Trd, 4318292.643, 138
Trd, 4318293.043, 123
Trd, 4318293.243, 99
Trd, 4318293.393, 95
Trd, 4318293.643, 88
Trd, 4318295.493, 63
Trd, 4318295.943, 63
Trd, 4318298.093, 61
Trd, 4318298.493, 64
Trd, 4318299.293, 60
Trd, 4318300.593, 61
Trd, 4318300.693, 61
Trd, 4318301.743, 61
Trd, 4318301.943, 63
Trd, 4318302.093, 77
Trd, 4318304.193, 60
Trd, 4318304.393, 60
Trd, 4318304.843, 65
Trd, 4318305.993, 60
Trd, 4318306.293, 62
Trd, 4318307.143, 96
Trd, 4318307.443, 96
Trd, 4318308.243, 140
Trd, 4318309.843, 61
Trd, 4318310.443, 60
Trd, 4318311.343, 130
Trd, 4318311.843, 130
Trd, 4318312.493, 129
Trd, 4318313.093, 116
Trd, 4318313.293, 88
Trd, 4318313.893, 60
Trd, 4318316.343, 61
Trd, 4318317.643, 60
Trd, 4318317.943, 62
Trd, 4318318.543, 65
Trd, 4318318.943, 60
Trd, 4318318.993, 65
Trd, 4318319.993, 61
Trd, 4318320.143, 65
Trd, 4318320.243, 74
Trd, 4318320.343, 104
Trd, 4318321.543, 68
Trd, 4318322.193, 65
Trd, 4318322.393, 62
Trd, 4318323.743, 66
Trd, 4318324.093, 64
Trd, 4318325.093, 60
Trd, 4318326.343, 63
Trd, 4318327.193, 63
Trd, 4318327.443, 63
Trd, 4318327.493, 119
Trd, 4318328.793, 62
Trd, 4318328.893, 60
Trd, 4318329.143, 60
Trd, 4318329.443, 63
Trd, 4318330.393, 61
Trd, 4318330.993, 129
Trd, 4318331.043, 128
Trd, 4318332.993, 91
Trd, 4318333.193, 102
Trd, 4318333.593, 63
Trd, 4318334.443, 76
Trd, 4318334.893, 81
Trd, 4318334.943, 63
Trd, 4318336.593, 129
Trd, 4318337.093, 128
Trd, 4318337.243, 126
Trd, 4318337.943, 125
Trd, 4318339.393, 136
Trd, 4318340.043, 128
Trd, 4318340.443, 132
Trd, 4318340.593, 121
Trd, 4318341.693, 82
Trd, 4318341.893, 71
Trd, 4318342.193, 94
Trd, 4318342.543, 62
Trd, 4318343.643, 63
Trd, 4318343.993, 83
Trd, 4318344.193, 62
Trd, 4318345.543, 60
Trd, 4318346.043, 64
Trd, 4318347.293, 60
Trd, 4318348.743, 60
Trd, 4318349.493, 63
Trd, 4318350.343, 62
Trd, 4318350.443, 60
Trd, 4318352.843, 61
Trd, 4318352.993, 69
Trd, 4318353.443, 131
Trd, 4318353.943, 61
Trd, 4318355.143, 61
Trd, 4318355.343, 67
Trd, 4318355.993, 61
Trd, 4318356.143, 60
Trd, 4318356.443, 63
Trd, 4318357.093, 61
Trd, 4318358.343, 60
Trd, 4318360.243, 62
Trd, 4318360.293, 65
Trd, 4318361.293, 68
Trd, 4318361.343, 66
Trd, 4318361.943, 96
Trd, 4318362.093, 137
Trd, 4318362.743, 67
Trd, 4318363.243, 105
Trd, 4318364.443, 140
Trd, 4318364.543, 82
Trd, 4318365.643, 77
Trd, 4318367.293, 135
Trd, 4318367.693, 140
Trd, 4318367.993, 135
Trd, 4318368.343, 138
Trd, 4318368.593, 134
Trd, 4318369.343, 123
Trd, 4318369.393, 74
Trd, 4318370.143, 62
Trd, 4318370.693, 101
Trd, 4318370.893, 78
Trd, 4318370.943, 77
Trd, 4318372.543, 140
Trd, 4318373.943, 140
Trd, 4318373.993, 135
Trd, 4318374.443, 122
Trd, 4318374.993, 93
Trd, 4318375.643, 93
Trd, 4318376.093, 101
Trd, 4318376.443, 139
Trd, 4318376.743, 92
Trd, 4318377.843, 68
Trd, 4318378.643, 100
Trd, 4318379.493, 61
Trd, 4318379.793, 68
Trd, 4318380.943, 62
Trd, 4318380.993, 66
Trd, 4318382.493, 60
Trd, 4318383.143, 61
Trd, 4318383.843, 65
Trd, 4318384.493, 95
Trd, 4318385.343, 61
Trd, 4318385.743, 63
Trd, 4318386.293, 63
Trd, 4318387.043, 66
Trd, 4318387.393, 71
Trd, 4318388.393, 62
Trd, 4318389.593, 60
Trd, 4318390.493, 60
Trd, 4318391.193, 61
Trd, 4318392.393, 60
Trd, 4318392.943, 61
Trd, 4318393.143, 71
Trd, 4318393.793, 140
Trd, 4318394.443, 119
Trd, 4318395.093, 99
Trd, 4318395.393, 139
Trd, 4318396.343, 118
Trd, 4318396.793, 95
Trd, 4318397.043, 81
Trd, 4318398.393, 85
Trd, 4318398.543, 82
Trd, 4318398.743, 105
Trd, 4318399.193, 61
Trd, 4318402.593, 61
Trd, 4318402.843, 62
Trd, 4318403.443, 62
Trd, 4318403.693, 62
Trd, 4318403.893, 65
Trd, 4318404.293, 60
Trd, 4318404.393, 63
Trd, 4318406.893, 62
Trd, 4318407.943, 60
Trd, 4318408.393, 61
Trd, 4318408.493, 61
Trd, 4318409.343, 63
Trd, 4318409.893, 67
Trd, 4318410.393, 62
Trd, 4318410.893, 64
Trd, 4318412.243, 78
Trd, 4318412.693, 135
Trd, 4318413.293, 64
Trd, 4318413.343, 70
Trd, 4318414.143, 78
Trd, 4318414.343, 64
Trd, 4318415.543, 125
Trd, 4318415.993, 124
Trd, 4318416.093, 140
Trd, 4318417.393, 124
Trd, 4318417.543, 122
Trd, 4318417.593, 95
Trd, 4318418.893, 67
Trd, 4318419.543, 64
Trd, 4318419.693, 62
Trd, 4318420.443, 61
Trd, 4318420.493, 72
Trd, 4318421.543, 68
Trd, 4318423.593, 60
Trd, 4318423.693, 63
Trd, 4318424.193, 64
Trd, 4318425.143, 62
Trd, 4318425.793, 70
Trd, 4318426.743, 66
Trd, 4318426.943, 76
Trd, 4318427.643, 85
Trd, 4318428.043, 101
Trd, 4318428.193, 71
Trd, 4318428.593, 70
Trd, 4318428.843, 70
Trd, 4318429.093, 104
Trd, 4318432.293, 61
Trd, 4318432.443, 61
Trd, 4318432.593, 64
Trd, 4318432.693, 68
Trd, 4318434.443, 69
Trd, 4318434.743, 68
Trd, 4318435.093, 66
Trd, 4318435.193, 69
Trd, 4318436.043, 118
Trd, 4318436.393, 115
Trd, 4318437.793, 94
Trd, 4318438.943, 102
Trd, 4318439.293, 61
Trd, 4318439.543, 66
Trd, 4318439.793, 67
Trd, 4318441.043, 60
Trd, 4318443.093, 61
Trd, 4318443.443, 60
Trd, 4318443.493, 81
Trd, 4318443.893, 61
Trd, 4318443.993, 98
Trd, 4318444.893, 62
Trd, 4318445.343, 66
Trd, 4318447.043, 61
Trd, 4318447.343, 64
Trd, 4318447.493, 69
Trd, 4318447.893, 60
Trd, 4318448.643, 61
Trd, 4318448.943, 60
Trd, 4318450.693, 62
Trd, 4318451.243, 79
Trd, 4318452.493, 60
Trd, 4318452.893, 60
Trd, 4318454.893, 61
Trd, 4318455.993, 61
Trd, 4318456.143, 60
Trd, 4318456.193, 68
Trd, 4318457.843, 61
Trd, 4318459.593, 77
Trd, 4318460.343, 63
Trd, 4318460.493, 72
Trd, 4318460.993, 69
Trd, 4318461.143, 68
Trd, 4318461.793, 69
Trd, 4318462.493, 130
Trd, 4318462.993, 64
Trd, 4318464.243, 70
Trd, 4318464.493, 69
Trd, 4318465.043, 64
Trd, 4318465.393, 78
Trd, 4318466.343, 97
Trd, 4318466.743, 118
Trd, 4318468.243, 65
Trd, 4318469.543, 61
Trd, 4318469.643, 86
Trd, 4318469.893, 79
Trd, 4318470.493, 60
Trd, 4318470.743, 63
Trd, 4318472.043, 64
Trd, 4318472.943, 60
Trd, 4318474.143, 60
Trd, 4318474.943, 60
Trd, 4318475.543, 64
Trd, 4318475.693, 64
Trd, 4318475.993, 71
Trd, 4318476.693, 70
Trd, 4318477.293, 122
Trd, 4318477.593, 73
Trd, 4318477.943, 72
Trd, 4318478.343, 64
Trd, 4318480.043, 87
Trd, 4318480.093, 107
Trd, 4318480.443, 140
Trd, 4318480.493, 130
Trd, 4318480.793, 75
Trd, 4318481.093, 61
Trd, 4318482.093, 61
Trd, 4318482.693, 62
Trd, 4318485.243, 60
Trd, 4318485.893, 61
Trd, 4318486.293, 60
Trd, 4318486.493, 62
Trd, 4318487.493, 61
Trd, 4318488.443, 60
Trd, 4318488.643, 61
Trd, 4318489.993, 63
Trd, 4318490.543, 63
Trd, 4318490.943, 76
Trd, 4318491.193, 91
Trd, 4318491.543, 62
Trd, 4318493.093, 62
Trd, 4318493.393, 63
Trd, 4318493.693, 65
Trd, 4318494.293, 64
Trd, 4318494.443, 122
Trd, 4318494.593, 105
Trd, 4318496.643, 113
Trd, 4318496.793, 111
Trd, 4318497.093, 102
Trd, 4318497.293, 93
Trd, 4318498.143, 104
Trd, 4318500.243, 140
Trd, 4318500.493, 140
Trd, 4318500.743, 136
Trd, 4318501.243, 104
Trd, 4318501.443, 98
Trd, 4318501.543, 110
Trd, 4318502.543, 119
Trd, 4318502.693, 116
Trd, 4318503.243, 133
Trd, 4318503.643, 62
Trd, 4318504.143, 63
Trd, 4318504.593, 106
Trd, 4318506.243, 62
Trd, 4318507.443, 63
Trd, 4318508.643, 63
Trd, 4318508.793, 75
Trd, 4318510.693, 65
Trd, 4318511.243, 63
Trd, 4318511.693, 61
Trd, 4318512.543, 61
Trd, 4318512.593, 68
Trd, 4318513.843, 73
Trd, 4318514.293, 121
Trd, 4318515.143, 63
Trd, 4318515.743, 63
Trd, 4318515.893, 65
Trd, 4318516.393, 65
Trd, 4318517.643, 64
Trd, 4318518.143, 64
Trd, 4318518.243, 61
Trd, 4318518.643, 60
Trd, 4318519.193, 66
Trd, 4318519.293, 71
Trd, 4318520.043, 60
Trd, 4318520.243, 75
Trd, 4318520.893, 69
Trd, 4318522.643, 65
Trd, 4318524.493, 140
Trd, 4318524.543, 136
Trd, 4318525.243, 132
Trd, 4318525.293, 130
Trd, 4318525.493, 133
Trd, 4318525.693, 126
Trd, 4318525.843, 125
Trd, 4318527.743, 86
Trd, 4318527.893, 117
Trd, 4318528.143, 81
Trd, 4318528.743, 98
Trd, 4318529.243, 61
Trd, 4318529.643, 61
Trd, 4318531.293, 140
Trd, 4318531.993, 140
Trd, 4318532.143, 140
Trd, 4318532.393, 135
Trd, 4318533.143, 101
Trd, 4318533.393, 87
Trd, 4318533.593, 77
Trd, 4318533.943, 60
Trd, 4318534.343, 88
Trd, 4318536.643, 140
Trd, 4318537.043, 135
Trd, 4318537.193, 131
Trd, 4318538.093, 123
Trd, 4318539.443, 123
Trd, 4318539.493, 120
Trd, 4318539.793, 60
Trd, 4318540.043, 65
Trd, 4318541.343, 108
Trd, 4318541.793, 85
Trd, 4318541.843, 84
Trd, 4318541.893, 82
Trd, 4318544.993, 69
Trd, 4318545.593, 67
Trd, 4318546.943, 60
Trd, 4318547.443, 61
Trd, 4318547.543, 64
Trd, 4318548.093, 65
Trd, 4318548.143, 73
Trd, 4318548.443, 83
Trd, 4318549.493, 62
Trd, 4318550.393, 62
Trd, 4318551.193, 62
Trd, 4318551.793, 61
Trd, 4318552.443, 64
Trd, 4318553.193, 68
Trd, 4318553.443, 66
Trd, 4318553.543, 73
Trd, 4318553.893, 62
Trd, 4318555.543, 134
Trd, 4318556.243, 123
Trd, 4318556.493, 132
Trd, 4318556.693, 103
Trd, 4318556.793, 96
Trd, 4318557.643, 63
Trd, 4318557.743, 70
Trd, 4318558.893, 139
Trd, 4318559.193, 136
Trd, 4318559.793, 65
Trd, 4318560.043, 74
Trd, 4318562.043, 60
Trd, 4318562.093, 67
Trd, 4318562.493, 61
Trd, 4318563.043, 64
Trd, 4318563.243, 124
Trd, 4318563.893, 67
Trd, 4318564.643, 139
Trd, 4318565.493, 131
Trd, 4318565.693, 73
Trd, 4318565.743, 66
Trd, 4318567.243, 63
Trd, 4318568.143, 62
Trd, 4318568.193, 64
Trd, 4318568.943, 74
Trd, 4318569.043, 73
Trd, 4318569.593, 62
Trd, 4318569.743, 64
Trd, 4318570.893, 138
Trd, 4318571.343, 111
Trd, 4318571.643, 73
Trd, 4318572.843, 106
Trd, 4318573.293, 98
Trd, 4318573.393, 78
Trd, 4318573.743, 79
Trd, 4318574.843, 96
Trd, 4318575.993, 102
Trd, 4318576.043, 100
Trd, 4318576.093, 86
Trd, 4318577.393, 70
Trd, 4318578.393, 60
Trd, 4318579.043, 62
Trd, 4318579.643, 67
Trd, 4318580.193, 61
Trd, 4318581.593, 112
Trd, 4318581.793, 140
Trd, 4318582.193, 140
Trd, 4318582.243, 112
Trd, 4318582.793, 122
Trd, 4318583.243, 95
Trd, 4318583.693, 102
Trd, 4318585.293, 138
Trd, 4318586.993, 140
Trd, 4318587.343, 140
Trd, 4318587.543, 122
Trd, 4318587.693, 104
Trd, 4318588.093, 103
Trd, 4318588.593, 92
Trd, 4318589.143, 71
Trd, 4318589.843, 72
Trd, 4318590.843, 98
Trd, 4318590.993, 132
Trd, 4318591.593, 97
Trd, 4318592.693, 140
Trd, 4318592.893, 140
Trd, 4318593.343, 139
Trd, 4318593.643, 99
Trd, 4318594.143, 91
Trd, 4318594.743, 76
Trd, 4318596.343, 62
Trd, 4318597.093, 65
Trd, 4318597.543, 68
Trd, 4318597.643, 128
Trd, 4318598.093, 65
Trd, 4318598.193, 65
Trd, 4318599.093, 77
Trd, 4318600.043, 79
Trd, 4318600.443, 112
Trd, 4318600.893, 93
Trd, 4318602.843, 133
Trd, 4318603.393, 131
Trd, 4318603.593, 127
Trd, 4318603.743, 127
Trd, 4318603.793, 112
Trd, 4318604.193, 91
Trd, 4318604.493, 139
Trd, 4318605.593, 66
Trd, 4318606.193, 61
Trd, 4318607.343, 62
Trd, 4318608.343, 74
Trd, 4318609.043, 68
Trd, 4318609.593, 61
Trd, 4318611.343, 63
Trd, 4318611.443, 73
Trd, 4318611.793, 62
Trd, 4318612.343, 99
Trd, 4318613.143, 115
Trd, 4318613.293, 94
Trd, 4318613.743, 89
Trd, 4318613.893, 82
Trd, 4318615.143, 81
Trd, 4318616.143, 140
Trd, 4318616.243, 137
Trd, 4318616.943, 135
Trd, 4318617.743, 137
Trd, 4318617.793, 69
Trd, 4318619.193, 60
Trd, 4318620.143, 64
Trd, 4318622.743, 61
Trd, 4318622.843, 61
Trd, 4318623.443, 60
Trd, 4318623.543, 65
Trd, 4318623.843, 60
Trd, 4318624.243, 66
Trd, 4318625.643, 60
Trd, 4318626.243, 61
Trd, 4318626.593, 62
Trd, 4318627.193, 63
Trd, 4318627.493, 65
Trd, 4318627.743, 90
Trd, 4318629.093, 114
Trd, 4318629.443, 64
Trd, 4318631.093, 73
Trd, 4318631.893, 65
Trd, 4318632.843, 96
Trd, 4318632.893, 75
Trd, 4318633.393, 75
Trd, 4318633.643, 111
Trd, 4318634.393, 114
Trd, 4318634.543, 85
Trd, 4318634.743, 77
Trd, 4318635.843, 90
Trd, 4318636.093, 124
Trd, 4318636.343, 70
Trd, 4318638.493, 61
Trd, 4318639.043, 60
Trd, 4318639.493, 69
Trd, 4318641.593, 133
Trd, 4318641.943, 138
Trd, 4318642.143, 131
Trd, 4318642.393, 129
Trd, 4318642.693, 127
Trd, 4318643.043, 110
Trd, 4318643.343, 139
Trd, 4318643.543, 98
Trd, 4318643.743, 99
Trd, 4318644.293, 61
Trd, 4318645.793, 60
Trd, 4318646.243, 75
Trd, 4318646.793, 119
Trd, 4318647.443, 110
Trd, 4318648.143, 113
Trd, 4318648.243, 106
Trd, 4318648.343, 104
Trd, 4318649.293, 62
Trd, 4318650.443, 64
Trd, 4318651.443, 62
Trd, 4318652.943, 61
Trd, 4318653.543, 61
Trd, 4318653.793, 66
Trd, 4318653.943, 111
Trd, 4318654.693, 61
Trd, 4318655.343, 128
Trd, 4318657.143, 108
Trd, 4318657.593, 102
Trd, 4318658.143, 61
Trd, 4318658.543, 117
Trd, 4318659.343, 61
Trd, 4318659.493, 63
Trd, 4318660.893, 66
Trd, 4318661.343, 70
Trd, 4318662.043, 89
Trd, 4318662.243, 122
Trd, 4318662.543, 66
Trd, 4318662.843, 64
Trd, 4318664.843, 61
Trd, 4318665.693, 61
Trd, 4318665.793, 60
Trd, 4318667.243, 61
Trd, 4318667.493, 60
Trd, 4318667.793, 62
Trd, 4318668.893, 61
Trd, 4318668.993, 63
Trd, 4318669.443, 84
Trd, 4318670.293, 66
Trd, 4318670.543, 66
Trd, 4318671.793, 60
Trd, 4318672.343, 61
Trd, 4318673.893, 67
Trd, 4318674.093, 68
Trd, 4318675.893, 67
Trd, 4318676.493, 68
Trd, 4318676.943, 125
Trd, 4318677.743, 68
Trd, 4318678.193, 76
Trd, 4318678.243, 90
Trd, 4318679.943, 139
Trd, 4318680.293, 119
Trd, 4318681.093, 136
Trd, 4318681.293, 109
Trd, 4318683.393, 71
Trd, 4318684.543, 135
Trd, 4318684.993, 136
Trd, 4318685.793, 135
Trd, 4318686.293, 139
Trd, 4318686.393, 73
Trd, 4318687.693, 60
Trd, 4318687.943, 66
Trd, 4318688.743, 133
Trd, 4318689.143, 132
Trd, 4318689.493, 131
Trd, 4318689.893, 127
Trd, 4318689.943, 109
Trd, 4318691.393, 139
Trd, 4318692.243, 60
Trd, 4318692.993, 65
Trd, 4318693.493, 67
Trd, 4318693.743, 111
Trd, 4318694.143, 111
Trd, 4318695.293, 139
Trd, 4318695.443, 118
Trd, 4318697.043, 140
Trd, 4318697.343, 140
Trd, 4318697.393, 135
Trd, 4318698.343, 127
Trd, 4318698.693, 126
Trd, 4318699.643, 95
Trd, 4318701.143, 60
Trd, 4318701.493, 65
Trd, 4318702.093, 128
Trd, 4318702.893, 115
Trd, 4318702.993, 112
Trd, 4318703.543, 106
Trd, 4318703.743, 140
Trd, 4318704.943, 82
Trd, 4318705.743, 79
Trd, 4318706.293, 98
Trd, 4318706.493, 73
Trd, 4318707.193, 140
Trd, 4318707.943, 75
Trd, 4318708.743, 60
Trd, 4318708.843, 61
Trd, 4318710.143, 61
Trd, 4318711.443, 60
Trd, 4318712.343, 62
Trd, 4318713.093, 69
Trd, 4318713.343, 69
Trd, 4318713.743, 70
Trd, 4318713.793, 68
Trd, 4318714.443, 60
Trd, 4318715.043, 66
Trd, 4318715.743, 64
Trd, 4318718.443, 60
Trd, 4318719.043, 60
Trd, 4318719.143, 64
Trd, 4318720.443, 63
Trd, 4318720.493, 63
Trd, 4318721.543, 68
Trd, 4318722.493, 61
Trd, 4318722.693, 62
Trd, 4318722.893, 63
Trd, 4318723.943, 65
Trd, 4318723.993, 66
Trd, 4318724.343, 75
Trd, 4318724.843, 102
Trd, 4318725.993, 96
Trd, 4318726.693, 118
Trd, 4318726.893, 70
Trd, 4318727.293, 69
Trd, 4318728.643, 124
Trd, 4318728.793, 119
Trd, 4318729.193, 118
Trd, 4318729.743, 71
Trd, 4318729.893, 124
Trd, 4318730.443, 70
Trd, 4318733.043, 61
Trd, 4318733.343, 66
Trd, 4318734.443, 61
Trd, 4318734.693, 67
Trd, 4318735.293, 61
Trd, 4318735.993, 65
Trd, 4318736.393, 60
Trd, 4318736.493, 128
Trd, 4318737.593, 60
Trd, 4318737.793, 60
Trd, 4318739.043, 74
Trd, 4318739.343, 73
Trd, 4318740.243, 72
Trd, 4318741.243, 87
Trd, 4318741.443, 60
Trd, 4318741.843, 99
Trd, 4318743.343, 66
Trd, 4318744.293, 60
Trd, 4318745.093, 64
Trd, 4318745.593, 61
Trd, 4318745.693, 67
Trd, 4318746.043, 60
Trd, 4318747.093, 62
Trd, 4318747.993, 61
Trd, 4318748.293, 60
Trd, 4318749.393, 61
Trd, 4318749.743, 65
Trd, 4318750.093, 117
Trd, 4318750.343, 78
Trd, 4318751.143, 136
Trd, 4318752.143, 96
Trd, 4318752.743, 114
Trd, 4318753.043, 91
Trd, 4318753.143, 139
Trd, 4318753.893, 63
Trd, 4318755.243, 61
Trd, 4318755.743, 61
Trd, 4318757.193, 61
Trd, 4318757.843, 61
Trd, 4318757.943, 62
Trd, 4318758.493, 130
Trd, 4318758.793, 94
Trd, 4318759.093, 137
Trd, 4318759.693, 138
Trd, 4318760.093, 137
Trd, 4318760.243, 136
Trd, 4318760.843, 119
Trd, 4318761.393, 78
Trd, 4318761.693, 110
Trd, 4318764.593, 61
Trd, 4318764.743, 64
Trd, 4318764.843, 64
Trd, 4318765.093, 66
Trd, 4318765.643, 71
Trd, 4318766.643, 83
Trd, 4318767.143, 61
Trd, 4318767.443, 74
Trd, 4318768.143, 60
Trd, 4318769.143, 60
Trd, 4318770.093, 60
Trd, 4318771.093, 62
Trd, 4318771.943, 101
Trd, 4318771.993, 99
Trd, 4318772.143, 87
Trd, 4318773.393, 60
Trd, 4318773.493, 68
Trd, 4318773.993, 65
Trd, 4318774.693, 79
Trd, 4318775.743, 140
Trd, 4318776.193, 139
Trd, 4318778.443, 61
Trd, 4318778.493, 80
Trd, 4318778.843, 85
Trd, 4318779.543, 87
Trd, 4318779.793, 77
Trd, 4318780.543, 83
Trd, 4318781.193, 138
Trd, 4318781.593, 82
Trd, 4318782.943, 61
Trd, 4318783.193, 65
Trd, 4318784.243, 64
Trd, 4318784.443, 66
Trd, 4318785.143, 64
Trd, 4318786.643, 119
Trd, 4318786.743, 136
Trd, 4318787.293, 117
Trd, 4318787.643, 116
Trd, 4318788.393, 102
Trd, 4318788.543, 98
Trd, 4318789.493, 138
Trd, 4318789.543, 134
Trd, 4318791.393, 77
Trd, 4318791.593, 76
Trd, 4318792.143, 72
Trd, 4318793.293, 61
Trd, 4318793.543, 71
Trd, 4318795.243, 60
Trd, 4318796.293, 60
Trd, 4318796.493, 63
Trd, 4318797.093, 61
Trd, 4318797.343, 62
Trd, 4318797.393, 64
Trd, 4318798.093, 65
Trd, 4318798.993, 105
Trd, 4318800.093, 73
Trd, 4318800.343, 72
Trd, 4318800.443, 72
Trd, 4318801.793, 111
Trd, 4318802.743, 103
Trd, 4318803.093, 100
Trd, 4318803.443, 107
Trd, 4318804.393, 140
Trd, 4318804.493, 128
Trd, 4318805.443, 140
Trd, 4318805.843, 113
Trd, 4318806.743, 89
Trd, 4318807.543, 120
Trd, 4318808.143, 119
Trd, 4318809.193, 118
Trd, 4318809.993, 119
Trd, 4318810.093, 115
Trd, 4318810.843, 138
Trd, 4318811.293, 98
Trd, 4318811.743, 97
Trd, 4318813.043, 136
Trd, 4318813.293, 110
Trd, 4318813.493, 126
Trd, 4318814.593, 62
Trd, 4318815.043, 118
Trd, 4318815.343, 104
Trd, 4318815.943, 139
Trd, 4318816.143, 65
Trd, 4318816.843, 63
Trd, 4318817.443, 119
Trd, 4318820.293, 62
Trd, 4318820.443, 63
Trd, 4318820.493, 65
Trd, 4318820.543, 67
Trd, 4318823.243, 60
Trd, 4318823.793, 61
Trd, 4318824.693, 60
Trd, 4318824.893, 65
Trd, 4318825.293, 69
Trd, 4318825.393, 68
Trd, 4318825.493, 85
Trd, 4318825.743, 130
Trd, 4318828.693, 60
Trd, 4318829.043, 61
Trd, 4318829.843, 83
Trd, 4318831.293, 68
Trd, 4318831.543, 67
Trd, 4318831.743, 64
Trd, 4318832.893, 71
Trd, 4318833.193, 95
Trd, 4318833.393, 106
Trd, 4318833.443, 94
Trd, 4318835.593, 60
Trd, 4318836.343, 60
Trd, 4318836.393, 79
Trd, 4318838.043, 81
Trd, 4318838.843, 72
Trd, 4318839.693, 99
Trd, 4318840.443, 92
Trd, 4318840.693, 107
Trd, 4318841.043, 140
Trd, 4318841.293, 140
Trd, 4318841.493, 138
Trd, 4318841.993, 130
Trd, 4318843.393, 61
Trd, 4318846.143, 60
Trd, 4318846.943, 61
Trd, 4318847.043, 63
Trd, 4318847.493, 65
Trd, 4318847.893, 68
Trd, 4318848.443, 60
Trd, 4318848.693, 65
Trd, 4318848.793, 75
Trd, 4318849.093, 65
Trd, 4318849.543, 91
Trd, 4318850.193, 137
Trd, 4318850.293, 63
Trd, 4318852.943, 60
Trd, 4318853.143, 66
Trd, 4318853.193, 73
Trd, 4318854.143, 81
Trd, 4318854.743, 62
Trd, 4318855.293, 62
Trd, 4318857.043, 62
Trd, 4318857.093, 62
Trd, 4318857.343, 72
Trd, 4318858.693, 64
Trd, 4318858.793, 70
Trd, 4318859.293, 71
Trd, 4318859.343, 70
Trd, 4318859.493, 61
Trd, 4318860.493, 66
Trd, 4318860.743, 75
Trd, 4318861.393, 138
Trd, 4318862.293, 81
Trd, 4318863.643, 70
Trd, 4318863.793, 69
Trd, 4318864.743, 60
Trd, 4318865.693, 60
Trd, 4318868.293, 61
Trd, 4318868.393, 62
Trd, 4318869.093, 60
Trd, 4318869.543, 85
Trd, 4318870.043, 64
Trd, 4318871.243, 92
Trd, 4318871.743, 123
Trd, 4318872.043, 83
Trd, 4318873.093, 119
Trd, 4318873.343, 73
Trd, 4318874.093, 82
Trd, 4318874.343, 64
Trd, 4318874.893, 61
Trd, 4318877.093, 66
Trd, 4318877.643, 66
Trd, 4318877.743, 67
Trd, 4318878.193, 77
Trd, 4318879.293, 86
Trd, 4318880.243, 104
Trd, 4318881.243, 62
Trd, 4318881.643, 69
Trd, 4318883.143, 64
Trd, 4318883.443, 69
Trd, 4318884.143, 64
Trd, 4318884.293, 140
Trd, 4318884.543, 116
Trd, 4318885.193, 122
Trd, 4318885.443, 62
Trd, 4318885.693, 66
Trd, 4318885.793, 91
Trd, 4318887.243, 60
Trd, 4318888.593, 61
Trd, 4318888.693, 64
Trd, 4318889.093, 94
Trd, 4318890.293, 67
Trd, 4318890.393, 62
Trd, 4318892.993, 60
Trd, 4318893.043, 66
Trd, 4318893.143, 66
Trd, 4318893.343, 68
Trd, 4318894.193, 100
Trd, 4318895.243, 60
Trd, 4318895.993, 68
Trd, 4318897.193, 125
Trd, 4318897.443, 110
Trd, 4318897.493, 108
Trd, 4318897.643, 105
Trd, 4318898.343, 69
Trd, 4318900.243, 64
Trd, 4318901.393, 63
Trd, 4318901.643, 130
Trd, 4318901.793, 117
Trd, 4318902.443, 67
Trd, 4318904.343, 62
Trd, 4318904.743, 63
Trd, 4318905.293, 72
Trd, 4318905.893, 65
Trd, 4318906.093, 61
Trd, 4318906.843, 63
Trd, 4318908.893, 61
Trd, 4318908.943, 61
Trd, 4318909.043, 69
Trd, 4318910.293, 137
Trd, 4318910.493, 137
Trd, 4318910.743, 136
Trd, 4318910.793, 116
Trd, 4318911.493, 98
Trd, 4318911.943, 116
Trd, 4318912.343, 94
Trd, 4318912.843, 92
Trd, 4318913.593, 100
Trd, 4318913.943, 66
Trd, 4318914.393, 60
Trd, 4318914.593, 139
Trd, 4318915.593, 66
Trd, 4318916.343, 89
Trd, 4318916.943, 60
Trd, 4318918.443, 60
Trd, 4318918.493, 61
Trd, 4318920.393, 61
Trd, 4318920.693, 62
Trd, 4318921.393, 66
Trd, 4318921.993, 105
Trd, 4318922.943, 61
Trd, 4318925.093, 63
Trd, 4318925.643, 61
Trd, 4318925.943, 87
Trd, 4318926.693, 68
Trd, 4318926.793, 69
Trd, 4318927.493, 84
Trd, 4318927.843, 113
Trd, 4318928.193, 107
Trd, 4318928.693, 83
Trd, 4318928.993, 116
Trd, 4318929.243, 109
Trd, 4318929.443, 82
Trd, 4318930.543, 81
Trd, 4318930.743, 64
Trd, 4318931.893, 68
Trd, 4318932.193, 66
Trd, 4318932.693, 103
Trd, 4318934.443, 61
Trd, 4318934.943, 118
Trd, 4318935.493, 137
Trd, 4318935.643, 136
Trd, 4318936.193, 112
Trd, 4318936.743, 114
Trd, 4318936.793, 103
Trd, 4318937.293, 62
Trd, 4318938.393, 140
Trd, 4318939.693, 62
Trd, 4318941.043, 71
Trd, 4318941.393, 60
Trd, 4318941.793, 82
Trd, 4318942.743, 138
Trd, 4318944.443, 63
Trd, 4318944.493, 62
Trd, 4318945.143, 64
Trd, 4318945.443, 90
Trd, 4318945.793, 109
Trd, 4318946.443, 60
Trd, 4318946.843, 60
Trd, 4318947.993, 75
Trd, 4318948.143, 80
Trd, 4318948.243, 107
Trd, 4318948.743, 64
Trd, 4318950.693, 140
Trd, 4318951.093, 135
Trd, 4318952.093, 79
Trd, 4318952.643, 139
Trd, 4318953.943, 83
Trd, 4318953.993, 102
Trd, 4318954.193, 86
Trd, 4318954.493, 66
Trd, 4318954.643, 98
Trd, 4318956.893, 64
Trd, 4318956.943, 64
Trd, 4318957.893, 82
Trd, 4318958.243, 96
Trd, 4318958.493, 88
Trd, 4318958.593, 77
Trd, 4318959.843, 133
Trd, 4318959.943, 126
Trd, 4318959.993, 123
Trd, 4318960.843, 140
Trd, 4318962.643, 116
Trd, 4318962.893, 114
Trd, 4318963.243, 109
Trd, 4318964.043, 105
Trd, 4318964.343, 134
Trd, 4318965.143, 137
Trd, 4318965.193, 133
Trd, 4318966.843, 101
Trd, 4318967.243, 140
Trd, 4318967.843, 140
Trd, 4318968.643, 63
Trd, 4318969.093, 62
Trd, 4318969.643, 60
Trd, 4318970.293, 63
Trd, 4318971.343, 92
Trd, 4318972.343, 84
Trd, 4318972.493, 84
Trd, 4318973.293, 140
Trd, 4318973.943, 135
Trd, 4318974.293, 137
Trd, 4318974.393, 131
Trd, 4318974.443, 112
Trd, 4318975.843, 60
Trd, 4318977.193, 68
Trd, 4318977.693, 88
Trd, 4318978.493, 61
Trd, 4318978.543, 66
Trd, 4318979.143, 77
Trd, 4318980.143, 121
Trd, 4318980.193, 70
Trd, 4318981.243, 125
Trd, 4318982.543, 121
Trd, 4318982.743, 104
Trd, 4318982.793, 103
Trd, 4318983.543, 138
Trd, 4318984.243, 127
Trd, 4318984.693, 126
Trd, 4318984.793, 125
Trd, 4318985.443, 127
Trd, 4318985.743, 106
Trd, 4318987.393, 111
Trd, 4318987.543, 96
Trd, 4318988.243, 69
Trd, 4318989.143, 114
Trd, 4318989.193, 111
Trd, 4318989.593, 108
Trd, 4318990.343, 140
Trd, 4318991.243, 126
Trd, 4318991.293, 125
Trd, 4318992.393, 138
Trd, 4318992.793, 104
Trd, 4318994.143, 62
Trd, 4318995.893, 60
Trd, 4318996.093, 60
Trd, 4318996.493, 60
Trd, 4318996.593, 61
Trd, 4318996.993, 62
Trd, 4318997.143, 65
Trd, 4318998.143, 64
Trd, 4318999.643, 60
Trd, 4318999.893, 60
Trd, 4319000.993, 140
Trd, 4319001.043, 139
Trd, 4319002.643, 60
Trd, 4319002.843, 67
Trd, 4319002.893, 72
Trd, 4319003.143, 64
Trd, 4319004.293, 140
Trd, 4319004.393, 135
Trd, 4319005.293, 95
Trd, 4319006.093, 125
Trd, 4319006.393, 114
Trd, 4319007.193, 104
Trd, 4319007.243, 103
Trd, 4319008.643, 135
Trd, 4319009.143, 128
Trd, 4319009.943, 140
Trd, 4319010.443, 113
Trd, 4319011.193, 110
Trd, 4319011.793, 111
Trd, 4319012.393, 98
Trd, 4319012.893, 97
Trd, 4319014.493, 130
Trd, 4319014.943, 129
Trd, 4319015.093, 129
Trd, 4319015.343, 107
Trd, 4319016.143, 76
Trd, 4319016.843, 61
Trd, 4319017.643, 61
Trd, 4319019.243, 95
Trd, 4319019.293, 95
Trd, 4319019.543, 117
Trd, 4319020.843, 61
Trd, 4319021.093, 65
Trd, 4319021.243, 77
Trd, 4319022.193, 64
Trd, 4319022.943, 66
Trd, 4319024.393, 62
Trd, 4319025.793, 60
Trd, 4319026.743, 64
Trd, 4319026.843, 64
Trd, 4319027.093, 66
Trd, 4319027.743, 60
Trd, 4319028.493, 93
Trd, 4319029.143, 107
Trd, 4319029.743, 104
Trd, 4319029.793, 103
Trd, 4319029.843, 91
Trd, 4319030.393, 82
Trd, 4319031.143, 110
Trd, 4319032.443, 78
Trd, 4319032.693, 78
Trd, 4319033.143, 122
Trd, 4319033.543, 118
Trd, 4319034.093, 132
Trd, 4319034.643, 131
Trd, 4319035.193, 125
Trd, 4319035.493, 122
Trd, 4319036.093, 139
Trd, 4319036.643, 82
Trd, 4319037.593, 132
Trd, 4319037.743, 128
Trd, 4319039.543, 118
Trd, 4319039.593, 88
Trd, 4319040.593, 105
Trd, 4319040.793, 94
Trd, 4319040.993, 86
Trd, 4319041.193, 138
Trd, 4319041.893, 124
Trd, 4319042.093, 102
Trd, 4319043.293, 68
Trd, 4319044.293, 61
Trd, 4319044.593, 62
Trd, 4319044.743, 70
Trd, 4319046.343, 60
Trd, 4319048.093, 61
Trd, 4319049.243, 66
Trd, 4319049.393, 67
Trd, 4319049.443, 74
Trd, 4319050.093, 74
Trd, 4319050.743, 77
Trd, 4319052.043, 135
Trd, 4319052.893, 61
Trd, 4319053.593, 60
Trd, 4319053.793, 101
Trd, 4319054.343, 61
Trd, 4319055.443, 65
Trd, 4319055.643, 65
Trd, 4319055.693, 72
Trd, 4319056.293, 62
Trd, 4319057.343, 72
Trd, 4319057.593, 115
Trd, 4319058.093, 83
Trd, 4319059.343, 70
Trd, 4319060.343, 131
Trd, 4319060.993, 121
Trd, 4319061.693, 66
Trd, 4319062.143, 67
Trd, 4319065.443, 63
Trd, 4319066.343, 61
Trd, 4319066.443, 63
Trd, 4319066.793, 62
Trd, 4319067.743, 61
Trd, 4319067.943, 60
Trd, 4319068.543, 61
Trd, 4319068.693, 67
Trd, 4319069.393, 64
Trd, 4319070.293, 67
Trd, 4319070.543, 69
Trd, 4319071.693, 70
Trd, 4319072.143, 64
Trd, 4319072.193, 74
Trd, 4319072.793, 74
Trd, 4319073.543, 138
Trd, 4319073.693, 137
Trd, 4319074.893, 134
Trd, 4319076.343, 139
Trd, 4319076.643, 138
Trd, 4319076.693, 134
Trd, 4319076.743, 119
Trd, 4319077.143, 87
Trd, 4319077.543, 63
Trd, 4319078.693, 124
Trd, 4319079.343, 124
Trd, 4319080.493, 60
Trd, 4319081.343, 66
Trd, 4319081.543, 84
Trd, 4319081.893, 73
Trd, 4319083.093, 74
Trd, 4319083.643, 66
Trd, 4319086.043, 60
Trd, 4319086.443, 60
Trd, 4319086.743, 62
Trd, 4319086.943, 72
Trd, 4319087.893, 60
Trd, 4319088.093, 60
Trd, 4319088.493, 68
Trd, 4319088.993, 61
Trd, 4319089.143, 76
Trd, 4319091.193, 62
Trd, 4319092.093, 61
Trd, 4319092.493, 62
Trd, 4319092.693, 65
Trd, 4319093.143, 64
Trd, 4319093.643, 66
Trd, 4319095.443, 68
Trd, 4319096.643, 72
Trd, 4319097.193, 78
Trd, 4319097.843, 97
Trd, 4319098.093, 96
Trd, 4319098.293, 89
Trd, 4319098.343, 71
Trd, 4319099.243, 64
Trd, 4319100.093, 62
Trd, 4319100.193, 64
Trd, 4319100.793, 67
Trd, 4319101.693, 66
Trd, 4319103.743, 60
Trd, 4319103.843, 60
Trd, 4319103.943, 60
Trd, 4319104.793, 78
Trd, 4319105.743, 82
Trd, 4319106.143, 120
Trd, 4319106.443, 140
Trd, 4319106.493, 117
Trd, 4319107.393, 95
Trd, 4319108.593, 62
Trd, 4319109.143, 67
Trd, 4319110.093, 61
Trd, 4319110.393, 80
Trd, 4319113.043, 60
Trd, 4319113.193, 61
Trd, 4319113.493, 61
Trd, 4319113.643, 65
Trd, 4319113.843, 117
Trd, 4319116.893, 61
Trd, 4319117.243, 64
Trd, 4319117.543, 64
Trd, 4319117.593, 108
Trd, 4319117.993, 62
Trd, 4319118.243, 124
Trd, 4319119.843, 60
Trd, 4319121.393, 62
Trd, 4319122.493, 60
Trd, 4319123.243, 61
Trd, 4319123.393, 61
Trd, 4319123.693, 63
Trd, 4319124.593, 61
Trd, 4319125.343, 60
Trd, 4319125.393, 66
Trd, 4319126.393, 61
Trd, 4319127.693, 61
Trd, 4319128.443, 60
Trd, 4319128.643, 61
Trd, 4319129.743, 65
Trd, 4319130.693, 64
Trd, 4319130.793, 65
Trd, 4319131.093, 66
Trd, 4319131.193, 67
Trd, 4319131.493, 115
Trd, 4319132.793, 62
Trd, 4319134.593, 96
Trd, 4319135.193, 62
Trd, 4319135.843, 65
Trd, 4319136.693, 100
Trd, 4319137.443, 99
Trd, 4319138.043, 126
Trd, 4319138.393, 123
Trd, 4319138.693, 140
Trd, 4319139.393, 140
Trd, 4319140.393, 140
Trd, 4319141.343, 76
Trd, 4319142.343, 76
Trd, 4319142.443, 93
Trd, 4319142.893, 126
Trd, 4319143.493, 61
Trd, 4319143.693, 91
Trd, 4319144.143, 60
Trd, 4319145.143, 60
Trd, 4319146.593, 91
Trd, 4319147.043, 72
Trd, 4319147.743, 118
Trd, 4319147.793, 77
Trd, 4319147.993, 75
Trd, 4319148.543, 135
Trd, 4319148.893, 134
Trd, 4319150.193, 63
Trd, 4319150.543, 60
Trd, 4319151.893, 60
Trd, 4319152.043, 61
Trd, 4319152.693, 83
Trd, 4319152.943, 140
Trd, 4319153.043, 82
Trd, 4319154.693, 140
Trd, 4319155.193, 122
Trd, 4319155.693, 125
Trd, 4319156.493, 130
Trd, 4319157.343, 129
Trd, 4319158.293, 109
Trd, 4319158.593, 107
Trd, 4319158.943, 120
Trd, 4319159.243, 104
Trd, 4319159.843, 120
Trd, 4319160.793, 94
Trd, 4319161.793, 140
Trd, 4319162.493, 99
Trd, 4319162.543, 102
Trd, 4319163.093, 117
Trd, 4319163.293, 102
Trd, 4319163.693, 91
Trd, 4319164.343, 62
Trd, 4319165.493, 60
Trd, 4319166.343, 64
Trd, 4319168.593, 61
Trd, 4319168.693, 62
Trd, 4319168.743, 63
Trd, 4319168.843, 88
Trd, 4319170.293, 61
Trd, 4319170.393, 81
Trd, 4319170.743, 134
Trd, 4319171.643, 133
Trd, 4319171.743, 132
Trd, 4319172.043, 116
Trd, 4319173.393, 93
Trd, 4319174.393, 61
Trd, 4319174.643, 66
Trd, 4319174.993, 77
Trd, 4319177.043, 60
Trd, 4319177.643, 62
Trd, 4319178.193, 65
Trd, 4319178.543, 68
Trd, 4319178.943, 63
Trd, 4319179.393, 91
Trd, 4319179.493, 64
Trd, 4319180.043, 111
Trd, 4319180.343, 102
Trd, 4319181.493, 106
Trd, 4319181.993, 100
Trd, 4319182.543, 113
Trd, 4319182.993, 94
Trd, 4319183.393, 109
Trd, 4319184.443, 140
Trd, 4319184.993, 140
Trd, 4319185.393, 85
Trd, 4319185.943, 70
Trd, 4319186.093, 66
Trd, 4319186.293, 73
Trd, 4319186.493, 103
Trd, 4319188.693, 60
Trd, 4319189.543, 60
Trd, 4319189.893, 134
Trd, 4319190.093, 72
Trd, 4319190.543, 63
Trd, 4319191.143, 60
Trd, 4319191.643, 88
Trd, 4319192.643, 123
Trd, 4319193.143, 83
Trd, 4319194.743, 60
Trd, 4319195.443, 63
Trd, 4319195.893, 65
Trd, 4319196.593, 102
Trd, 4319197.443, 64
Trd, 4319198.143, 100
Trd, 4319198.643, 67
Trd, 4319198.893, 67
Trd, 4319199.143, 73
Trd, 4319199.843, 133
Trd, 4319199.993, 129
Trd, 4319201.443, 67
Trd, 4319202.543, 68
Trd, 4319202.893, 64
Trd, 4319203.593, 73
Trd, 4319203.893, 61
Trd, 4319204.393, 80
Trd, 4319204.443, 88
Trd, 4319204.993, 66
Trd, 4319205.843, 98
Trd, 4319205.943, 64
Trd, 4319207.543, 60
Trd, 4319209.293, 74
Trd, 4319210.193, 60
Trd, 4319211.143, 61
Trd, 4319211.843, 63
Trd, 4319212.393, 64
Trd, 4319212.943, 63
Trd, 4319213.993, 80
Trd, 4319214.993, 61
Trd, 4319215.243, 61
Trd, 4319215.343, 63
Trd, 4319215.393, 66
Trd, 4319215.893, 72
Trd, 4319216.143, 75
Trd, 4319217.643, 62
Trd, 4319218.343, 96
Trd, 4319219.743, 132
Trd, 4319219.793, 131
Trd, 4319220.993, 140
Trd, 4319221.543, 138
Trd, 4319222.193, 134
Trd, 4319222.293, 114
Trd, 4319222.443, 79
Trd, 4319224.693, 125
Trd, 4319224.743, 122
Trd, 4319224.893, 104
Trd, 4319225.493, 111
Trd, 4319225.643, 100
Trd, 4319225.993, 131
Trd, 4319226.843, 75
Trd, 4319227.143, 118
Trd, 4319228.443, 138
Trd, 4319229.193, 86
Trd, 4319229.793, 67
Trd, 4319230.593, 61
Trd, 4319231.393, 66
Trd, 4319231.993, 66
Trd, 4319232.343, 70
Trd, 4319232.793, 128
Trd, 4319233.443, 60
Trd, 4319234.693, 60
Trd, 4319234.943, 68
Trd, 4319237.993, 63
Trd, 4319238.343, 60
Trd, 4319238.643, 61
Trd, 4319239.693, 60
Trd, 4319240.193, 63
Trd, 4319240.693, 60
Trd, 4319241.743, 84
Trd, 4319241.993, 111
Trd, 4319242.493, 125
Trd, 4319242.893, 139
Trd, 4319243.693, 127
Trd, 4319244.043, 124
Trd, 4319244.343, 94
Trd, 4319245.293, 67
Trd, 4319245.593, 61
Trd, 4319247.743, 61
Trd, 4319248.143, 63
Trd, 4319249.143, 60
Trd, 4319249.893, 65
Trd, 4319250.093, 65
Trd, 4319250.743, 61
Trd, 4319251.993, 60
Trd, 4319252.693, 60
Trd, 4319253.043, 60
Trd, 4319253.293, 61
Trd, 4319254.493, 62
Trd, 4319255.093, 60
Trd, 4319256.493, 64
Trd, 4319256.543, 89
Trd, 4319257.193, 88
Trd, 4319257.643, 88
Trd, 4319257.693, 86
Trd, 4319258.893, 132
Trd, 4319260.243, 114
Trd, 4319260.743, 112
Trd, 4319261.093, 140
Trd, 4319261.493, 105
Trd, 4319262.393, 137
Trd, 4319263.043, 118
Trd, 4319264.693, 140
Trd, 4319264.893, 133
Trd, 4319264.943, 132
Trd, 4319265.993, 133
Trd, 4319266.643, 126
Trd, 4319266.893, 123
Trd, 4319267.843, 140
Trd, 4319268.393, 109
Trd, 4319268.593, 83
Trd, 4319268.843, 82
Trd, 4319270.093, 139
Trd, 4319271.043, 121
Trd, 4319271.693, 82
Trd, 4319272.043, 83
Trd, 4319273.493, 140
Trd, 4319273.543, 139
Trd, 4319273.643, 120
Trd, 4319274.043, 115
Trd, 4319274.193, 84
Trd, 4319274.843, 72
Trd, 4319276.593, 64
Trd, 4319277.793, 60
Trd, 4319278.043, 133
Trd, 4319278.943, 91
Trd, 4319280.143, 140
Trd, 4319280.393, 69
Trd, 4319280.943, 68
Trd, 4319281.943, 75
Trd, 4319282.043, 125
Trd, 4319282.643, 98
Trd, 4319282.993, 96
Trd, 4319284.693, 64
Trd, 4319284.743, 61
Trd, 4319285.393, 60
Trd, 4319285.593, 120
Trd, 4319287.393, 77
Trd, 4319287.893, 112
Trd, 4319288.393, 73
Trd, 4319288.643, 73
Trd, 4319288.993, 71
Trd, 4319289.293, 87
Trd, 4319289.593, 110
Trd, 4319289.693, 62
Trd, 4319291.893, 74
Trd, 4319292.943, 111
Trd, 4319293.693, 110
Trd, 4319293.743, 107
Trd, 4319294.293, 71
Trd, 4319294.943, 60
Trd, 4319295.643, 66
Trd, 4319295.893, 68
Trd, 4319296.393, 112
Trd, 4319298.393, 60
Trd, 4319298.493, 68
Trd, 4319299.443, 61
Trd, 4319299.943, 62
Trd, 4319300.043, 63
Trd, 4319300.193, 63
Trd, 4319300.443, 84
Trd, 4319301.243, 62
Trd, 4319301.393, 74
Trd, 4319301.493, 85
Trd, 4319302.743, 87
Trd, 4319303.543, 85
Trd, 4319304.843, 62
Trd, 4319304.893, 64
Trd, 4319305.643, 71
Trd, 4319306.243, 71
Trd, 4319306.643, 77
Trd, 4319307.143, 72
Trd, 4319307.343, 96
Trd, 4319307.643, 66
Trd, 4319308.043, 110
Trd, 4319308.743, 68
Trd, 4319310.343, 60
Trd, 4319311.643, 61
Trd, 4319312.343, 61
Trd, 4319313.293, 64
Trd, 4319313.893, 62
Trd, 4319315.493, 67
Trd, 4319315.543, 71
Trd, 4319315.793, 65
Trd, 4319316.293, 75
Trd, 4319316.343, 101
Trd, 4319316.493, 64
Trd, 4319317.393, 114
Trd, 4319317.593, 117
Trd, 4319319.393, 111
Trd, 4319319.843, 132
Trd, 4319320.193, 91
Trd, 4319320.643, 62
Trd, 4319322.143, 129
Trd, 4319322.193, 127
Trd, 4319322.243, 125
Trd, 4319322.343, 135
Trd, 4319322.593, 110
Trd, 4319323.843, 130
Trd, 4319324.793, 124
Trd, 4319325.143, 119
Trd, 4319325.343, 111
Trd, 4319326.743, 140
Trd, 4319326.893, 140
Trd, 4319326.943, 116
Trd, 4319327.693, 114
Trd, 4319327.943, 112
Trd, 4319328.243, 98
Trd, 4319329.243, 117
Trd, 4319330.493, 64
Trd, 4319330.543, 63
Trd, 4319330.943, 63
Trd, 4319332.543, 65
Trd, 4319332.643, 73
Trd, 4319334.693, 79
Trd, 4319335.143, 64
Trd, 4319335.243, 63
Trd, 4319335.643, 71
Trd, 4319336.243, 61
Trd, 4319336.593, 118
Trd, 4319337.093, 65
Trd, 4319338.443, 70
Trd, 4319339.393, 62
Trd, 4319341.393, 60
Trd, 4319342.243, 62
Trd, 4319343.143, 60
Trd, 4319343.593, 62
Trd, 4319343.893, 62
Trd, 4319345.093, 63
Trd, 4319345.443, 61
Trd, 4319346.643, 62
Trd, 4319347.143, 61
Trd, 4319347.443, 65
Trd, 4319348.243, 75
Trd, 4319348.943, 85
Trd, 4319349.543, 63
Trd, 4319350.193, 61
Trd, 4319350.543, 138
Trd, 4319350.793, 107
Trd, 4319351.543, 60
Trd, 4319351.643, 64
Trd, 4319351.893, 64
Trd, 4319352.443, 84
Trd, 4319352.743, 64
Trd, 4319353.193, 78
Trd, 4319354.293, 108
Trd, 4319354.443, 84
Trd, 4319354.793, 64
Trd, 4319355.893, 64
Trd, 4319356.243, 60
Trd, 4319358.043, 60
Trd, 4319358.443, 60
Trd, 4319359.343, 61
Trd, 4319360.193, 63
Trd, 4319361.443, 60
Trd, 4319362.093, 65
Trd, 4319362.193, 66
Trd, 4319363.493, 67
Trd, 4319363.643, 62
Trd, 4319364.243, 76
Trd, 4319366.243, 62
Trd, 4319366.293, 66
Trd, 4319366.343, 101
Trd, 4319367.043, 69
Trd, 4319368.043, 64
Trd, 4319368.293, 114
Trd, 4319368.593, 94
Trd, 4319369.043, 82
Trd, 4319369.143, 63
Trd, 4319369.993, 106
Trd, 4319370.693, 60
Trd, 4319371.343, 72
Trd, 4319372.093, 93
Trd, 4319372.343, 88
Trd, 4319372.843, 65
Trd, 4319373.843, 140
Trd, 4319374.543, 138
Trd, 4319374.643, 137
Trd, 4319374.693, 133
Trd, 4319375.543, 63
Trd, 4319376.043, 67
Trd, 4319377.593, 79
Trd, 4319378.843, 61
Trd, 4319379.643, 61
Trd, 4319380.043, 63
Trd, 4319380.893, 76
Trd, 4319381.143, 94
Trd, 4319381.193, 108
Trd, 4319381.893, 138
Trd, 4319382.043, 109
Trd, 4319382.493, 74
Trd, 4319383.143, 65
Trd, 4319383.243, 63
Trd, 4319385.143, 110
Trd, 4319386.243, 60
Trd, 4319386.943, 96
Trd, 4319387.243, 109
Trd, 4319387.493, 60
Trd, 4319388.243, 60
Trd, 4319388.843, 62
Trd, 4319389.043, 63
Trd, 4319390.643, 61
Trd, 4319390.793, 64
Trd, 4319390.993, 61
Trd, 4319391.543, 64
Trd, 4319391.593, 100
Trd, 4319393.343, 63
Trd, 4319393.593, 64
Trd, 4319394.143, 69
Trd, 4319394.493, 85
Trd, 4319395.943, 66
Trd, 4319396.993, 62
Trd, 4319397.943, 60
Trd, 4319398.743, 62
Trd, 4319399.243, 62
Trd, 4319400.643, 61
Trd, 4319401.093, 62
Trd, 4319401.693, 62
Trd, 4319402.243, 62
Trd, 4319402.293, 61
Trd, 4319402.893, 61
Trd, 4319403.543, 68
Trd, 4319405.693, 62
Trd, 4319406.043, 77
Trd, 4319406.593, 83
Trd, 4319406.643, 76
Trd, 4319406.693, 88
Trd, 4319406.843, 61
Trd, 4319407.843, 63
Trd, 4319409.843, 60
Trd, 4319410.043, 79
Trd, 4319410.743, 91
Trd, 4319412.443, 61
Trd, 4319412.493, 83
Trd, 4319413.243, 60
Trd, 4319413.993, 65
Trd, 4319414.393, 61
Trd, 4319417.443, 60
Trd, 4319417.543, 63
Trd, 4319418.343, 60
Trd, 4319418.893, 64
Trd, 4319419.093, 68
Trd, 4319419.843, 60
Trd, 4319421.093, 61
Trd, 4319421.143, 65
Trd, 4319421.293, 70
Trd, 4319421.743, 74
Trd, 4319421.993, 65
Trd, 4319422.143, 66
Trd, 4319423.193, 139
Trd, 4319423.993, 94
Trd, 4319425.893, 60
Trd, 4319426.493, 60
Trd, 4319427.543, 65
Trd, 4319427.593, 101
Trd, 4319427.643, 123
Trd, 4319428.943, 65
Trd, 4319429.443, 103
Trd, 4319431.343, 63
Trd, 4319431.893, 64
Trd, 4319432.343, 62
Trd, 4319432.543, 67
Trd, 4319433.343, 62
Trd, 4319434.143, 139
Trd, 4319434.393, 67
Trd, 4319434.893, 87
Trd, 4319434.993, 96
Trd, 4319436.043, 61
Trd, 4319436.593, 65
Trd, 4319437.393, 61
Trd, 4319438.143, 61
Trd, 4319439.293, 125
Trd, 4319439.543, 124
Trd, 4319440.093, 121
Trd, 4319440.343, 101
Trd, 4319441.143, 88
Trd, 4319441.593, 74
Trd, 4319442.643, 118
Trd, 4319443.543, 61
Trd, 4319443.743, 78
Trd, 4319444.343, 66
Trd, 4319445.393, 95
Trd, 4319445.743, 94
Trd, 4319445.993, 94
Trd, 4319446.093, 140
Trd, 4319447.593, 139
Trd, 4319448.693, 110
Trd, 4319448.993, 107
Trd, 4319449.043, 104
Trd, 4319449.143, 100
Trd, 4319449.443, 94
Trd, 4319449.943, 112
Trd, 4319452.693, 65
Trd, 4319453.143, 60
Trd, 4319453.343, 60
Trd, 4319454.093, 60
Trd, 4319454.943, 63
Trd, 4319455.293, 66
Trd, 4319456.343, 60
Trd, 4319456.643, 62
Trd, 4319457.343, 89
Trd, 4319457.693, 77
Trd, 4319458.093, 73
Trd, 4319459.093, 61
Trd, 4319459.543, 128
Trd, 4319460.393, 126
Trd, 4319460.593, 139
Trd, 4319461.143, 124
Trd, 4319462.643, 126
Trd, 4319463.343, 140
Trd, 4319463.493, 135
Trd, 4319464.693, 124
Trd, 4319464.793, 116
Trd, 4319465.243, 106
Trd, 4319465.743, 112
Trd, 4319465.893, 106
Trd, 4319465.993, 103
Trd, 4319466.293, 139
Trd, 4319466.343, 97
Trd, 4319466.393, 68
Trd, 4319468.493, 62
Trd, 4319469.193, 61
Trd, 4319470.593, 60
Trd, 4319471.093, 60
Trd, 4319471.793, 60
Trd, 4319472.093, 60
Trd, 4319473.243, 62
Trd, 4319473.493, 60
Trd, 4319474.193, 66
Trd, 4319474.943, 63
Trd, 4319475.043, 65
Trd, 4319475.693, 64
Trd, 4319476.193, 72
Trd, 4319477.343, 84
Trd, 4319478.393, 66
Trd, 4319479.393, 121
Trd, 4319479.643, 136
Trd, 4319479.793, 120
Trd, 4319480.493, 74
Trd, 4319480.843, 108
Trd, 4319481.093, 80
Trd, 4319481.543, 79
Trd, 4319481.643, 70
Trd, 4319482.393, 128
Trd, 4319483.943, 138
Trd, 4319485.193, 126
Trd, 4319485.643, 125
Trd, 4319485.843, 106
Trd, 4319486.193, 125
Trd, 4319487.843, 113
Trd, 4319488.143, 111
Trd, 4319488.493, 108
Trd, 4319489.643, 89
Trd, 4319489.743, 103
Trd, 4319490.743, 123
Trd, 4319491.243, 120
Trd, 4319491.343, 119
Trd, 4319491.493, 86
Trd, 4319492.793, 139
Trd, 4319493.393, 129
Trd, 4319493.493, 94
Trd, 4319493.943, 65
Trd, 4319494.543, 69
Trd, 4319496.193, 68
Trd, 4319496.243, 71
Trd, 4319497.393, 60
Trd, 4319498.593, 88
Trd, 4319499.143, 97
Trd, 4319499.993, 105
Trd, 4319500.793, 113
Trd, 4319501.393, 112
Trd, 4319501.493, 111
Trd, 4319501.543, 110
Trd, 4319501.943, 99
Trd, 4319502.793, 62
Trd, 4319503.443, 136
Trd, 4319503.593, 132
Trd, 4319504.443, 63
Trd, 4319505.143, 61
Trd, 4319505.593, 139
Trd, 4319505.793, 104
Trd, 4319506.693, 60
Trd, 4319508.543, 60
Trd, 4319508.943, 60
Trd, 4319509.593, 61
Trd, 4319510.143, 61
Trd, 4319511.393, 99
Trd, 4319511.743, 60
Trd, 4319511.843, 105
Trd, 4319512.693, 61
Trd, 4319514.643, 63
Trd, 4319515.093, 60
Trd, 4319515.393, 65
Trd, 4319515.743, 65
Trd, 4319516.743, 62
Trd, 4319517.843, 60
Trd, 4319518.093, 61
Trd, 4319518.443, 63
Trd, 4319519.093, 60
Trd, 4319519.443, 125
Trd, 4319521.043, 63
Trd, 4319521.393, 61
Trd, 4319521.843, 61
Trd, 4319522.993, 60
Trd, 4319523.343, 61
Trd, 4319523.543, 61
Trd, 4319524.443, 79
Trd, 4319524.693, 124
Trd, 4319524.893, 77
Trd, 4319525.293, 62
Trd, 4319525.543, 60
Trd, 4319526.693, 60
Trd, 4319527.493, 63
Trd, 4319527.743, 94
Trd, 4319528.143, 81
Trd, 4319528.293, 60
Trd, 4319530.143, 69
Trd, 4319530.943, 64
Trd, 4319531.793, 66
Trd, 4319532.093, 67
Trd, 4319533.543, 79
Trd, 4319533.943, 74
Trd, 4319534.593, 73
Trd, 4319534.643, 62
Trd, 4319535.043, 64
Trd, 4319536.543, 89
Trd, 4319536.643, 86
Trd, 4319537.693, 60
Trd, 4319537.843, 62
Trd, 4319539.093, 73
Trd, 4319539.293, 65
Trd, 4319539.343, 61
Trd, 4319539.443, 67
Trd, 4319540.293, 140
Trd, 4319541.493, 63
Trd, 4319541.543, 65
Trd, 4319542.093, 71
Trd, 4319542.643, 63
Trd, 4319544.643, 78
Trd, 4319545.343, 60
Trd, 4319546.193, 100
Trd, 4319547.043, 140
Trd, 4319547.893, 138
Trd, 4319547.993, 135
Trd, 4319548.243, 131
Trd, 4319548.293, 130
Trd, 4319549.393, 133
Trd, 4319549.843, 104
Trd, 4319549.943, 93
Trd, 4319550.993, 122
Trd, 4319551.193, 102
Trd, 4319552.243, 135
Trd, 4319552.443, 134
Trd, 4319554.143, 61
Trd, 4319554.943, 61
Trd, 4319555.793, 61
Trd, 4319556.193, 65
Trd, 4319556.443, 61
Trd, 4319556.993, 60
Trd, 4319558.093, 62
Trd, 4319558.343, 70
Trd, 4319559.043, 65
Trd, 4319559.143, 65
Trd, 4319559.493, 64
Trd, 4319559.693, 81
Trd, 4319560.593, 140
Trd, 4319561.143, 62
Trd, 4319561.343, 70
Trd, 4319563.793, 63
Trd, 4319564.293, 66
Trd, 4319564.343, 67
Trd, 4319564.443, 69
Trd, 4319565.093, 64
Trd, 4319567.693, 62
Trd, 4319568.143, 83
Trd, 4319568.893, 85
Trd, 4319568.993, 65
Trd, 4319569.143, 64
Trd, 4319569.193, 63
Trd, 4319569.243, 69
Trd, 4319570.393, 61
Trd, 4319570.643, 66
Trd, 4319571.843, 79
Trd, 4319572.043, 87
Trd, 4319572.593, 65
Trd, 4319573.793, 65
Trd, 4319574.243, 140
Trd, 4319574.393, 140
Trd, 4319574.493, 122
Trd, 4319575.143, 64
Trd, 4319576.193, 66
Trd, 4319577.793, 60
Trd, 4319578.193, 102
Trd, 4319578.593, 100
Trd, 4319578.743, 98
Trd, 4319579.293, 91
Trd, 4319581.293, 137
Trd, 4319581.593, 136
Trd, 4319581.993, 124
Trd, 4319583.393, 129
Trd, 4319583.993, 117
Trd, 4319584.143, 115
Trd, 4319585.093, 140
Trd, 4319585.143, 137
Trd, 4319585.843, 126
Trd, 4319586.593, 115
Trd, 4319588.393, 67
Trd, 4319588.493, 71
Trd, 4319589.393, 102
Trd, 4319590.043, 115
Trd, 4319592.143, 61
Trd, 4319592.843, 64
Trd, 4319593.193, 63
Trd, 4319593.343, 64
Trd, 4319593.393, 68
Trd, 4319594.493, 70
Trd, 4319595.343, 75
Trd, 4319596.193, 86
Trd, 4319597.043, 61
Trd, 4319597.243, 60
Trd, 4319598.293, 61
Trd, 4319598.493, 63
Trd, 4319598.743, 74
Trd, 4319599.293, 60
Trd, 4319599.793, 66
Trd, 4319600.543, 62
Trd, 4319600.743, 67
Trd, 4319602.243, 60
Trd, 4319602.893, 60
Trd, 4319604.393, 68
Trd, 4319605.193, 82
Trd, 4319605.593, 63
Trd, 4319605.943, 60
Trd, 4319606.093, 63
Trd, 4319606.393, 62
Trd, 4319606.893, 64
Trd, 4319606.943, 74
Trd, 4319607.993, 64
Trd, 4319608.343, 84
Trd, 4319609.443, 133
Trd, 4319609.993, 101
Trd, 4319610.043, 99
Trd, 4319610.443, 88
Trd, 4319610.743, 137
Trd, 4319610.943, 86
Trd, 4319611.343, 126
Trd, 4319613.293, 137
Trd, 4319614.543, 61
Trd, 4319614.643, 60
Trd, 4319615.643, 140
Trd, 4319616.143, 140
Trd, 4319617.893, 60
Trd, 4319618.143, 61
Trd, 4319618.443, 70
Trd, 4319619.093, 61
Trd, 4319619.493, 60
Trd, 4319619.643, 102
Trd, 4319621.543, 63
Trd, 4319621.793, 68
Trd, 4319622.693, 62
Trd, 4319623.343, 63
Trd, 4319623.793, 86
Trd, 4319623.893, 60
Trd, 4319625.543, 113
Trd, 4319626.343, 88
Trd, 4319626.543, 129
Trd, 4319627.943, 61
Trd, 4319628.193, 63
Trd, 4319628.293, 64
Trd, 4319629.293, 69
Trd, 4319630.043, 60
Trd, 4319630.143, 73
Trd, 4319631.393, 66
Trd, 4319632.193, 100
Trd, 4319632.743, 91
Trd, 4319633.143, 67
Trd, 4319633.293, 63
Trd, 4319633.443, 73
Trd, 4319633.793, 93
Trd, 4319635.143, 140
Trd, 4319635.543, 140
Trd, 4319636.593, 140
Trd, 4319636.693, 139
Trd, 4319636.793, 135
Trd, 4319636.993, 78
Trd, 4319638.143, 97
Trd, 4319638.643, 73
Trd, 4319638.793, 97
Trd, 4319640.493, 60
Trd, 4319641.793, 60
Trd, 4319642.643, 60
Trd, 4319642.943, 67
Trd, 4319643.593, 62
Trd, 4319644.393, 68
Trd, 4319645.393, 66
Trd, 4319646.543, 60
Trd, 4319647.093, 76
Trd, 4319647.943, 109
Trd, 4319648.043, 79
Trd, 4319649.043, 117
Trd, 4319649.093, 79
Trd, 4319649.193, 76
Trd, 4319650.493, 71
Trd, 4319651.343, 129
Trd, 4319651.893, 128
Trd, 4319652.493, 116
Trd, 4319652.593, 99
Trd, 4319652.843, 93
Trd, 4319653.293, 109
Trd, 4319653.493, 89
Trd, 4319653.643, 133
Trd, 4319654.393, 113
Trd, 4319654.443, 89
Trd, 4319655.793, 65
Trd, 4319656.193, 64
Trd, 4319657.443, 63
Trd, 4319658.793, 66
Trd, 4319658.943, 134
Trd, 4319659.893, 60
Trd, 4319660.093, 79
Trd, 4319660.343, 61
Trd, 4319660.593, 112
Trd, 4319662.193, 64
Trd, 4319662.843, 61
Trd, 4319663.193, 62
Trd, 4319663.393, 67
Trd, 4319664.493, 108
Trd, 4319665.093, 102
Trd, 4319666.443, 114
Trd, 4319666.743, 83
Trd, 4319667.693, 79
Trd, 4319667.943, 64
Trd, 4319669.343, 67
Trd, 4319669.743, 79
Trd, 4319670.543, 61
Trd, 4319671.693, 60
Trd, 4319672.693, 62
Trd, 4319673.343, 139
Trd, 4319673.893, 86
Trd, 4319673.993, 84
Trd, 4319674.243, 113
Trd, 4319674.443, 83
Trd, 4319675.043, 79
Trd, 4319676.093, 61
Trd, 4319676.643, 61
Trd, 4319677.543, 61
Trd, 4319678.193, 60
Trd, 4319679.443, 60
Trd, 4319680.493, 61
Trd, 4319681.243, 66
Trd, 4319681.493, 71
Trd, 4319682.193, 73
Trd, 4319682.893, 140
Trd, 4319683.193, 103
Trd, 4319684.343, 128
Trd, 4319684.493, 90
Trd, 4319685.293, 114
Trd, 4319685.343, 113
Trd, 4319685.493, 88
Trd, 4319687.393, 87
Trd, 4319687.843, 94
Trd, 4319688.243, 84
Trd, 4319688.493, 81
Trd, 4319689.393, 60
Trd, 4319689.793, 66
Trd, 4319690.343, 76
Trd, 4319690.943, 134
Trd, 4319691.993, 94
Trd, 4319692.393, 60
Trd, 4319694.293, 72
Trd, 4319694.693, 73
Trd, 4319696.893, 60
Trd, 4319696.993, 61
Trd, 4319697.193, 63
Trd, 4319697.243, 98
Trd, 4319697.993, 62
Trd, 4319698.243, 60
Trd, 4319700.493, 65
Trd, 4319700.643, 82
Trd, 4319701.943, 62
Trd, 4319702.643, 61
Trd, 4319702.693, 63
Trd, 4319702.943, 62
Trd, 4319703.443, 65
Trd, 4319704.243, 76
Trd, 4319704.693, 93
Trd, 4319705.843, 66
Trd, 4319706.343, 67
Trd, 4319707.543, 60
Trd, 4319708.343, 63
Trd, 4319708.893, 60
Trd, 4319710.543, 62
Trd, 4319710.593, 65
Trd, 4319711.143, 60
Trd, 4319712.043, 64
Trd, 4319712.793, 60
Trd, 4319713.343, 61
Trd, 4319713.393, 66
Trd, 4319713.793, 63
Trd, 4319714.043, 81
Trd, 4319714.443, 112
Trd, 4319714.593, 70
Trd, 4319716.443, 60
Trd, 4319717.093, 60
Trd, 4319719.793, 61
Trd, 4319720.293, 61
Trd, 4319720.443, 62
Trd, 4319720.593, 63
Trd, 4319720.743, 66
Trd, 4319721.843, 60
Trd, 4319722.393, 60
Trd, 4319723.293, 60
Trd, 4319723.543, 69
Trd, 4319723.793, 60
Trd, 4319723.943, 63
Trd, 4319724.593, 76
Trd, 4319725.493, 60
Trd, 4319725.993, 83
Trd, 4319726.643, 61
Trd, 4319727.843, 70
Trd, 4319728.143, 70
Trd, 4319728.643, 101
Trd, 4319731.293, 61
Trd, 4319731.493, 60
Trd, 4319731.793, 62
Trd, 4319732.793, 60
Trd, 4319733.243, 61
Trd, 4319733.393, 61
Trd, 4319734.793, 62
Trd, 4319734.993, 64
Trd, 4319736.493, 67
Trd, 4319736.693, 67
Trd, 4319737.893, 66
Trd, 4319738.643, 62
Trd, 4319739.143, 61
Trd, 4319740.043, 62
Trd, 4319740.343, 63
Trd, 4319740.543, 63
Trd, 4319740.993, 63
Trd, 4319741.493, 74
Trd, 4319741.993, 63
Trd, 4319743.443, 63
Trd, 4319744.243, 64
Trd, 4319744.293, 86
Trd, 4319744.743, 72
Trd, 4319745.843, 117
Trd, 4319746.093, 94
Trd, 4319746.493, 88
Trd, 4319747.043, 76
Trd, 4319747.243, 76
Trd, 4319747.293, 75
Trd, 4319747.943, 75
Trd, 4319748.493, 139
Trd, 4319749.043, 62
Trd, 4319750.443, 136
Trd, 4319750.593, 133
Trd, 4319750.793, 71
Trd, 4319751.393, 86
Trd, 4319751.443, 104
Trd, 4319752.493, 134
Trd, 4319753.293, 88
Trd, 4319753.343, 87
Trd, 4319754.093, 128
Trd, 4319755.293, 127
Trd, 4319755.393, 124
Trd, 4319756.393, 140
Trd, 4319757.243, 131
Trd, 4319757.393, 106
Trd, 4319757.443, 103
Trd, 4319758.493, 62
Trd, 4319760.893, 63
Trd, 4319761.593, 64
Trd, 4319761.743, 65
Trd, 4319762.743, 138
Trd, 4319762.843, 68
Trd, 4319763.293, 62
Trd, 4319765.343, 129
Trd, 4319765.693, 100
Trd, 4319766.043, 60
Trd, 4319766.493, 62
Trd, 4319768.393, 60
Trd, 4319768.693, 60
Trd, 4319768.943, 61
Trd, 4319769.043, 62
Trd, 4319770.393, 64
Trd, 4319770.943, 116
Trd, 4319770.993, 96
Trd, 4319772.843, 104
Trd, 4319773.443, 103
Trd, 4319773.543, 109
Trd, 4319773.793, 76
Trd, 4319774.643, 60
Trd, 4319776.043, 137
Trd, 4319776.143, 135
Trd, 4319776.693, 66
Trd, 4319777.543, 65
Trd, 4319777.793, 67
Trd, 4319778.493, 67
Trd, 4319778.543, 65
Trd, 4319779.543, 62
Trd, 4319780.543, 65
Trd, 4319781.143, 70
Trd, 4319781.393, 133
Trd, 4319782.593, 140
Trd, 4319782.643, 138
Trd, 4319783.293, 115
Trd, 4319784.393, 119
Trd, 4319784.543, 118
Trd, 4319784.893, 110
Trd, 4319784.993, 119
Trd, 4319785.043, 123
Trd, 4319786.493, 60
Trd, 4319787.043, 69
Trd, 4319787.243, 80
Trd, 4319788.893, 60
Trd, 4319789.243, 62
Trd, 4319790.693, 61
Trd, 4319790.743, 67
Trd, 4319791.093, 60
Trd, 4319791.743, 60
Trd, 4319793.893, 60
Trd, 4319794.693, 60
Trd, 4319796.043, 60
Trd, 4319796.293, 63
Trd, 4319797.143, 62
Trd, 4319797.193, 61
Trd, 4319797.343, 68
Trd, 4319798.043, 62
Trd, 4319798.693, 140
Trd, 4319799.243, 140
Trd, 4319799.293, 120
Trd, 4319800.343, 111
Trd, 4319800.593, 65
Trd, 4319800.893, 93
Trd, 4319803.093, 62
Trd, 4319803.893, 67
Trd, 4319804.243, 60
Trd, 4319804.643, 61
Trd, 4319805.593, 60
Trd, 4319805.643, 61
Trd, 4319805.693, 64
Trd, 4319806.343, 60
Trd, 4319807.943, 63
Trd, 4319809.143, 63
Trd, 4319809.943, 60
Trd, 4319810.093, 80
Trd, 4319810.543, 61
Trd, 4319811.143, 60
Trd, 4319811.543, 62
Trd, 4319813.343, 62
Trd, 4319814.693, 63
Trd, 4319814.893, 83
Trd, 4319814.993, 63
Trd, 4319815.393, 81
Trd, 4319815.693, 61
Trd, 4319815.843, 130
Trd, 4319816.393, 63
Trd, 4319816.693, 63
Trd, 4319817.493, 116
Trd, 4319819.443, 62
Trd, 4319820.193, 64
Trd, 4319821.043, 138
Trd, 4319821.143, 136
Trd, 4319821.393, 91
Trd, 4319821.543, 91
Trd, 4319821.993, 82
Trd, 4319822.393, 60
Trd, 4319824.493, 60
Trd, 4319825.293, 60
Trd, 4319825.593, 61
Trd, 4319826.143, 60
Trd, 4319826.943, 69
Trd, 4319827.893, 69
Trd, 4319828.693, 61
Trd, 4319828.993, 66
Trd, 4319830.143, 60
Trd, 4319830.643, 63
Trd, 4319830.693, 112
Trd, 4319830.743, 115
Trd, 4319832.493, 69
Trd, 4319832.543, 86
Trd, 4319833.043, 69
Trd, 4319834.643, 101
Trd, 4319834.843, 87
Trd, 4319834.993, 68
Trd, 4319836.293, 84
Trd, 4319836.993, 65
Trd, 4319837.493, 63
Trd, 4319838.943, 62
Trd, 4319840.493, 61
Trd, 4319840.693, 63
Trd, 4319840.943, 60
Trd, 4319842.343, 62
Trd, 4319843.393, 74
Trd, 4319844.243, 123
Trd, 4319845.043, 73
Trd, 4319845.193, 67
Trd, 4319845.643, 73
Trd, 4319845.943, 69
Trd, 4319846.493, 68
Trd, 4319846.743, 60
Trd, 4319846.893, 131
Trd, 4319847.943, 132
Trd, 4319848.193, 121
Trd, 4319850.843, 134
Trd, 4319850.893, 96
Trd, 4319851.143, 82
Trd, 4319852.143, 61
Trd, 4319852.543, 60
Trd, 4319852.793, 60
Trd, 4319855.393, 61
Trd, 4319855.943, 67
Trd, 4319856.143, 75
Trd, 4319856.743, 75
Trd, 4319857.893, 60
Trd, 4319859.143, 60
Trd, 4319859.343, 64
Trd, 4319859.793, 90
Trd, 4319860.093, 98
Trd, 4319861.343, 140
Trd, 4319861.543, 140
Trd, 4319861.943, 112
Trd, 4319862.393, 84
Trd, 4319862.643, 92
Trd, 4319862.843, 82
Trd, 4319863.193, 124
Trd, 4319864.593, 106
Trd, 4319864.793, 105
Trd, 4319865.343, 124
Trd, 4319865.693, 123
Trd, 4319866.193, 73
Trd, 4319866.393, 71
Trd, 4319867.343, 63
Trd, 4319868.093, 67
Trd, 4319868.743, 60
Trd, 4319869.293, 61
Trd, 4319869.893, 72
Trd, 4319870.293, 65
Trd, 4319870.493, 62
Trd, 4319871.193, 65
Trd, 4319873.693, 61
Trd, 4319873.743, 100
Trd, 4319874.293, 62
Trd, 4319874.693, 129
Trd, 4319874.743, 71
Trd, 4319875.693, 65
Trd, 4319875.993, 65
Trd, 4319876.593, 138
Trd, 4319877.593, 121
Trd, 4319878.393, 120
Trd, 4319880.343, 140
Trd, 4319880.393, 135
Trd, 4319881.493, 108
Trd, 4319881.843, 111
Trd, 4319882.193, 107
Trd, 4319882.293, 116
Trd, 4319883.093, 108
Trd, 4319883.293, 106
Trd, 4319883.643, 106
Trd, 4319883.793, 95
Trd, 4319884.143, 73
Trd, 4319884.443, 126
Trd, 4319885.893, 80
Trd, 4319886.943, 139
Trd, 4319888.243, 127
Trd, 4319888.793, 132
Trd, 4319888.993, 124
Trd, 4319889.193, 62
Trd, 4319889.593, 65
Trd, 4319890.593, 118
Trd, 4319890.793, 116
Trd, 4319891.693, 85
Trd, 4319892.443, 64
Trd, 4319892.543, 61
Trd, 4319893.693, 63
Trd, 4319894.393, 63
Trd, 4319894.943, 64
Trd, 4319896.743, 60
Trd, 4319897.143, 60
Trd, 4319898.843, 61
Trd, 4319898.993, 65
Trd, 4319899.393, 71
Trd, 4319900.143, 60
Trd, 4319901.893, 68
Trd, 4319901.993, 72
Trd, 4319902.093, 66
Trd, 4319902.843, 66
Trd, 4319902.943, 69
Trd, 4319903.843, 65
Trd, 4319904.193, 95
Trd, 4319905.443, 69
Trd, 4319906.243, 106
Trd, 4319906.743, 131
Trd, 4319907.043, 136
Trd, 4319907.293, 120
Trd, 4319907.543, 106
Trd, 4319907.993, 101
Trd, 4319909.943, 60
Trd, 4319910.393, 62
Trd, 4319910.993, 63
Trd, 4319911.143, 64
Trd, 4319911.743, 82
Trd, 4319911.993, 81
Trd, 4319912.843, 135
Trd, 4319913.843, 64
Trd, 4319914.993, 60
Trd, 4319915.743, 60
Trd, 4319916.193, 64
Trd, 4319917.893, 61
Trd, 4319918.293, 65
Trd, 4319919.243, 61
Trd, 4319919.343, 73
Trd, 4319920.393, 78
Trd, 4319921.543, 76
Trd, 4319921.893, 68
Trd, 4319922.193, 140
Trd, 4319922.243, 71
Trd, 4319923.243, 131
Trd, 4319923.943, 68
Trd, 4319924.093, 67
Trd, 4319924.793, 60
Trd, 4319925.043, 68
Trd, 4319925.543, 62
Trd, 4319925.643, 79
Trd, 4319926.993, 65
Trd, 4319928.493, 63
Trd, 4319928.693, 61
Trd, 4319929.043, 62
Trd, 4319929.643, 92
Trd, 4319930.293, 106
Trd, 4319931.893, 86
Trd, 4319932.143, 84
Trd, 4319932.193, 83
Trd, 4319932.443, 87
Trd, 4319932.893, 90
Trd, 4319933.993, 61
Trd, 4319934.043, 62
Trd, 4319934.243, 110
Trd, 4319934.593, 64
Trd, 4319938.193, 61
Trd, 4319938.493, 72
Trd, 4319939.443, 61
Trd, 4319939.643, 68
Trd, 4319939.893, 76
Trd, 4319941.393, 70
Trd, 4319941.743, 69
Trd, 4319941.993, 125
Trd, 4319942.743, 136
Trd, 4319944.093, 134
Trd, 4319944.193, 111
Trd, 4319944.243, 109
Trd, 4319944.443, 109
Trd, 4319944.593, 97
Trd, 4319945.693, 132
Trd, 4319946.043, 133
Trd, 4319946.893, 132
Trd, 4319947.493, 121
Trd, 4319947.593, 136
Trd, 4319948.093, 113
Trd, 4319948.243, 93
Trd, 4319948.293, 76
Trd, 4319949.393, 70
Trd, 4319950.293, 137
Trd, 4319951.543, 65
Trd, 4319952.443, 80
Trd, 4319953.543, 63
Trd, 4319953.693, 62
Trd, 4319953.993, 63
Trd, 4319954.543, 81
Trd, 4319955.243, 93
Trd, 4319955.593, 72
Trd, 4319956.543, 64
Trd, 4319956.643, 63
Trd, 4319957.843, 76
Trd, 4319957.993, 65
Trd, 4319958.193, 89
Trd, 4319958.693, 112
Trd, 4319960.293, 114
Trd, 4319960.443, 113
Trd, 4319960.793, 83
Trd, 4319961.243, 76
Trd, 4319962.743, 60
Trd, 4319962.843, 66
Trd, 4319963.793, 61
Trd, 4319964.243, 60
Trd, 4319964.893, 62
Trd, 4319965.843, 103
Trd, 4319967.093, 60
Trd, 4319967.343, 60
Trd, 4319967.743, 61
Trd, 4319968.643, 66
Trd, 4319968.943, 66
Trd, 4319969.643, 63
Trd, 4319970.043, 63
Trd, 4319970.443, 60
Trd, 4319971.943, 66
Trd, 4319972.643, 62
Trd, 4319973.343, 69
Trd, 4319973.543, 63
Trd, 4319973.743, 95
Trd, 4319974.493, 65
Trd, 4319975.243, 138
Trd, 4319975.343, 95
Trd, 4319975.743, 99
Trd, 4319976.043, 140
Trd, 4319976.743, 70
Trd, 4319977.393, 70
Trd, 4319979.093, 61
Trd, 4319979.293, 60
Trd, 4319980.643, 60
Trd, 4319980.843, 60
Trd, 4319982.743, 61
Trd, 4319983.443, 61
Trd, 4319984.293, 62
Trd, 4319984.793, 61
Trd, 4319985.043, 67
Trd, 4319985.243, 93
Trd, 4319985.893, 78
Trd, 4319986.343, 117
Trd, 4319986.543, 74
Trd, 4319986.643, 73
Trd, 4319987.693, 94
Trd, 4319988.293, 63
Trd, 4319988.793, 65
Trd, 4319989.293, 98
Trd, 4319990.093, 61
Trd, 4319990.643, 60
Trd, 4319991.343, 63
Trd, 4319994.043, 61
Trd, 4319994.343, 60
Trd, 4319994.543, 61
Trd, 4319994.943, 63
Trd, 4319996.393, 60
Trd, 4319996.843, 60
Trd, 4319997.493, 60
Trd, 4319997.843, 63
Trd, 4319998.293, 61
Trd, 4319999.243, 71
Trd, 4319999.443, 79
Trd, 4319999.643, 106
