Trd, 4317886.993, 95
Trd, 4317887.043, 97
Trd, 4317888.193, 94
Trd, 4317888.993, 97
Trd, 4317891.043, 93
Trd, 4317891.343, 93
Trd, 4317892.943, 96
Trd, 4317893.543, 104
Trd, 4317894.793, 98
Trd, 4317895.343, 95
Trd, 4317895.643, 94
Trd, 4317898.093, 93
Trd, 4317900.193, 97
Trd, 4317902.043, 94
Trd, 4317904.343, 96
Trd, 4317905.693, 93
Trd, 4317906.093, 93
Trd, 4317907.343, 92
Trd, 4317907.693, 96
Trd, 4317910.493, 95
Trd, 4317913.193, 95
Trd, 4317914.293, 93
Trd, 4317914.693, 91
Trd, 4317915.243, 104
Trd, 4317916.693, 98
Trd, 4317918.043, 98
Trd, 4317918.293, 95
Trd, 4317920.193, 91
Trd, 4317922.943, 87
Trd, 4317924.143, 104
Trd, 4317924.393, 95
Trd, 4317925.693, 95
Trd, 4317926.593, 100
Trd, 4317928.143, 103
Trd, 4317928.343, 112
Trd, 4317931.243, 103
Trd, 4317931.293, 104
Trd, 4317933.093, 100
Trd, 4317933.793, 104
Trd, 4317936.193, 103
Trd, 4317936.843, 100
Trd, 4317938.593, 103
Trd, 4317939.243, 100
Trd, 4317940.193, 99
Trd, 4317941.093, 98
Trd, 4317941.443, 103
Trd, 4317944.793, 97
Trd, 4317945.693, 102
Trd, 4317947.593, 97
Trd, 4317947.893, 102
Trd, 4317949.343, 95
Trd, 4317949.993, 102
Trd, 4317951.293, 95
Trd, 4317953.543, 94
Trd, 4317954.043, 98
Trd, 4317955.143, 98
Trd, 4317956.793, 95
Trd, 4317957.343, 94
Trd, 4317959.593, 97
Trd, 4317961.093, 95
Trd, 4317962.043, 96
Trd, 4317962.643, 96
Trd, 4317964.143, 94
Trd, 4317964.943, 103
Trd, 4317965.993, 97
Trd, 4317967.593, 96
Trd, 4317968.693, 104
Trd, 4317968.743, 122
Trd, 4317970.493, 94
Trd, 4317970.943, 94
Trd, 4317972.193, 103
Trd, 4317972.793, 98
Trd, 4317974.143, 104
Trd, 4317978.543, 95
Trd, 4317978.993, 95
Trd, 4317979.593, 100
Trd, 4317980.493, 100
Trd, 4317982.243, 94
Trd, 4317983.993, 100
Trd, 4317984.793, 95
Trd, 4317987.593, 95
Trd, 4317987.993, 95
Trd, 4317988.893, 99
Trd, 4317989.593, 99
Trd, 4317991.993, 99
Trd, 4317994.643, 95
Trd, 4317995.293, 97
Trd, 4317995.493, 94
Trd, 4317997.043, 97
Trd, 4317998.093, 97
Trd, 4317999.793, 94
Trd, 4318001.243, 95
Trd, 4318003.443, 97
Trd, 4318004.443, 96
Trd, 4318005.343, 94
Trd, 4318006.293, 94
Trd, 4318008.693, 95
Trd, 4318008.843, 96
Trd, 4318012.043, 95
Trd, 4318012.843, 96
Trd, 4318014.543, 95
Trd, 4318014.793, 94
Trd, 4318015.093, 96
Trd, 4318016.493, 96
Trd, 4318018.343, 94
Trd, 4318021.843, 96
Trd, 4318022.443, 96
Trd, 4318023.043, 95
Trd, 4318023.593, 94
Trd, 4318023.843, 94
Trd, 4318026.393, 94
Trd, 4318026.443, 95
Trd, 4318027.893, 94
Trd, 4318028.043, 119
Trd, 4318028.493, 93
Trd, 4318029.293, 104
Trd, 4318030.693, 104
Trd, 4318033.243, 104
Trd, 4318033.793, 102
Trd, 4318033.943, 101
Trd, 4318035.543, 103
Trd, 4318037.093, 101
Trd, 4318037.243, 102
Trd, 4318040.043, 100
Trd, 4318041.043, 99
Trd, 4318042.943, 101
Trd, 4318044.993, 97
Trd, 4318046.893, 100
Trd, 4318047.143, 98
Trd, 4318047.743, 100
Trd, 4318049.543, 99
Trd, 4318050.943, 97
Trd, 4318052.143, 95
Trd, 4318055.693, 100
Trd, 4318056.943, 100
Trd, 4318058.093, 96
Trd, 4318058.143, 95
Trd, 4318058.393, 113
Trd, 4318060.343, 104
Trd, 4318061.493, 97
Trd, 4318063.643, 86
Trd, 4318065.443, 93
Trd, 4318065.743, 95
Trd, 4318065.893, 84
Trd, 4318067.993, 104
Trd, 4318068.943, 93
Trd, 4318071.493, 92
Trd, 4318071.693, 97
Trd, 4318073.343, 97
Trd, 4318076.593, 91
Trd, 4318076.893, 96
Trd, 4318077.643, 96
Trd, 4318077.743, 91
Trd, 4318079.943, 104
Trd, 4318080.793, 97
Trd, 4318081.493, 95
Trd, 4318081.793, 87
Trd, 4318083.343, 88
Trd, 4318084.143, 90
Trd, 4318086.593, 96
Trd, 4318087.493, 90
Trd, 4318088.393, 91
Trd, 4318089.643, 92
Trd, 4318091.243, 92
Trd, 4318091.393, 115
Trd, 4318094.243, 103
Trd, 4318095.493, 100
Trd, 4318095.543, 97
Trd, 4318097.093, 95
Trd, 4318097.743, 84
Trd, 4318099.693, 95
Trd, 4318100.693, 94
Trd, 4318101.093, 94
Trd, 4318101.443, 92
Trd, 4318102.243, 94
Trd, 4318103.543, 95
Trd, 4318104.543, 96
Trd, 4318105.893, 95
Trd, 4318107.793, 95
Trd, 4318108.893, 96
Trd, 4318109.343, 95
Trd, 4318110.093, 115
Trd, 4318110.743, 120
Trd, 4318111.743, 94
Trd, 4318113.143, 104
Trd, 4318114.693, 100
Trd, 4318114.993, 96
Trd, 4318118.193, 102
Trd, 4318119.943, 102
Trd, 4318120.793, 102
Trd, 4318122.043, 101
Trd, 4318122.993, 98
Trd, 4318124.493, 101
Trd, 4318125.443, 97
Trd, 4318126.743, 101
Trd, 4318126.793, 100
Trd, 4318128.793, 102
Trd, 4318129.643, 100
Trd, 4318130.593, 101
Trd, 4318131.143, 99
Trd, 4318132.843, 99
Trd, 4318134.543, 98
Trd, 4318134.643, 100
Trd, 4318136.793, 99
Trd, 4318138.393, 98
Trd, 4318139.693, 99
Trd, 4318143.943, 99
Trd, 4318144.993, 97
Trd, 4318145.343, 99
Trd, 4318146.243, 99
Trd, 4318147.693, 96
Trd, 4318148.093, 96
Trd, 4318151.993, 96
Trd, 4318152.993, 95
Trd, 4318153.243, 99
Trd, 4318154.143, 100
Trd, 4318157.193, 94
Trd, 4318157.593, 99
Trd, 4318158.393, 99
Trd, 4318159.193, 98
Trd, 4318161.743, 102
Trd, 4318163.243, 98
Trd, 4318164.343, 98
Trd, 4318165.543, 97
Trd, 4318165.743, 100
Trd, 4318165.943, 101
Trd, 4318166.543, 96
Trd, 4318169.793, 100
Trd, 4318169.843, 96
Trd, 4318172.693, 96
Trd, 4318174.393, 95
Trd, 4318175.393, 96
Trd, 4318176.143, 94
Trd, 4318176.593, 97
Trd, 4318178.343, 98
Trd, 4318179.043, 98
Trd, 4318180.093, 97
Trd, 4318180.293, 103
Trd, 4318182.493, 98
Trd, 4318185.093, 89
Trd, 4318185.343, 95
Trd, 4318185.443, 95
Trd, 4318187.893, 95
Trd, 4318190.243, 94
Trd, 4318190.543, 97
Trd, 4318190.943, 96
Trd, 4318191.293, 94
Trd, 4318193.943, 96
Trd, 4318194.243, 93
Trd, 4318195.293, 95
Trd, 4318196.243, 96
Trd, 4318197.043, 97
Trd, 4318197.993, 97
Trd, 4318198.143, 113
Trd, 4318198.393, 104
Trd, 4318199.043, 105
Trd, 4318199.993, 95
Trd, 4318203.843, 104
Trd, 4318203.993, 105
Trd, 4318204.243, 100
Trd, 4318205.893, 101
Trd, 4318210.343, 103
Trd, 4318210.843, 104
Trd, 4318211.943, 104
Trd, 4318213.343, 102
Trd, 4318216.093, 100
Trd, 4318217.793, 104
Trd, 4318218.343, 99
Trd, 4318219.043, 104
Trd, 4318222.493, 101
Trd, 4318224.243, 99
Trd, 4318224.493, 101
Trd, 4318225.943, 99
Trd, 4318227.143, 110
Trd, 4318230.193, 102
Trd, 4318231.643, 98
Trd, 4318234.593, 102
Trd, 4318236.743, 97
Trd, 4318236.793, 102
Trd, 4318236.943, 97
Trd, 4318239.243, 100
Trd, 4318240.843, 100
Trd, 4318241.393, 97
Trd, 4318242.293, 96
Trd, 4318243.143, 97
Trd, 4318243.293, 95
Trd, 4318244.343, 118
Trd, 4318247.643, 95
Trd, 4318248.193, 94
Trd, 4318250.043, 102
Trd, 4318250.593, 99
Trd, 4318251.743, 95
Trd, 4318254.293, 99
Trd, 4318255.893, 104
Trd, 4318256.243, 105
Trd, 4318258.243, 103
Trd, 4318258.393, 100
Trd, 4318260.043, 101
Trd, 4318260.593, 100
Trd, 4318261.893, 104
Trd, 4318262.243, 101
Trd, 4318263.143, 101
Trd, 4318264.143, 100
Trd, 4318265.993, 120
Trd, 4318266.593, 105
Trd, 4318266.643, 100
Trd, 4318267.743, 104
Trd, 4318269.943, 105
Trd, 4318271.143, 99
Trd, 4318272.893, 96
Trd, 4318273.243, 96
Trd, 4318273.543, 97
Trd, 4318274.493, 96
Trd, 4318274.943, 97
Trd, 4318276.543, 97
Trd, 4318278.443, 88
Trd, 4318279.993, 93
Trd, 4318281.393, 85
Trd, 4318283.243, 91
Trd, 4318283.443, 92
Trd, 4318284.293, 91
Trd, 4318286.593, 104
Trd, 4318286.743, 108
Trd, 4318288.693, 98
Trd, 4318288.743, 84
Trd, 4318290.243, 87
Trd, 4318291.593, 91
Trd, 4318291.943, 95
Trd, 4318293.293, 96
Trd, 4318294.293, 91
Trd, 4318296.743, 95
Trd, 4318296.843, 95
Trd, 4318297.193, 95
Trd, 4318297.493, 94
Trd, 4318300.643, 94
Trd, 4318300.943, 93
Trd, 4318301.643, 96
Trd, 4318302.143, 95
Trd, 4318304.043, 94
Trd, 4318307.693, 95
Trd, 4318308.043, 95
Trd, 4318308.143, 95
Trd, 4318308.993, 98
Trd, 4318312.043, 104
Trd, 4318312.093, 100
Trd, 4318312.543, 101
Trd, 4318313.393, 100
Trd, 4318313.993, 105
Trd, 4318315.243, 78
Trd, 4318316.643, 86
Trd, 4318317.993, 86
Trd, 4318319.293, 88
Trd, 4318319.843, 92
Trd, 4318321.243, 92
Trd, 4318325.193, 91
Trd, 4318325.343, 95
Trd, 4318326.393, 91
Trd, 4318327.493, 92
Trd, 4318327.743, 90
Trd, 4318327.993, 101
Trd, 4318328.543, 99
Trd, 4318329.593, 104
Trd, 4318330.143, 97
Trd, 4318330.693, 106
Trd, 4318332.543, 89
Trd, 4318333.643, 92
Trd, 4318334.593, 104
Trd, 4318336.343, 100
Trd, 4318336.743, 94
Trd, 4318339.043, 96
Trd, 4318339.993, 95
Trd, 4318343.593, 94
Trd, 4318344.293, 96
Trd, 4318344.443, 93
Trd, 4318345.293, 97
Trd, 4318347.043, 94
Trd, 4318348.643, 94
Trd, 4318349.493, 96
Trd, 4318351.293, 93
Trd, 4318351.843, 93
Trd, 4318351.893, 96
Trd, 4318355.443, 95
Trd, 4318356.943, 94
Trd, 4318357.443, 95
Trd, 4318358.693, 103
Trd, 4318359.293, 89
Trd, 4318360.243, 93
Trd, 4318361.193, 79
Trd, 4318364.793, 84
Trd, 4318365.643, 86
Trd, 4318365.943, 88
Trd, 4318367.293, 88
Trd, 4318368.243, 87
Trd, 4318369.393, 87
Trd, 4318370.443, 91
Trd, 4318371.393, 86
Trd, 4318372.493, 86
Trd, 4318374.643, 90
Trd, 4318375.743, 91
Trd, 4318376.743, 91
Trd, 4318377.343, 87
Trd, 4318378.093, 87
Trd, 4318380.943, 86
Trd, 4318382.843, 88
Trd, 4318383.843, 86
Trd, 4318383.943, 89
Trd, 4318384.443, 85
Trd, 4318386.393, 89
Trd, 4318386.893, 113
Trd, 4318387.393, 104
Trd, 4318387.543, 94
Trd, 4318389.293, 98
Trd, 4318390.243, 95
Trd, 4318390.943, 94
Trd, 4318394.093, 101
Trd, 4318394.143, 106
Trd, 4318397.543, 102
Trd, 4318398.693, 97
Trd, 4318399.043, 95
Trd, 4318400.843, 95
Trd, 4318400.943, 98
Trd, 4318403.043, 99
Trd, 4318404.393, 96
Trd, 4318408.043, 98
Trd, 4318408.093, 98
Trd, 4318408.393, 95
Trd, 4318408.943, 95
Trd, 4318412.043, 97
Trd, 4318414.593, 95
Trd, 4318415.093, 95
Trd, 4318415.493, 97
Trd, 4318415.543, 97
Trd, 4318417.443, 95
Trd, 4318417.743, 94
Trd, 4318420.243, 97
Trd, 4318421.493, 94
Trd, 4318421.843, 93
Trd, 4318422.793, 97
Trd, 4318425.643, 97
Trd, 4318426.093, 94
Trd, 4318428.093, 114
Trd, 4318430.043, 102
Trd, 4318430.543, 98
Trd, 4318434.743, 99
Trd, 4318435.193, 101
Trd, 4318436.143, 101
Trd, 4318436.843, 97
Trd, 4318437.243, 96
Trd, 4318437.393, 100
Trd, 4318438.943, 99
Trd, 4318442.343, 98
Trd, 4318444.793, 96
Trd, 4318444.993, 96
Trd, 4318445.543, 97
Trd, 4318448.243, 95
Trd, 4318449.393, 96
Trd, 4318450.193, 96
Trd, 4318451.193, 95
Trd, 4318451.393, 95
Trd, 4318451.543, 95
Trd, 4318451.693, 104
Trd, 4318451.793, 122
Trd, 4318452.393, 94
Trd, 4318456.843, 96
Trd, 4318458.393, 102
Trd, 4318458.693, 95
Trd, 4318458.943, 101
Trd, 4318461.543, 95
Trd, 4318463.993, 95
Trd, 4318464.093, 95
Trd, 4318465.143, 99
Trd, 4318466.243, 99
Trd, 4318468.093, 99
Trd, 4318469.193, 100
Trd, 4318469.393, 98
Trd, 4318469.893, 96
Trd, 4318471.893, 95
Trd, 4318472.243, 94
Trd, 4318473.743, 98
Trd, 4318474.893, 98
Trd, 4318475.693, 98
Trd, 4318476.743, 96
Trd, 4318477.243, 95
Trd, 4318477.843, 98
Trd, 4318481.193, 98
Trd, 4318482.593, 95
Trd, 4318484.743, 95
Trd, 4318484.793, 97
Trd, 4318488.443, 95
Trd, 4318488.843, 96
Trd, 4318489.043, 94
Trd, 4318491.593, 95
Trd, 4318494.493, 93
Trd, 4318495.593, 95
Trd, 4318495.693, 95
Trd, 4318495.943, 93
Trd, 4318498.143, 93
Trd, 4318499.643, 92
Trd, 4318500.993, 95
Trd, 4318501.143, 96
Trd, 4318504.943, 95
Trd, 4318505.193, 92
Trd, 4318506.293, 92
Trd, 4318509.043, 93
Trd, 4318509.193, 91
Trd, 4318509.443, 95
Trd, 4318510.293, 105
Trd, 4318511.393, 99
Trd, 4318512.793, 97
Trd, 4318514.793, 96
Trd, 4318515.443, 95
Trd, 4318516.093, 97
Trd, 4318517.043, 98
Trd, 4318517.993, 94
Trd, 4318518.943, 98
Trd, 4318519.093, 94
Trd, 4318521.693, 98
Trd, 4318522.693, 95
Trd, 4318527.593, 98
Trd, 4318527.743, 98
Trd, 4318529.393, 97
Trd, 4318530.543, 95
Trd, 4318531.693, 98
Trd, 4318534.093, 98
Trd, 4318534.993, 95
Trd, 4318536.443, 97
Trd, 4318537.643, 94
Trd, 4318539.043, 97
Trd, 4318540.043, 97
Trd, 4318540.693, 97
Trd, 4318541.093, 94
Trd, 4318542.293, 104
Trd, 4318543.443, 99
Trd, 4318544.393, 98
Trd, 4318544.443, 99
Trd, 4318546.093, 100
Trd, 4318546.343, 98
Trd, 4318550.143, 99
Trd, 4318550.893, 97
Trd, 4318552.593, 97
Trd, 4318553.243, 98
Trd, 4318553.343, 95
Trd, 4318555.343, 99
Trd, 4318557.143, 98
Trd, 4318557.293, 96
Trd, 4318560.793, 96
Trd, 4318561.343, 95
Trd, 4318561.393, 99
Trd, 4318562.993, 99
Trd, 4318564.693, 95
Trd, 4318565.643, 100
Trd, 4318567.693, 95
Trd, 4318568.993, 94
Trd, 4318569.043, 100
Trd, 4318570.843, 100
Trd, 4318572.543, 100
Trd, 4318573.993, 95
Trd, 4318574.843, 94
Trd, 4318575.293, 94
Trd, 4318576.743, 100
Trd, 4318577.643, 100
Trd, 4318579.293, 105
Trd, 4318579.393, 96
Trd, 4318580.743, 95
Trd, 4318584.543, 99
Trd, 4318585.593, 99
Trd, 4318586.643, 99
Trd, 4318586.993, 96
Trd, 4318587.943, 95
Trd, 4318588.043, 95
Trd, 4318588.293, 95
Trd, 4318589.543, 95
Trd, 4318590.743, 112
Trd, 4318591.093, 94
Trd, 4318591.543, 93
Trd, 4318595.593, 95
Trd, 4318595.993, 97
Trd, 4318596.693, 93
Trd, 4318598.543, 96
Trd, 4318599.193, 96
Trd, 4318601.943, 96
Trd, 4318602.793, 95
Trd, 4318603.093, 96
Trd, 4318603.143, 95
Trd, 4318603.993, 97
Trd, 4318606.243, 104
Trd, 4318606.593, 94
Trd, 4318608.293, 93
Trd, 4318608.493, 99
Trd, 4318610.893, 97
Trd, 4318611.793, 94
Trd, 4318612.793, 92
Trd, 4318613.343, 92
Trd, 4318614.493, 84
Trd, 4318615.243, 92
Trd, 4318619.343, 92
Trd, 4318619.543, 92
Trd, 4318620.093, 91
Trd, 4318620.143, 95
Trd, 4318621.143, 95
Trd, 4318621.293, 104
Trd, 4318624.343, 99
Trd, 4318624.493, 95
Trd, 4318625.993, 97
Trd, 4318626.993, 100
Trd, 4318628.443, 97
Trd, 4318628.693, 113
Trd, 4318632.443, 96
Trd, 4318634.793, 100
Trd, 4318637.193, 95
Trd, 4318637.643, 100
Trd, 4318638.643, 100
Trd, 4318639.093, 94
Trd, 4318639.893, 93
Trd, 4318641.343, 100
Trd, 4318641.843, 95
Trd, 4318643.843, 95
Trd, 4318644.093, 100
Trd, 4318644.243, 94
Trd, 4318649.093, 100
Trd, 4318649.193, 100
Trd, 4318650.393, 95
Trd, 4318651.243, 100
Trd, 4318652.393, 100
Trd, 4318653.543, 95
Trd, 4318653.743, 94
Trd, 4318655.993, 93
Trd, 4318656.043, 100
Trd, 4318657.593, 92
Trd, 4318659.543, 99
Trd, 4318659.893, 92
Trd, 4318661.293, 98
Trd, 4318664.143, 96
Trd, 4318664.443, 98
Trd, 4318665.693, 95
Trd, 4318666.943, 98
Trd, 4318668.693, 95
Trd, 4318669.493, 98
Trd, 4318672.493, 95
Trd, 4318672.793, 98
Trd, 4318673.593, 94
Trd, 4318675.243, 94
Trd, 4318677.643, 93
Trd, 4318677.743, 97
Trd, 4318679.593, 97
Trd, 4318681.393, 95
Trd, 4318682.243, 97
Trd, 4318683.643, 97
Trd, 4318683.843, 94
Trd, 4318687.893, 97
Trd, 4318688.443, 104
Trd, 4318689.243, 103
Trd, 4318689.293, 99
Trd, 4318691.143, 86
Trd, 4318691.643, 100
Trd, 4318693.543, 96
Trd, 4318694.443, 99
Trd, 4318696.543, 99
Trd, 4318699.543, 95
Trd, 4318700.593, 99
Trd, 4318701.893, 99
Trd, 4318703.093, 95
Trd, 4318705.043, 96
Trd, 4318707.443, 95
Trd, 4318708.193, 96
Trd, 4318708.843, 94
Trd, 4318710.543, 96
Trd, 4318713.843, 95
Trd, 4318715.343, 96
Trd, 4318715.643, 93
Trd, 4318716.793, 95
Trd, 4318717.243, 96
Trd, 4318718.143, 105
Trd, 4318719.093, 95
Trd, 4318719.993, 98
Trd, 4318720.343, 94
Trd, 4318721.293, 93
Trd, 4318722.493, 100
Trd, 4318723.943, 95
Trd, 4318725.443, 98
Trd, 4318725.793, 94
Trd, 4318727.843, 93
Trd, 4318728.843, 98
Trd, 4318731.843, 98
Trd, 4318732.693, 98
Trd, 4318733.743, 95
Trd, 4318734.593, 97
Trd, 4318735.193, 94
Trd, 4318736.293, 94
Trd, 4318739.043, 96
Trd, 4318739.893, 94
Trd, 4318740.843, 96
Trd, 4318745.493, 95
Trd, 4318745.543, 96
Trd, 4318746.043, 96
Trd, 4318747.643, 94
Trd, 4318747.943, 93
Trd, 4318749.643, 95
Trd, 4318750.843, 92
Trd, 4318751.243, 92
Trd, 4318752.643, 104
Trd, 4318753.393, 95
Trd, 4318754.243, 93
Trd, 4318754.543, 91
Trd, 4318757.693, 95
Trd, 4318758.593, 91
Trd, 4318758.843, 90
Trd, 4318761.343, 95
Trd, 4318763.393, 95
Trd, 4318763.993, 94
Trd, 4318764.343, 95
Trd, 4318765.143, 92
Trd, 4318767.143, 95
Trd, 4318767.993, 95
Trd, 4318768.643, 95
Trd, 4318769.393, 105
Trd, 4318770.143, 96
Trd, 4318770.593, 94
Trd, 4318771.393, 104
Trd, 4318772.643, 97
Trd, 4318774.493, 102
Trd, 4318775.343, 105
Trd, 4318776.643, 96
Trd, 4318776.693, 95
Trd, 4318778.993, 95
Trd, 4318780.893, 97
Trd, 4318781.193, 95
Trd, 4318781.443, 96
Trd, 4318783.493, 94
Trd, 4318785.043, 96
Trd, 4318785.693, 94
Trd, 4318787.243, 96
Trd, 4318791.693, 96
Trd, 4318791.743, 94
Trd, 4318792.793, 93
Trd, 4318793.393, 95
Trd, 4318793.893, 95
Trd, 4318795.543, 104
Trd, 4318795.843, 96
Trd, 4318796.743, 113
Trd, 4318797.243, 85
Trd, 4318797.293, 90
Trd, 4318797.693, 97
Trd, 4318799.593, 87
Trd, 4318800.393, 91
Trd, 4318802.593, 91
Trd, 4318803.593, 90
Trd, 4318803.843, 96
Trd, 4318804.893, 84
Trd, 4318805.243, 90
Trd, 4318805.893, 90
Trd, 4318807.543, 95
Trd, 4318807.743, 90
Trd, 4318809.443, 95
Trd, 4318810.943, 104
Trd, 4318811.793, 95
Trd, 4318812.243, 96
Trd, 4318812.893, 94
Trd, 4318813.193, 100
Trd, 4318816.093, 96
Trd, 4318817.043, 95
Trd, 4318818.493, 96
Trd, 4318818.693, 108
Trd, 4318819.043, 95
Trd, 4318821.593, 95
Trd, 4318823.893, 100
Trd, 4318824.693, 99
Trd, 4318826.493, 95
Trd, 4318828.043, 95
Trd, 4318829.643, 94
Trd, 4318832.393, 95
Trd, 4318832.743, 99
Trd, 4318833.943, 99
Trd, 4318835.343, 94
Trd, 4318836.343, 99
Trd, 4318839.843, 98
Trd, 4318840.943, 95
Trd, 4318841.093, 98
Trd, 4318842.543, 95
Trd, 4318842.743, 94
Trd, 4318843.243, 94
Trd, 4318843.693, 98
Trd, 4318845.093, 93
Trd, 4318846.343, 97
Trd, 4318850.243, 95
Trd, 4318853.243, 96
Trd, 4318853.643, 92
Trd, 4318853.943, 92
Trd, 4318855.943, 93
Trd, 4318856.593, 93
Trd, 4318857.343, 96
Trd, 4318858.143, 96
Trd, 4318859.843, 93
Trd, 4318859.893, 94
Trd, 4318861.993, 104
Trd, 4318862.243, 103
Trd, 4318863.143, 99
Trd, 4318864.343, 102
Trd, 4318865.543, 100
Trd, 4318866.243, 101
Trd, 4318869.543, 99
Trd, 4318870.243, 101
Trd, 4318870.643, 101
Trd, 4318870.893, 98
Trd, 4318873.143, 99
Trd, 4318876.343, 101
Trd, 4318876.593, 101
Trd, 4318877.893, 98
Trd, 4318879.943, 97
Trd, 4318881.843, 97
Trd, 4318882.893, 101
Trd, 4318883.443, 101
Trd, 4318883.943, 102
Trd, 4318884.393, 96
Trd, 4318886.993, 95
Trd, 4318887.443, 95
Trd, 4318888.843, 100
Trd, 4318890.193, 95
Trd, 4318891.943, 100
Trd, 4318893.193, 94
Trd, 4318894.143, 103
Trd, 4318894.593, 102
Trd, 4318894.843, 101
Trd, 4318895.693, 122
Trd, 4318896.793, 100
Trd, 4318900.093, 100
Trd, 4318901.643, 99
Trd, 4318901.793, 105
Trd, 4318902.443, 99
Trd, 4318903.943, 103
Trd, 4318906.393, 103
Trd, 4318907.043, 100
Trd, 4318909.443, 103
Trd, 4318909.843, 95
Trd, 4318910.093, 103
Trd, 4318910.393, 98
Trd, 4318912.493, 103
Trd, 4318914.043, 97
Trd, 4318915.843, 97
Trd, 4318916.643, 102
Trd, 4318918.593, 102
Trd, 4318919.743, 97
Trd, 4318920.693, 96
Trd, 4318922.443, 102
Trd, 4318923.743, 101
Trd, 4318925.343, 96
Trd, 4318927.593, 100
Trd, 4318928.693, 97
Trd, 4318930.143, 101
Trd, 4318931.043, 101
Trd, 4318931.793, 96
Trd, 4318932.243, 96
Trd, 4318933.693, 98
Trd, 4318937.593, 95
Trd, 4318939.043, 97
Trd, 4318939.843, 95
Trd, 4318940.243, 97
Trd, 4318940.393, 95
Trd, 4318941.143, 103
Trd, 4318942.543, 101
Trd, 4318943.343, 113
Trd, 4318944.193, 97
Trd, 4318947.043, 100
Trd, 4318947.593, 98
Trd, 4318950.093, 100
Trd, 4318950.343, 98
Trd, 4318951.443, 97
Trd, 4318952.943, 97
Trd, 4318953.043, 100
Trd, 4318954.243, 100
Trd, 4318955.943, 96
Trd, 4318956.243, 100
Trd, 4318958.343, 100
Trd, 4318960.493, 99
Trd, 4318962.043, 95
Trd, 4318963.793, 95
Trd, 4318964.993, 99
Trd, 4318966.843, 102
Trd, 4318968.943, 101
Trd, 4318970.193, 100
Trd, 4318970.293, 102
Trd, 4318970.443, 99
Trd, 4318973.693, 99
Trd, 4318975.193, 101
Trd, 4318975.543, 99
Trd, 4318976.093, 100
Trd, 4318977.143, 101
Trd, 4318977.593, 98
Trd, 4318979.093, 99
Trd, 4318980.293, 100
Trd, 4318983.693, 104
Trd, 4318983.793, 101
Trd, 4318985.443, 100
Trd, 4318985.993, 101
Trd, 4318986.543, 99
Trd, 4318989.043, 98
Trd, 4318990.743, 101
Trd, 4318991.443, 101
Trd, 4318993.743, 100
Trd, 4318994.943, 99
Trd, 4318995.693, 98
Trd, 4318996.043, 97
Trd, 4318997.193, 98
Trd, 4318998.443, 97
Trd, 4319000.193, 98
Trd, 4319000.343, 96
Trd, 4319001.843, 95
Trd, 4319003.693, 98
Trd, 4319005.493, 96
Trd, 4319006.193, 98
Trd, 4319007.443, 98
Trd, 4319009.893, 95
Trd, 4319011.393, 95
Trd, 4319012.843, 98
Trd, 4319013.193, 98
Trd, 4319013.343, 95
Trd, 4319013.393, 94
Trd, 4319019.143, 95
Trd, 4319019.243, 94
Trd, 4319020.793, 97
Trd, 4319021.343, 96
Trd, 4319021.943, 93
Trd, 4319023.843, 91
Trd, 4319024.093, 92
Trd, 4319024.643, 95
Trd, 4319027.093, 94
Trd, 4319030.093, 94
Trd, 4319030.443, 95
Trd, 4319031.243, 95
Trd, 4319032.143, 96
Trd, 4319033.443, 95
Trd, 4319035.493, 95
Trd, 4319036.593, 94
Trd, 4319036.643, 92
Trd, 4319037.093, 96
Trd, 4319039.293, 95
Trd, 4319040.843, 95
Trd, 4319041.043, 93
Trd, 4319042.343, 92
Trd, 4319043.693, 94
Trd, 4319044.043, 104
Trd, 4319045.043, 94
Trd, 4319046.693, 93
Trd, 4319046.743, 95
Trd, 4319048.193, 95
Trd, 4319049.393, 94
Trd, 4319051.693, 95
Trd, 4319052.393, 93
Trd, 4319055.793, 92
Trd, 4319056.393, 95
Trd, 4319057.193, 95
Trd, 4319057.593, 95
Trd, 4319058.593, 93
Trd, 4319058.893, 95
Trd, 4319062.443, 95
Trd, 4319062.593, 95
Trd, 4319063.393, 94
Trd, 4319065.343, 92
Trd, 4319065.893, 95
Trd, 4319066.593, 95
Trd, 4319067.443, 92
Trd, 4319069.543, 90
Trd, 4319070.843, 90
Trd, 4319070.943, 95
Trd, 4319072.243, 91
Trd, 4319075.593, 92
Trd, 4319076.643, 94
Trd, 4319077.093, 89
Trd, 4319077.893, 92
Trd, 4319078.993, 88
Trd, 4319079.593, 95
Trd, 4319080.993, 97
Trd, 4319082.193, 106
Trd, 4319084.243, 102
Trd, 4319084.593, 101
Trd, 4319085.293, 86
Trd, 4319086.193, 106
Trd, 4319087.943, 99
Trd, 4319089.293, 97
Trd, 4319089.743, 101
Trd, 4319091.143, 101
Trd, 4319092.343, 97
Trd, 4319095.343, 98
Trd, 4319095.743, 99
Trd, 4319097.943, 96
Trd, 4319101.743, 95
Trd, 4319101.993, 95
Trd, 4319102.043, 98
Trd, 4319102.443, 98
Trd, 4319103.343, 98
Trd, 4319103.743, 95
Trd, 4319105.943, 99
Trd, 4319108.443, 95
Trd, 4319109.893, 99
Trd, 4319110.343, 95
Trd, 4319110.643, 94
Trd, 4319113.393, 96
Trd, 4319115.693, 93
Trd, 4319117.193, 92
Trd, 4319117.243, 96
Trd, 4319118.643, 92
Trd, 4319119.043, 96
Trd, 4319119.693, 97
Trd, 4319121.693, 95
Trd, 4319122.843, 93
Trd, 4319123.393, 96
Trd, 4319124.243, 92
Trd, 4319126.243, 97
Trd, 4319127.693, 94
Trd, 4319129.043, 96
Trd, 4319130.293, 96
Trd, 4319130.343, 95
Trd, 4319131.393, 96
Trd, 4319131.993, 107
Trd, 4319134.043, 97
Trd, 4319136.193, 98
Trd, 4319137.693, 95
Trd, 4319138.293, 101
Trd, 4319139.943, 96
Trd, 4319140.693, 96
Trd, 4319141.993, 99
Trd, 4319142.893, 95
Trd, 4319143.193, 104
Trd, 4319144.193, 102
Trd, 4319144.243, 120
Trd, 4319145.693, 101
Trd, 4319148.193, 98
Trd, 4319150.193, 104
Trd, 4319150.943, 103
Trd, 4319151.293, 95
Trd, 4319155.193, 100
Trd, 4319156.143, 97
Trd, 4319157.393, 99
Trd, 4319158.793, 96
Trd, 4319160.493, 95
Trd, 4319161.843, 98
Trd, 4319163.293, 98
Trd, 4319164.143, 95
Trd, 4319164.593, 98
Trd, 4319165.293, 94
Trd, 4319167.443, 93
Trd, 4319169.443, 98
Trd, 4319170.243, 93
Trd, 4319173.993, 98
Trd, 4319175.143, 94
Trd, 4319175.793, 97
Trd, 4319177.243, 97
Trd, 4319177.693, 93
Trd, 4319178.793, 96
Trd, 4319183.293, 96
Trd, 4319183.643, 95
Trd, 4319184.243, 94
Trd, 4319185.243, 104
Trd, 4319185.543, 99
Trd, 4319186.893, 99
Trd, 4319187.493, 95
Trd, 4319188.843, 104
Trd, 4319190.343, 105
Trd, 4319190.993, 104
Trd, 4319191.393, 103
Trd, 4319192.993, 104
Trd, 4319195.393, 103
Trd, 4319197.443, 103
Trd, 4319197.893, 105
Trd, 4319198.993, 104
Trd, 4319200.343, 102
Trd, 4319201.793, 102
Trd, 4319202.093, 101
Trd, 4319203.393, 97
Trd, 4319204.493, 98
Trd, 4319205.993, 98
Trd, 4319206.893, 98
Trd, 4319207.943, 104
Trd, 4319208.443, 114
Trd, 4319209.493, 102
Trd, 4319209.993, 102
Trd, 4319210.843, 101
Trd, 4319211.743, 101
Trd, 4319213.393, 86
Trd, 4319214.643, 97
Trd, 4319214.843, 105
Trd, 4319215.993, 103
Trd, 4319218.343, 99
Trd, 4319218.943, 118
Trd, 4319219.043, 98
Trd, 4319219.993, 102
Trd, 4319220.743, 97
Trd, 4319221.443, 105
Trd, 4319222.143, 104
Trd, 4319222.593, 97
Trd, 4319226.493, 98
Trd, 4319228.493, 97
Trd, 4319228.693, 104
Trd, 4319231.243, 104
Trd, 4319233.543, 104
Trd, 4319233.693, 103
Trd, 4319235.143, 104
Trd, 4319237.243, 100
Trd, 4319238.793, 99
Trd, 4319240.693, 97
Trd, 4319241.193, 97
Trd, 4319241.593, 95
Trd, 4319243.493, 102
Trd, 4319244.043, 105
Trd, 4319244.993, 99
Trd, 4319245.543, 104
Trd, 4319245.793, 103
Trd, 4319246.893, 95
Trd, 4319248.143, 102
Trd, 4319250.443, 103
Trd, 4319251.193, 101
Trd, 4319252.793, 101
Trd, 4319253.793, 103
Trd, 4319254.243, 100
Trd, 4319256.693, 99
Trd, 4319256.843, 103
Trd, 4319259.593, 98
Trd, 4319262.493, 101
Trd, 4319263.343, 101
Trd, 4319264.493, 98
Trd, 4319264.843, 97
Trd, 4319266.043, 101
Trd, 4319267.443, 96
Trd, 4319269.343, 98
Trd, 4319270.843, 98
Trd, 4319271.593, 95
Trd, 4319273.643, 97
Trd, 4319274.843, 86
Trd, 4319276.243, 92
Trd, 4319277.243, 97
Trd, 4319277.793, 93
Trd, 4319281.843, 97
Trd, 4319282.693, 97
Trd, 4319283.293, 95
Trd, 4319285.143, 97
Trd, 4319286.343, 97
Trd, 4319286.693, 95
Trd, 4319288.293, 96
Trd, 4319290.343, 95
Trd, 4319290.593, 96
Trd, 4319291.043, 94
Trd, 4319292.243, 93
Trd, 4319293.293, 96
Trd, 4319295.193, 92
Trd, 4319298.243, 96
Trd, 4319298.493, 104
Trd, 4319301.193, 100
Trd, 4319301.893, 99
Trd, 4319302.143, 98
Trd, 4319303.143, 100
Trd, 4319304.193, 104
Trd, 4319304.593, 96
Trd, 4319307.743, 98
Trd, 4319308.143, 102
Trd, 4319308.393, 102
Trd, 4319308.943, 95
Trd, 4319312.143, 96
Trd, 4319313.243, 98
Trd, 4319315.393, 98
Trd, 4319316.043, 96
Trd, 4319317.543, 95
Trd, 4319319.093, 98
Trd, 4319319.443, 98
Trd, 4319320.343, 95
Trd, 4319322.143, 95
Trd, 4319323.343, 95
Trd, 4319325.943, 98
Trd, 4319326.243, 94
Trd, 4319327.943, 99
Trd, 4319330.743, 100
Trd, 4319330.843, 95
Trd, 4319331.443, 98
Trd, 4319332.043, 95
Trd, 4319335.593, 98
Trd, 4319336.543, 95
Trd, 4319336.643, 98
Trd, 4319337.543, 95
Trd, 4319339.743, 95
Trd, 4319340.493, 98
Trd, 4319342.843, 94
Trd, 4319343.643, 93
Trd, 4319343.843, 98
Trd, 4319345.643, 98
Trd, 4319346.443, 92
Trd, 4319347.043, 98
Trd, 4319349.043, 93
Trd, 4319349.693, 93
Trd, 4319350.743, 95
Trd, 4319352.793, 95
Trd, 4319352.893, 96
Trd, 4319353.943, 92
Trd, 4319356.443, 105
Trd, 4319357.243, 96
Trd, 4319357.443, 100
Trd, 4319359.693, 100
Trd, 4319359.943, 99
Trd, 4319363.143, 98
Trd, 4319363.493, 98
Trd, 4319363.743, 99
Trd, 4319364.243, 99
Trd, 4319364.393, 103
Trd, 4319367.343, 100
Trd, 4319367.693, 99
Trd, 4319368.643, 98
Trd, 4319370.043, 86
Trd, 4319371.693, 90
Trd, 4319372.493, 94
Trd, 4319373.143, 96
Trd, 4319375.543, 91
Trd, 4319375.743, 92
Trd, 4319377.843, 93
Trd, 4319378.043, 92
Trd, 4319379.343, 95
Trd, 4319382.393, 91
Trd, 4319383.593, 93
Trd, 4319383.743, 94
Trd, 4319384.593, 95
Trd, 4319387.543, 93
Trd, 4319389.043, 92
Trd, 4319390.293, 91
Trd, 4319393.543, 93
Trd, 4319393.743, 93
Trd, 4319394.843, 95
Trd, 4319395.043, 104
Trd, 4319396.793, 101
Trd, 4319397.393, 96
Trd, 4319397.743, 95
Trd, 4319401.043, 97
Trd, 4319401.343, 97
Trd, 4319403.693, 96
Trd, 4319404.543, 95
Trd, 4319405.943, 94
Trd, 4319407.493, 97
Trd, 4319407.743, 95
Trd, 4319409.993, 97
Trd, 4319410.293, 95
Trd, 4319413.143, 95
Trd, 4319413.493, 97
Trd, 4319414.543, 96
Trd, 4319415.893, 97
Trd, 4319415.943, 93
Trd, 4319417.693, 98
Trd, 4319419.043, 97
Trd, 4319419.643, 95
Trd, 4319420.443, 104
Trd, 4319420.893, 109
Trd, 4319423.493, 86
Trd, 4319423.843, 91
Trd, 4319424.643, 95
Trd, 4319424.793, 94
Trd, 4319426.693, 93
Trd, 4319427.793, 103
Trd, 4319428.443, 94
Trd, 4319429.243, 97
Trd, 4319431.243, 97
Trd, 4319431.293, 93
Trd, 4319431.593, 98
Trd, 4319432.743, 93
Trd, 4319435.943, 93
Trd, 4319437.343, 93
Trd, 4319437.593, 97
Trd, 4319440.143, 96
Trd, 4319440.943, 95
Trd, 4319444.193, 96
Trd, 4319444.393, 95
Trd, 4319445.293, 96
Trd, 4319445.343, 94
Trd, 4319449.993, 94
Trd, 4319450.243, 96
Trd, 4319450.943, 93
Trd, 4319451.043, 96
Trd, 4319452.593, 93
Trd, 4319453.443, 88
Trd, 4319453.743, 91
Trd, 4319455.193, 93
Trd, 4319456.193, 96
Trd, 4319458.243, 94
Trd, 4319458.543, 95
Trd, 4319459.043, 93
Trd, 4319459.093, 92
Trd, 4319459.393, 92
Trd, 4319461.593, 95
Trd, 4319461.743, 91
Trd, 4319464.293, 104
Trd, 4319465.343, 92
Trd, 4319467.743, 96
Trd, 4319469.493, 95
Trd, 4319469.693, 96
Trd, 4319473.593, 96
Trd, 4319473.993, 95
Trd, 4319474.693, 95
Trd, 4319475.543, 95
Trd, 4319476.143, 95
Trd, 4319476.293, 104
Trd, 4319477.043, 99
Trd, 4319478.043, 98
Trd, 4319479.143, 98
Trd, 4319480.393, 108
Trd, 4319481.093, 98
Trd, 4319482.493, 103
Trd, 4319485.293, 99
Trd, 4319487.043, 100
Trd, 4319487.593, 100
Trd, 4319487.843, 101
Trd, 4319487.893, 98
Trd, 4319490.693, 98
Trd, 4319492.743, 97
Trd, 4319492.893, 101
Trd, 4319493.743, 101
Trd, 4319496.243, 96
Trd, 4319497.293, 100
Trd, 4319498.293, 100
Trd, 4319498.393, 97
Trd, 4319500.893, 97
Trd, 4319501.893, 96
Trd, 4319504.893, 98
Trd, 4319505.293, 98
Trd, 4319506.143, 95
Trd, 4319508.343, 98
Trd, 4319509.493, 97
Trd, 4319509.693, 95
Trd, 4319511.043, 94
Trd, 4319512.893, 93
Trd, 4319513.993, 94
Trd, 4319517.743, 97
Trd, 4319519.343, 96
Trd, 4319522.243, 96
Trd, 4319523.293, 95
Trd, 4319523.543, 108
Trd, 4319524.843, 94
Trd, 4319525.393, 94
Trd, 4319527.443, 93
Trd, 4319527.493, 100
Trd, 4319529.643, 97
Trd, 4319531.343, 98
Trd, 4319531.743, 96
Trd, 4319534.393, 96
Trd, 4319534.443, 97
Trd, 4319535.443, 95
Trd, 4319535.543, 97
Trd, 4319539.993, 95
Trd, 4319540.243, 95
Trd, 4319540.993, 97
Trd, 4319542.043, 97
Trd, 4319542.593, 97
Trd, 4319543.793, 107
Trd, 4319544.043, 94
Trd, 4319546.693, 97
Trd, 4319548.293, 101
Trd, 4319549.543, 95
Trd, 4319550.343, 101
Trd, 4319553.843, 95
Trd, 4319555.143, 99
Trd, 4319555.793, 95
Trd, 4319556.743, 99
Trd, 4319558.593, 94
Trd, 4319561.093, 95
Trd, 4319562.343, 95
Trd, 4319562.393, 99
Trd, 4319562.643, 104
Trd, 4319566.793, 100
Trd, 4319567.993, 101
Trd, 4319569.243, 96
Trd, 4319569.343, 96
Trd, 4319570.293, 101
Trd, 4319571.393, 101
Trd, 4319573.293, 101
Trd, 4319574.843, 96
Trd, 4319577.593, 95
Trd, 4319577.693, 100
Trd, 4319577.993, 100
Trd, 4319578.443, 95
Trd, 4319583.543, 96
Trd, 4319583.593, 100
Trd, 4319584.593, 95
Trd, 4319585.543, 100
Trd, 4319587.543, 99
Trd, 4319588.893, 94
Trd, 4319591.693, 95
Trd, 4319591.893, 99
Trd, 4319593.293, 94
Trd, 4319593.743, 92
Trd, 4319594.843, 97
Trd, 4319596.743, 97
Trd, 4319598.343, 95
Trd, 4319599.693, 97
Trd, 4319600.643, 93
Trd, 4319602.643, 97
Trd, 4319602.843, 94
Trd, 4319604.093, 96
Trd, 4319605.743, 95
Trd, 4319606.243, 96
Trd, 4319608.493, 97
Trd, 4319608.943, 95
Trd, 4319609.443, 95
Trd, 4319612.343, 95
Trd, 4319612.993, 96
Trd, 4319613.993, 94
Trd, 4319616.993, 93
Trd, 4319617.293, 95
Trd, 4319617.543, 95
Trd, 4319619.393, 94
Trd, 4319620.393, 95
Trd, 4319620.593, 95
Trd, 4319624.593, 95
Trd, 4319624.643, 93
Trd, 4319626.443, 94
Trd, 4319628.293, 92
Trd, 4319628.443, 93
Trd, 4319629.143, 95
Trd, 4319630.093, 91
Trd, 4319631.893, 95
Trd, 4319632.743, 90
Trd, 4319634.443, 91
Trd, 4319635.293, 90
Trd, 4319637.343, 95
Trd, 4319637.543, 95
Trd, 4319638.893, 95
Trd, 4319641.243, 95
Trd, 4319642.843, 91
Trd, 4319643.443, 91
Trd, 4319643.943, 96
Trd, 4319645.843, 96
Trd, 4319646.293, 90
Trd, 4319647.893, 97
Trd, 4319650.143, 91
Trd, 4319651.293, 92
Trd, 4319651.793, 103
Trd, 4319652.343, 106
Trd, 4319653.793, 95
Trd, 4319654.893, 97
Trd, 4319654.943, 95
Trd, 4319655.193, 100
Trd, 4319657.643, 95
Trd, 4319658.443, 97
Trd, 4319661.143, 97
Trd, 4319663.143, 93
Trd, 4319663.643, 97
Trd, 4319665.093, 97
Trd, 4319665.393, 94
Trd, 4319666.443, 93
Trd, 4319666.743, 97
Trd, 4319667.243, 87
Trd, 4319671.643, 94
Trd, 4319671.743, 95
Trd, 4319671.843, 96
Trd, 4319673.993, 94
Trd, 4319676.893, 107
Trd, 4319677.693, 99
Trd, 4319678.393, 95
Trd, 4319679.443, 95
Trd, 4319680.893, 98
Trd, 4319682.343, 94
Trd, 4319684.293, 97
Trd, 4319687.393, 95
Trd, 4319688.293, 95
Trd, 4319689.293, 97
Trd, 4319689.343, 97
Trd, 4319689.643, 94
Trd, 4319691.293, 104
Trd, 4319691.893, 105
Trd, 4319693.343, 99
Trd, 4319693.693, 95
Trd, 4319694.543, 101
Trd, 4319696.543, 99
Trd, 4319696.693, 100
Trd, 4319698.643, 100
Trd, 4319699.893, 98
Trd, 4319701.143, 97
Trd, 4319701.793, 96
Trd, 4319702.093, 100
Trd, 4319704.293, 100
Trd, 4319705.343, 95
Trd, 4319708.793, 100
Trd, 4319708.843, 95
Trd, 4319711.143, 98
Trd, 4319712.643, 94
Trd, 4319713.193, 104
Trd, 4319714.693, 95
Trd, 4319715.293, 104
Trd, 4319716.643, 101
Trd, 4319716.993, 94
Trd, 4319717.293, 102
Trd, 4319719.693, 105
Trd, 4319720.343, 103
Trd, 4319720.643, 104
Trd, 4319720.943, 95
Trd, 4319721.093, 104
Trd, 4319722.693, 101
Trd, 4319724.393, 102
Trd, 4319724.793, 104
Trd, 4319725.993, 93
Trd, 4319726.493, 98
Trd, 4319727.593, 97
Trd, 4319728.793, 98
Trd, 4319730.143, 95
Trd, 4319730.893, 98
Trd, 4319731.993, 95
Trd, 4319734.643, 95
Trd, 4319736.093, 99
Trd, 4319738.443, 95
Trd, 4319740.843, 97
Trd, 4319741.243, 97
Trd, 4319741.543, 95
Trd, 4319744.343, 95
Trd, 4319744.943, 96
Trd, 4319745.243, 95
Trd, 4319746.993, 96
Trd, 4319747.343, 94
Trd, 4319748.343, 93
Trd, 4319750.643, 96
Trd, 4319751.993, 95
Trd, 4319752.843, 95
Trd, 4319753.543, 94
Trd, 4319755.393, 104
Trd, 4319756.193, 104
Trd, 4319757.793, 104
Trd, 4319757.893, 102
Trd, 4319759.193, 103
Trd, 4319759.593, 102
Trd, 4319760.893, 100
Trd, 4319762.043, 98
Trd, 4319763.143, 103
Trd, 4319763.693, 99
Trd, 4319764.843, 103
Trd, 4319769.093, 101
Trd, 4319769.543, 103
Trd, 4319770.643, 99
Trd, 4319771.893, 100
Trd, 4319774.193, 102
Trd, 4319775.243, 100
Trd, 4319776.043, 99
Trd, 4319776.493, 98
Trd, 4319778.893, 97
Trd, 4319779.443, 100
Trd, 4319779.543, 100
Trd, 4319781.793, 95
Trd, 4319783.693, 96
Trd, 4319784.793, 99
Trd, 4319785.443, 99
Trd, 4319786.693, 95
Trd, 4319788.693, 99
Trd, 4319789.043, 94
Trd, 4319790.493, 99
Trd, 4319791.443, 94
Trd, 4319793.043, 93
Trd, 4319793.793, 99
Trd, 4319796.943, 95
Trd, 4319796.993, 98
Trd, 4319798.043, 95
Trd, 4319799.343, 98
Trd, 4319801.643, 98
Trd, 4319803.743, 94
Trd, 4319805.193, 95
Trd, 4319806.043, 99
Trd, 4319808.243, 98
Trd, 4319811.093, 98
Trd, 4319811.993, 95
Trd, 4319812.043, 94
Trd, 4319812.093, 98
Trd, 4319812.393, 98
Trd, 4319815.243, 95
Trd, 4319815.643, 94
Trd, 4319818.143, 94
Trd, 4319819.543, 93
Trd, 4319820.043, 95
Trd, 4319823.893, 95
Trd, 4319824.493, 95
Trd, 4319826.093, 95
Trd, 4319826.593, 96
Trd, 4319827.093, 93
Trd, 4319827.943, 105
Trd, 4319830.743, 93
Trd, 4319830.843, 92
Trd, 4319830.893, 100
Trd, 4319832.443, 100
Trd, 4319833.443, 99
Trd, 4319835.243, 92
Trd, 4319836.093, 106
Trd, 4319836.243, 92
Trd, 4319840.293, 99
Trd, 4319841.743, 96
Trd, 4319842.193, 96
Trd, 4319842.343, 99
Trd, 4319847.293, 98
Trd, 4319847.643, 96
Trd, 4319848.343, 95
Trd, 4319849.393, 98
Trd, 4319850.593, 98
Trd, 4319850.943, 99
Trd, 4319851.043, 95
Trd, 4319851.893, 94
Trd, 4319855.393, 99
Trd, 4319856.193, 94
Trd, 4319856.593, 100
Trd, 4319857.643, 104
Trd, 4319858.193, 97
Trd, 4319860.293, 83
Trd, 4319861.393, 86
Trd, 4319861.593, 86
Trd, 4319863.443, 90
Trd, 4319864.243, 84
Trd, 4319864.793, 96
Trd, 4319866.493, 87
Trd, 4319867.193, 104
Trd, 4319868.443, 92
Trd, 4319869.843, 85
Trd, 4319870.943, 89
Trd, 4319871.393, 94
Trd, 4319874.793, 88
Trd, 4319875.143, 104
Trd, 4319877.293, 96
Trd, 4319877.693, 87
Trd, 4319879.443, 90
Trd, 4319881.143, 90
Trd, 4319881.643, 96
Trd, 4319884.293, 94
Trd, 4319886.193, 94
Trd, 4319886.443, 89
Trd, 4319886.993, 94
Trd, 4319888.843, 91
Trd, 4319891.243, 91
Trd, 4319891.493, 94
Trd, 4319892.493, 92
Trd, 4319892.593, 94
Trd, 4319896.593, 94
Trd, 4319897.043, 94
Trd, 4319897.093, 90
Trd, 4319897.343, 90
Trd, 4319898.593, 95
Trd, 4319899.743, 90
Trd, 4319900.193, 104
Trd, 4319900.943, 117
Trd, 4319901.993, 90
Trd, 4319904.843, 98
Trd, 4319906.043, 96
Trd, 4319906.793, 95
Trd, 4319906.993, 97
Trd, 4319909.893, 95
Trd, 4319911.593, 96
Trd, 4319912.693, 95
Trd, 4319912.793, 94
Trd, 4319912.943, 97
Trd, 4319915.943, 95
Trd, 4319916.093, 96
Trd, 4319916.843, 94
Trd, 4319919.343, 96
Trd, 4319920.293, 103
Trd, 4319922.093, 100
Trd, 4319922.293, 96
Trd, 4319923.393, 99
Trd, 4319925.993, 99
Trd, 4319926.993, 96
Trd, 4319928.993, 99
Trd, 4319929.943, 96
Trd, 4319931.093, 96
Trd, 4319932.843, 95
Trd, 4319933.743, 99
Trd, 4319934.293, 99
Trd, 4319936.343, 99
Trd, 4319937.643, 95
Trd, 4319939.243, 98
Trd, 4319939.493, 95
Trd, 4319940.243, 95
Trd, 4319942.443, 97
Trd, 4319944.143, 98
Trd, 4319944.543, 96
Trd, 4319946.993, 95
Trd, 4319948.393, 98
Trd, 4319949.043, 98
Trd, 4319949.243, 94
Trd, 4319952.143, 98
Trd, 4319952.193, 93
Trd, 4319953.493, 94
Trd, 4319954.443, 98
Trd, 4319955.593, 93
Trd, 4319957.993, 93
Trd, 4319958.143, 98
Trd, 4319960.943, 97
Trd, 4319962.293, 94
Trd, 4319962.393, 97
Trd, 4319963.043, 97
Trd, 4319964.843, 95
Trd, 4319965.643, 97
Trd, 4319966.443, 94
Trd, 4319967.243, 94
Trd, 4319970.293, 97
Trd, 4319970.343, 97
Trd, 4319971.093, 95
Trd, 4319972.443, 98
Trd, 4319975.593, 96
Trd, 4319976.443, 95
Trd, 4319976.743, 96
Trd, 4319978.893, 95
Trd, 4319980.543, 96
Trd, 4319983.243, 95
Trd, 4319985.393, 96
Trd, 4319985.693, 95
Trd, 4319985.843, 94
Trd, 4319985.893, 96
Trd, 4319987.843, 95
Trd, 4319988.793, 94
Trd, 4319990.993, 96
Trd, 4319991.943, 94
Trd, 4319992.193, 96
Trd, 4319992.843, 93
Trd, 4319996.993, 95
Trd, 4319997.093, 96
Trd, 4319997.593, 93
Trd, 4319998.843, 96
