Trd, 4317823.293, 99
Trd, 4317824.593, 98
Trd, 4317825.043, 89
Trd, 4317828.343, 97
Trd, 4317828.693, 96
Trd, 4317830.393, 97
Trd, 4317830.443, 97
Trd, 4317832.243, 96
Trd, 4317833.893, 96
Trd, 4317833.993, 95
Trd, 4317835.293, 98
Trd, 4317835.893, 95
Trd, 4317838.293, 95
Trd, 4317839.293, 95
Trd, 4317841.943, 95
Trd, 4317842.093, 96
Trd, 4317844.793, 94
Trd, 4317847.793, 94
Trd, 4317848.493, 94
Trd, 4317850.943, 93
Trd, 4317852.093, 92
Trd, 4317852.493, 94
Trd, 4317853.743, 91
Trd, 4317855.893, 94
Trd, 4317856.043, 94
Trd, 4317857.893, 93
Trd, 4317859.343, 94
Trd, 4317859.743, 91
Trd, 4317860.243, 88
Trd, 4317862.493, 92
Trd, 4317865.593, 92
Trd, 4317869.493, 91
Trd, 4317869.843, 90
Trd, 4317871.993, 89
Trd, 4317872.993, 88
Trd, 4317873.993, 89
Trd, 4317874.293, 88
Trd, 4317877.193, 88
Trd, 4317877.393, 87
Trd, 4317880.793, 89
Trd, 4317881.543, 88
Trd, 4317882.543, 88
Trd, 4317883.593, 87
Trd, 4317887.543, 90
Trd, 4317887.643, 88
Trd, 4317889.093, 88
Trd, 4317890.193, 88
Trd, 4317890.643, 87
Trd, 4317893.643, 87
Trd, 4317893.843, 86
Trd, 4317895.893, 86
Trd, 4317897.693, 87
Trd, 4317897.843, 88
Trd, 4317903.493, 96
Trd, 4317903.643, 95
Trd, 4317903.743, 94
Trd, 4317903.993, 89
Trd, 4317906.793, 98
Trd, 4317907.043, 97
Trd, 4317910.043, 96
Trd, 4317911.193, 96
Trd, 4317913.843, 96
Trd, 4317914.943, 96
Trd, 4317916.393, 95
Trd, 4317917.143, 94
Trd, 4317918.043, 94
Trd, 4317919.893, 95
Trd, 4317920.593, 94
Trd, 4317920.793, 95
Trd, 4317921.193, 94
Trd, 4317924.043, 95
Trd, 4317927.143, 95
Trd, 4317927.493, 94
Trd, 4317929.843, 95
Trd, 4317930.193, 94
Trd, 4317930.243, 93
Trd, 4317933.543, 96
Trd, 4317934.193, 95
Trd, 4317934.693, 94
Trd, 4317936.943, 94
Trd, 4317937.093, 93
Trd, 4317939.343, 94
Trd, 4317941.793, 93
Trd, 4317943.243, 95
Trd, 4317943.293, 93
Trd, 4317947.243, 94
Trd, 4317947.343, 93
Trd, 4317950.143, 99
Trd, 4317951.493, 101
Trd, 4317951.543, 99
Trd, 4317952.693, 99
Trd, 4317955.743, 99
Trd, 4317956.193, 99
Trd, 4317957.593, 98
Trd, 4317957.643, 97
Trd, 4317958.443, 91
Trd, 4317959.943, 96
Trd, 4317963.093, 97
Trd, 4317964.943, 96
Trd, 4317965.193, 96
Trd, 4317967.593, 96
Trd, 4317967.793, 95
Trd, 4317969.793, 94
Trd, 4317971.293, 94
Trd, 4317972.843, 95
Trd, 4317973.243, 94
Trd, 4317975.493, 93
Trd, 4317975.943, 93
Trd, 4317977.893, 95
Trd, 4317979.243, 94
Trd, 4317980.043, 94
Trd, 4317980.893, 94
Trd, 4317984.043, 94
Trd, 4317984.843, 93
Trd, 4317985.593, 93
Trd, 4317988.143, 92
Trd, 4317988.243, 92
Trd, 4317989.393, 91
Trd, 4317989.993, 91
Trd, 4317992.243, 91
Trd, 4317992.643, 92
Trd, 4317993.243, 92
Trd, 4317995.743, 104
Trd, 4317996.643, 102
Trd, 4317997.493, 103
Trd, 4317999.943, 104
Trd, 4318000.543, 103
Trd, 4318001.643, 103
Trd, 4318003.643, 104
Trd, 4318004.243, 102
Trd, 4318006.293, 103
Trd, 4318007.893, 102
Trd, 4318007.943, 101
Trd, 4318010.793, 103
Trd, 4318011.243, 100
Trd, 4318011.893, 100
Trd, 4318012.143, 99
Trd, 4318016.743, 101
Trd, 4318016.843, 100
Trd, 4318017.593, 99
Trd, 4318017.943, 100
Trd, 4318018.743, 97
Trd, 4318021.643, 98
Trd, 4318022.643, 100
Trd, 4318023.443, 99
Trd, 4318024.693, 100
Trd, 4318025.093, 99
Trd, 4318026.093, 98
Trd, 4318028.793, 97
Trd, 4318030.743, 96
Trd, 4318031.943, 98
Trd, 4318032.643, 98
Trd, 4318033.843, 97
Trd, 4318037.243, 104
Trd, 4318037.743, 103
Trd, 4318037.793, 103
Trd, 4318038.043, 103
Trd, 4318039.593, 89
Trd, 4318040.793, 101
Trd, 4318042.743, 99
Trd, 4318045.043, 100
Trd, 4318045.443, 98
Trd, 4318046.243, 98
Trd, 4318048.543, 97
Trd, 4318050.143, 98
Trd, 4318050.743, 97
Trd, 4318051.693, 96
Trd, 4318051.993, 97
Trd, 4318052.193, 95
Trd, 4318053.543, 84
Trd, 4318057.393, 100
Trd, 4318057.943, 100
Trd, 4318058.143, 99
Trd, 4318059.243, 101
Trd, 4318060.593, 100
Trd, 4318061.443, 99
Trd, 4318062.243, 97
Trd, 4318064.893, 96
Trd, 4318066.643, 96
Trd, 4318067.093, 89
Trd, 4318067.693, 94
Trd, 4318068.093, 92
Trd, 4318069.143, 86
Trd, 4318070.793, 88
Trd, 4318072.193, 88
Trd, 4318073.493, 88
Trd, 4318075.943, 89
Trd, 4318077.093, 90
Trd, 4318078.743, 91
Trd, 4318079.193, 91
Trd, 4318079.643, 91
Trd, 4318082.843, 90
Trd, 4318083.193, 91
Trd, 4318085.693, 91
Trd, 4318085.743, 90
Trd, 4318087.893, 90
Trd, 4318090.793, 90
Trd, 4318090.993, 90
Trd, 4318091.393, 89
Trd, 4318092.893, 90
Trd, 4318095.243, 89
Trd, 4318097.043, 92
Trd, 4318098.843, 92
Trd, 4318099.743, 92
Trd, 4318100.943, 94
Trd, 4318101.493, 92
Trd, 4318107.593, 94
Trd, 4318108.543, 93
Trd, 4318109.443, 92
Trd, 4318112.193, 95
Trd, 4318112.943, 95
Trd, 4318114.093, 97
Trd, 4318114.643, 98
Trd, 4318115.043, 97
Trd, 4318116.893, 97
Trd, 4318119.743, 94
Trd, 4318122.293, 98
Trd, 4318122.693, 99
Trd, 4318123.843, 98
Trd, 4318124.543, 97
Trd, 4318124.693, 97
Trd, 4318126.993, 97
Trd, 4318129.043, 98
Trd, 4318130.343, 98
Trd, 4318130.793, 96
Trd, 4318132.143, 98
Trd, 4318133.293, 96
Trd, 4318135.493, 98
Trd, 4318136.243, 98
Trd, 4318136.443, 97
Trd, 4318138.443, 97
Trd, 4318139.493, 97
Trd, 4318140.393, 95
Trd, 4318142.243, 96
Trd, 4318142.993, 96
Trd, 4318145.493, 95
Trd, 4318145.943, 94
Trd, 4318147.243, 94
Trd, 4318148.243, 95
Trd, 4318148.493, 94
Trd, 4318152.193, 94
Trd, 4318155.093, 94
Trd, 4318156.443, 93
Trd, 4318156.743, 92
Trd, 4318159.093, 92
Trd, 4318160.393, 91
Trd, 4318160.943, 89
Trd, 4318163.843, 89
Trd, 4318166.193, 91
Trd, 4318166.843, 91
Trd, 4318168.843, 90
Trd, 4318168.893, 88
Trd, 4318170.593, 89
Trd, 4318172.693, 89
Trd, 4318173.993, 89
Trd, 4318177.343, 88
Trd, 4318177.593, 88
Trd, 4318179.043, 88
Trd, 4318179.193, 87
Trd, 4318180.593, 86
Trd, 4318183.643, 93
Trd, 4318184.693, 93
Trd, 4318187.143, 94
Trd, 4318188.493, 93
Trd, 4318189.243, 94
Trd, 4318191.643, 94
Trd, 4318192.543, 93
Trd, 4318195.043, 92
Trd, 4318197.143, 92
Trd, 4318197.443, 91
Trd, 4318197.993, 91
Trd, 4318199.093, 90
Trd, 4318201.193, 90
Trd, 4318202.593, 90
Trd, 4318203.043, 91
Trd, 4318207.693, 91
Trd, 4318207.793, 90
Trd, 4318207.843, 89
Trd, 4318212.993, 88
Trd, 4318214.343, 92
Trd, 4318215.793, 91
Trd, 4318216.843, 89
Trd, 4318221.943, 89
Trd, 4318223.043, 89
Trd, 4318223.093, 90
Trd, 4318225.993, 89
Trd, 4318227.393, 89
Trd, 4318228.293, 89
Trd, 4318230.893, 90
Trd, 4318233.093, 90
Trd, 4318233.793, 89
Trd, 4318234.243, 89
Trd, 4318237.193, 88
Trd, 4318237.493, 87
Trd, 4318237.843, 86
Trd, 4318239.643, 84
Trd, 4318240.193, 85
Trd, 4318240.693, 86
Trd, 4318244.243, 86
Trd, 4318244.593, 85
Trd, 4318246.793, 86
Trd, 4318249.343, 85
Trd, 4318249.443, 85
Trd, 4318251.343, 85
Trd, 4318251.593, 84
Trd, 4318252.893, 85
Trd, 4318256.793, 86
Trd, 4318258.443, 85
Trd, 4318258.543, 86
Trd, 4318259.193, 84
Trd, 4318262.293, 86
Trd, 4318264.093, 84
Trd, 4318264.593, 85
Trd, 4318266.593, 83
Trd, 4318268.743, 83
Trd, 4318271.043, 84
Trd, 4318271.993, 85
Trd, 4318273.293, 86
Trd, 4318275.193, 87
Trd, 4318276.193, 88
Trd, 4318277.293, 87
Trd, 4318278.943, 85
Trd, 4318279.043, 86
Trd, 4318282.193, 86
Trd, 4318283.293, 87
Trd, 4318285.793, 86
Trd, 4318286.493, 86
Trd, 4318287.043, 84
Trd, 4318291.593, 87
Trd, 4318292.493, 85
Trd, 4318295.043, 85
Trd, 4318296.993, 86
Trd, 4318299.793, 86
Trd, 4318300.343, 85
Trd, 4318301.843, 86
Trd, 4318305.043, 86
Trd, 4318305.693, 85
Trd, 4318306.143, 85
Trd, 4318307.593, 86
Trd, 4318307.843, 87
Trd, 4318310.843, 94
Trd, 4318312.893, 95
Trd, 4318313.143, 96
Trd, 4318314.443, 96
Trd, 4318316.193, 96
Trd, 4318319.493, 96
Trd, 4318321.043, 97
Trd, 4318321.443, 95
Trd, 4318322.443, 95
Trd, 4318322.493, 95
Trd, 4318324.243, 95
Trd, 4318324.293, 94
Trd, 4318326.993, 94
Trd, 4318328.043, 93
Trd, 4318328.193, 94
Trd, 4318328.693, 94
Trd, 4318332.043, 92
Trd, 4318333.243, 92
Trd, 4318334.243, 91
Trd, 4318337.743, 90
Trd, 4318338.093, 90
Trd, 4318338.443, 89
Trd, 4318340.043, 90
Trd, 4318341.143, 90
Trd, 4318345.243, 103
Trd, 4318345.793, 102
Trd, 4318345.943, 101
Trd, 4318347.543, 100
Trd, 4318349.793, 99
Trd, 4318349.993, 99
Trd, 4318352.093, 98
Trd, 4318355.893, 101
Trd, 4318356.393, 99
Trd, 4318358.393, 98
Trd, 4318358.543, 98
Trd, 4318359.593, 97
Trd, 4318360.043, 86
Trd, 4318360.893, 86
Trd, 4318363.543, 96
Trd, 4318365.643, 95
Trd, 4318365.743, 96
Trd, 4318365.893, 95
Trd, 4318366.943, 95
Trd, 4318370.043, 95
Trd, 4318371.193, 96
Trd, 4318371.693, 94
Trd, 4318373.043, 92
Trd, 4318375.393, 92
Trd, 4318375.893, 91
Trd, 4318376.243, 86
Trd, 4318383.943, 97
Trd, 4318384.143, 97
Trd, 4318384.543, 96
Trd, 4318385.543, 96
Trd, 4318386.693, 96
Trd, 4318387.593, 92
Trd, 4318388.693, 94
Trd, 4318391.543, 95
Trd, 4318392.243, 95
Trd, 4318393.393, 95
Trd, 4318394.693, 94
Trd, 4318395.743, 93
Trd, 4318396.293, 88
Trd, 4318400.193, 96
Trd, 4318400.493, 95
Trd, 4318400.793, 95
Trd, 4318404.243, 95
Trd, 4318405.343, 95
Trd, 4318407.643, 94
Trd, 4318408.543, 94
Trd, 4318408.843, 94
Trd, 4318410.993, 94
Trd, 4318412.843, 94
Trd, 4318414.193, 94
Trd, 4318414.843, 94
Trd, 4318415.993, 95
Trd, 4318418.843, 95
Trd, 4318420.393, 93
Trd, 4318422.093, 94
Trd, 4318422.243, 93
Trd, 4318425.393, 92
Trd, 4318425.693, 93
Trd, 4318430.293, 92
Trd, 4318432.343, 92
Trd, 4318433.943, 92
Trd, 4318434.943, 92
Trd, 4318435.393, 92
Trd, 4318435.693, 91
Trd, 4318438.793, 91
Trd, 4318440.293, 92
Trd, 4318441.893, 91
Trd, 4318443.793, 91
Trd, 4318445.243, 90
Trd, 4318445.293, 90
Trd, 4318448.043, 89
Trd, 4318450.093, 90
Trd, 4318450.743, 89
Trd, 4318450.793, 88
Trd, 4318455.293, 92
Trd, 4318455.643, 91
Trd, 4318457.093, 92
Trd, 4318459.043, 91
Trd, 4318459.343, 94
Trd, 4318461.393, 93
Trd, 4318462.693, 92
Trd, 4318465.493, 94
Trd, 4318467.043, 93
Trd, 4318468.243, 93
Trd, 4318469.743, 91
Trd, 4318469.843, 88
Trd, 4318471.843, 88
Trd, 4318472.943, 89
Trd, 4318477.293, 92
Trd, 4318477.393, 91
Trd, 4318480.143, 91
Trd, 4318480.393, 90
Trd, 4318483.093, 89
Trd, 4318483.143, 89
Trd, 4318485.393, 88
Trd, 4318487.143, 88
Trd, 4318488.043, 87
Trd, 4318489.143, 87
Trd, 4318493.143, 92
Trd, 4318493.743, 92
Trd, 4318494.843, 91
Trd, 4318498.093, 98
Trd, 4318500.143, 101
Trd, 4318500.343, 102
Trd, 4318500.993, 101
Trd, 4318502.743, 99
Trd, 4318503.593, 99
Trd, 4318507.093, 100
Trd, 4318507.243, 100
Trd, 4318507.543, 99
Trd, 4318509.143, 99
Trd, 4318510.043, 99
Trd, 4318511.443, 99
Trd, 4318513.543, 100
Trd, 4318514.193, 98
Trd, 4318515.693, 97
Trd, 4318517.043, 96
Trd, 4318519.443, 96
Trd, 4318520.493, 95
Trd, 4318520.543, 95
Trd, 4318524.393, 94
Trd, 4318525.843, 95
Trd, 4318527.193, 93
Trd, 4318527.543, 93
Trd, 4318528.093, 93
Trd, 4318530.693, 93
Trd, 4318531.043, 93
Trd, 4318532.543, 92
Trd, 4318534.243, 93
Trd, 4318536.393, 94
Trd, 4318536.893, 94
Trd, 4318538.393, 94
Trd, 4318538.693, 93
Trd, 4318539.893, 92
Trd, 4318543.193, 92
Trd, 4318543.343, 92
Trd, 4318547.243, 94
Trd, 4318547.843, 92
Trd, 4318550.393, 91
Trd, 4318551.943, 92
Trd, 4318554.493, 92
Trd, 4318558.093, 92
Trd, 4318558.843, 92
Trd, 4318559.093, 91
Trd, 4318560.543, 91
Trd, 4318560.793, 91
Trd, 4318561.743, 92
Trd, 4318562.643, 90
Trd, 4318562.943, 90
Trd, 4318564.643, 92
Trd, 4318568.243, 92
Trd, 4318568.943, 92
Trd, 4318570.643, 93
Trd, 4318570.793, 92
Trd, 4318571.593, 92
Trd, 4318574.193, 94
Trd, 4318576.193, 96
Trd, 4318577.293, 96
Trd, 4318578.443, 88
Trd, 4318580.593, 91
Trd, 4318582.893, 91
Trd, 4318583.193, 91
Trd, 4318584.043, 91
Trd, 4318584.143, 91
Trd, 4318585.943, 87
Trd, 4318590.493, 89
Trd, 4318591.243, 88
Trd, 4318593.893, 88
Trd, 4318594.943, 89
Trd, 4318595.993, 87
Trd, 4318598.193, 87
Trd, 4318599.793, 89
Trd, 4318600.793, 88
Trd, 4318604.543, 88
Trd, 4318604.843, 89
Trd, 4318605.293, 89
Trd, 4318606.493, 88
Trd, 4318610.293, 90
Trd, 4318612.443, 91
Trd, 4318614.893, 91
Trd, 4318615.043, 90
Trd, 4318615.643, 90
Trd, 4318616.893, 89
Trd, 4318618.893, 88
Trd, 4318621.843, 88
Trd, 4318622.993, 88
Trd, 4318623.143, 86
Trd, 4318626.243, 88
Trd, 4318627.443, 87
Trd, 4318629.393, 87
Trd, 4318633.493, 86
Trd, 4318635.343, 86
Trd, 4318637.893, 86
Trd, 4318638.043, 85
Trd, 4318641.393, 86
Trd, 4318643.543, 87
Trd, 4318644.093, 86
Trd, 4318644.693, 87
Trd, 4318648.143, 86
Trd, 4318649.093, 86
Trd, 4318651.893, 85
Trd, 4318654.443, 89
Trd, 4318655.393, 90
Trd, 4318655.593, 91
Trd, 4318656.793, 90
Trd, 4318660.943, 89
Trd, 4318662.343, 88
Trd, 4318662.543, 89
Trd, 4318663.593, 88
Trd, 4318665.693, 88
Trd, 4318667.493, 87
Trd, 4318668.643, 89
Trd, 4318670.693, 87
Trd, 4318671.043, 86
Trd, 4318672.793, 85
Trd, 4318674.893, 86
Trd, 4318676.793, 86
Trd, 4318679.193, 90
Trd, 4318680.343, 88
Trd, 4318682.543, 93
Trd, 4318684.193, 94
Trd, 4318685.243, 94
Trd, 4318685.943, 93
Trd, 4318686.743, 95
Trd, 4318686.843, 94
Trd, 4318687.693, 94
Trd, 4318689.743, 94
Trd, 4318690.043, 94
Trd, 4318691.393, 93
Trd, 4318695.643, 94
Trd, 4318695.693, 93
Trd, 4318697.993, 92
Trd, 4318698.793, 93
Trd, 4318699.393, 93
Trd, 4318701.693, 92
Trd, 4318704.993, 93
Trd, 4318706.043, 92
Trd, 4318707.093, 92
Trd, 4318707.443, 90
Trd, 4318710.143, 90
Trd, 4318710.693, 91
Trd, 4318712.743, 91
Trd, 4318713.993, 92
Trd, 4318715.243, 92
Trd, 4318716.343, 93
Trd, 4318716.443, 92
Trd, 4318716.843, 91
Trd, 4318720.293, 94
Trd, 4318725.343, 95
Trd, 4318726.043, 95
Trd, 4318726.643, 95
Trd, 4318727.193, 94
Trd, 4318727.393, 94
Trd, 4318729.743, 93
Trd, 4318732.193, 93
Trd, 4318733.693, 93
Trd, 4318734.043, 92
Trd, 4318734.243, 92
Trd, 4318735.693, 91
Trd, 4318736.393, 92
Trd, 4318739.543, 93
Trd, 4318740.143, 92
Trd, 4318741.643, 92
Trd, 4318742.193, 93
Trd, 4318743.793, 95
Trd, 4318744.943, 94
Trd, 4318747.593, 93
Trd, 4318751.093, 94
Trd, 4318752.993, 94
Trd, 4318754.393, 93
Trd, 4318756.293, 93
Trd, 4318756.343, 92
Trd, 4318758.343, 92
Trd, 4318758.693, 91
Trd, 4318760.593, 91
Trd, 4318761.143, 90
Trd, 4318761.643, 86
Trd, 4318762.943, 88
Trd, 4318764.293, 88
Trd, 4318766.343, 89
Trd, 4318770.043, 88
Trd, 4318770.643, 89
Trd, 4318770.743, 88
Trd, 4318773.293, 88
Trd, 4318774.693, 90
Trd, 4318776.743, 90
Trd, 4318777.393, 89
Trd, 4318778.893, 89
Trd, 4318781.393, 90
Trd, 4318782.443, 90
Trd, 4318782.593, 91
Trd, 4318784.293, 89
Trd, 4318786.543, 88
Trd, 4318788.293, 87
Trd, 4318789.343, 87
Trd, 4318791.643, 88
Trd, 4318793.393, 87
Trd, 4318793.493, 86
Trd, 4318796.493, 87
Trd, 4318798.493, 90
Trd, 4318799.843, 89
Trd, 4318800.243, 89
Trd, 4318802.793, 89
Trd, 4318804.893, 91
Trd, 4318806.643, 90
Trd, 4318807.393, 91
Trd, 4318809.243, 89
Trd, 4318809.743, 89
Trd, 4318810.093, 89
Trd, 4318813.393, 90
Trd, 4318814.943, 89
Trd, 4318816.593, 88
Trd, 4318817.793, 89
Trd, 4318819.443, 90
Trd, 4318820.893, 89
Trd, 4318822.593, 89
Trd, 4318823.443, 88
Trd, 4318825.643, 90
Trd, 4318828.993, 89
Trd, 4318829.643, 89
Trd, 4318830.543, 89
Trd, 4318834.143, 88
Trd, 4318836.343, 89
Trd, 4318836.793, 88
Trd, 4318839.093, 87
Trd, 4318839.443, 86
Trd, 4318841.093, 86
Trd, 4318842.243, 92
Trd, 4318842.993, 92
Trd, 4318846.093, 96
Trd, 4318848.993, 97
Trd, 4318849.543, 96
Trd, 4318851.943, 96
Trd, 4318853.093, 100
Trd, 4318853.343, 98
Trd, 4318854.543, 97
Trd, 4318854.793, 98
Trd, 4318856.293, 97
Trd, 4318856.443, 97
Trd, 4318857.143, 86
Trd, 4318859.743, 93
Trd, 4318860.043, 92
Trd, 4318862.493, 93
Trd, 4318862.893, 93
Trd, 4318863.843, 92
Trd, 4318865.443, 93
Trd, 4318867.743, 92
Trd, 4318868.493, 91
Trd, 4318869.293, 91
Trd, 4318871.093, 93
Trd, 4318871.243, 91
Trd, 4318874.343, 90
Trd, 4318876.743, 101
Trd, 4318877.543, 101
Trd, 4318878.593, 100
Trd, 4318880.493, 100
Trd, 4318882.093, 100
Trd, 4318884.493, 99
Trd, 4318884.843, 101
Trd, 4318886.043, 100
Trd, 4318886.843, 100
Trd, 4318888.043, 99
Trd, 4318890.143, 100
Trd, 4318892.393, 100
Trd, 4318893.243, 100
Trd, 4318893.493, 98
Trd, 4318894.693, 97
Trd, 4318897.093, 96
Trd, 4318897.743, 95
Trd, 4318898.893, 89
Trd, 4318899.193, 90
Trd, 4318902.643, 91
Trd, 4318903.443, 90
Trd, 4318905.143, 89
Trd, 4318906.643, 90
Trd, 4318908.193, 89
Trd, 4318908.343, 88
Trd, 4318911.193, 89
Trd, 4318912.843, 91
Trd, 4318914.293, 90
Trd, 4318915.493, 91
Trd, 4318919.093, 90
Trd, 4318919.693, 90
Trd, 4318919.793, 89
Trd, 4318923.543, 89
Trd, 4318925.143, 88
Trd, 4318928.893, 88
Trd, 4318930.393, 90
Trd, 4318933.693, 90
Trd, 4318933.943, 90
Trd, 4318935.643, 91
Trd, 4318936.743, 92
Trd, 4318938.893, 92
Trd, 4318939.593, 91
Trd, 4318942.643, 94
Trd, 4318943.743, 95
Trd, 4318944.793, 95
Trd, 4318945.843, 97
Trd, 4318948.743, 97
Trd, 4318949.243, 96
Trd, 4318949.493, 95
Trd, 4318950.993, 95
Trd, 4318951.893, 94
Trd, 4318953.243, 94
Trd, 4318954.593, 94
Trd, 4318955.143, 95
Trd, 4318955.593, 94
Trd, 4318959.743, 93
Trd, 4318960.893, 92
Trd, 4318962.293, 92
Trd, 4318964.593, 92
Trd, 4318968.793, 96
Trd, 4318968.843, 96
Trd, 4318970.393, 95
Trd, 4318972.993, 96
Trd, 4318974.043, 96
Trd, 4318976.143, 96
Trd, 4318976.243, 95
Trd, 4318976.293, 95
Trd, 4318977.943, 97
Trd, 4318979.093, 99
Trd, 4318983.843, 104
Trd, 4318984.193, 104
Trd, 4318985.193, 103
Trd, 4318985.493, 102
Trd, 4318987.543, 102
Trd, 4318987.793, 102
Trd, 4318990.293, 102
Trd, 4318993.093, 101
Trd, 4318993.843, 101
Trd, 4318994.143, 103
Trd, 4318994.543, 102
Trd, 4318994.743, 100
Trd, 4318995.743, 99
Trd, 4318997.793, 84
Trd, 4319001.443, 98
Trd, 4319004.093, 98
Trd, 4319004.743, 99
Trd, 4319005.293, 98
Trd, 4319005.693, 97
Trd, 4319006.043, 96
Trd, 4319007.193, 90
Trd, 4319010.343, 94
Trd, 4319012.243, 94
Trd, 4319013.793, 93
Trd, 4319015.043, 93
Trd, 4319015.693, 93
Trd, 4319019.593, 98
Trd, 4319019.943, 97
Trd, 4319020.643, 96
Trd, 4319021.293, 96
Trd, 4319022.793, 93
Trd, 4319027.043, 95
Trd, 4319029.393, 96
Trd, 4319030.193, 95
Trd, 4319030.293, 94
Trd, 4319030.493, 93
Trd, 4319031.943, 93
Trd, 4319033.043, 93
Trd, 4319033.393, 92
Trd, 4319036.943, 92
Trd, 4319037.493, 92
Trd, 4319040.093, 91
Trd, 4319042.743, 90
Trd, 4319042.993, 90
Trd, 4319045.743, 89
Trd, 4319046.093, 86
Trd, 4319047.043, 87
Trd, 4319049.393, 90
Trd, 4319049.593, 89
Trd, 4319051.393, 93
Trd, 4319054.093, 94
Trd, 4319056.543, 98
Trd, 4319057.443, 95
Trd, 4319058.443, 94
Trd, 4319059.393, 94
Trd, 4319060.543, 94
Trd, 4319061.643, 93
Trd, 4319062.293, 93
Trd, 4319062.743, 92
Trd, 4319064.793, 93
Trd, 4319067.043, 92
Trd, 4319067.343, 94
Trd, 4319068.643, 92
Trd, 4319069.293, 92
Trd, 4319070.843, 91
Trd, 4319074.843, 90
Trd, 4319077.043, 93
Trd, 4319077.543, 90
Trd, 4319079.493, 91
Trd, 4319080.343, 92
Trd, 4319080.443, 90
Trd, 4319083.143, 89
Trd, 4319088.043, 90
Trd, 4319088.843, 91
Trd, 4319089.093, 89
Trd, 4319090.793, 90
Trd, 4319093.493, 89
Trd, 4319094.143, 89
Trd, 4319095.093, 89
Trd, 4319095.243, 88
Trd, 4319101.093, 92
Trd, 4319102.043, 91
Trd, 4319102.993, 90
Trd, 4319104.243, 89
Trd, 4319108.443, 97
Trd, 4319109.643, 99
Trd, 4319109.993, 96
Trd, 4319110.843, 97
Trd, 4319111.093, 98
Trd, 4319112.093, 96
Trd, 4319113.943, 98
Trd, 4319115.243, 98
Trd, 4319117.993, 97
Trd, 4319120.043, 97
Trd, 4319122.643, 97
Trd, 4319124.443, 96
Trd, 4319124.793, 96
Trd, 4319124.843, 97
Trd, 4319126.543, 87
Trd, 4319129.293, 95
Trd, 4319129.393, 94
Trd, 4319131.293, 94
Trd, 4319131.593, 94
Trd, 4319132.043, 93
Trd, 4319135.293, 94
Trd, 4319138.093, 99
Trd, 4319138.443, 96
Trd, 4319139.193, 96
Trd, 4319140.143, 98
Trd, 4319141.793, 98
Trd, 4319142.443, 97
Trd, 4319144.993, 96
Trd, 4319145.843, 96
Trd, 4319146.593, 96
Trd, 4319146.993, 95
Trd, 4319150.343, 95
Trd, 4319150.693, 95
Trd, 4319151.793, 93
Trd, 4319152.393, 89
Trd, 4319154.793, 94
Trd, 4319156.043, 93
Trd, 4319156.543, 93
Trd, 4319158.293, 93
Trd, 4319158.793, 92
Trd, 4319159.993, 92
Trd, 4319163.693, 92
Trd, 4319164.693, 92
Trd, 4319164.993, 93
Trd, 4319165.993, 92
Trd, 4319170.593, 93
Trd, 4319171.243, 93
Trd, 4319174.043, 92
Trd, 4319174.243, 92
Trd, 4319175.343, 90
Trd, 4319178.043, 90
Trd, 4319179.393, 90
Trd, 4319179.493, 89
Trd, 4319182.993, 93
Trd, 4319183.243, 93
Trd, 4319185.743, 92
Trd, 4319185.943, 92
Trd, 4319186.893, 92
Trd, 4319190.493, 91
Trd, 4319191.393, 89
Trd, 4319191.443, 90
Trd, 4319192.243, 87
Trd, 4319192.993, 87
Trd, 4319194.993, 88
Trd, 4319196.343, 88
Trd, 4319199.243, 89
Trd, 4319204.843, 93
Trd, 4319205.193, 93
Trd, 4319205.843, 92
Trd, 4319207.043, 91
Trd, 4319207.143, 91
Trd, 4319210.443, 92
Trd, 4319210.893, 92
Trd, 4319213.343, 92
Trd, 4319215.443, 91
Trd, 4319215.943, 91
Trd, 4319217.643, 91
Trd, 4319218.593, 89
Trd, 4319222.243, 92
Trd, 4319224.193, 91
Trd, 4319225.693, 90
Trd, 4319227.193, 92
Trd, 4319229.293, 91
Trd, 4319231.343, 91
Trd, 4319232.643, 90
Trd, 4319232.693, 90
Trd, 4319234.643, 89
Trd, 4319235.743, 91
Trd, 4319241.393, 91
Trd, 4319241.843, 91
Trd, 4319242.193, 90
Trd, 4319242.493, 89
Trd, 4319246.043, 89
Trd, 4319251.843, 90
Trd, 4319252.043, 91
Trd, 4319253.543, 89
Trd, 4319258.493, 91
Trd, 4319258.743, 88
Trd, 4319260.343, 89
Trd, 4319264.793, 89
Trd, 4319265.043, 91
Trd, 4319267.193, 89
Trd, 4319268.043, 89
Trd, 4319268.543, 87
Trd, 4319269.843, 87
Trd, 4319274.293, 87
Trd, 4319275.093, 87
Trd, 4319275.943, 87
Trd, 4319276.543, 86
Trd, 4319279.143, 89
Trd, 4319279.543, 88
Trd, 4319280.793, 88
Trd, 4319282.193, 87
Trd, 4319282.293, 88
Trd, 4319285.143, 93
Trd, 4319285.993, 92
Trd, 4319288.593, 91
Trd, 4319289.093, 91
Trd, 4319289.243, 91
Trd, 4319291.093, 91
Trd, 4319293.443, 97
Trd, 4319294.293, 97
Trd, 4319296.243, 97
Trd, 4319297.743, 97
Trd, 4319298.293, 97
Trd, 4319301.243, 96
Trd, 4319301.393, 96
Trd, 4319301.693, 96
Trd, 4319301.893, 95
Trd, 4319305.543, 94
Trd, 4319306.493, 92
Trd, 4319307.993, 95
Trd, 4319309.143, 95
Trd, 4319312.043, 94
Trd, 4319312.393, 95
Trd, 4319313.093, 94
Trd, 4319313.543, 93
Trd, 4319314.993, 94
Trd, 4319315.843, 93
Trd, 4319317.193, 91
Trd, 4319321.993, 92
Trd, 4319322.043, 90
Trd, 4319323.543, 92
Trd, 4319324.093, 92
Trd, 4319325.443, 91
Trd, 4319326.393, 87
Trd, 4319327.693, 90
Trd, 4319329.193, 89
Trd, 4319332.293, 88
Trd, 4319332.343, 88
Trd, 4319334.693, 89
Trd, 4319336.343, 89
Trd, 4319336.743, 88
Trd, 4319338.343, 89
Trd, 4319339.343, 89
Trd, 4319341.443, 88
Trd, 4319341.743, 89
Trd, 4319343.143, 87
Trd, 4319345.243, 87
Trd, 4319347.193, 86
Trd, 4319348.493, 87
Trd, 4319350.343, 85
Trd, 4319352.593, 86
Trd, 4319353.893, 86
Trd, 4319354.543, 86
Trd, 4319357.893, 86
Trd, 4319359.193, 87
Trd, 4319360.693, 87
Trd, 4319361.943, 86
Trd, 4319363.793, 87
Trd, 4319366.893, 89
Trd, 4319367.093, 89
Trd, 4319368.093, 88
Trd, 4319369.043, 87
Trd, 4319373.643, 88
Trd, 4319376.843, 87
Trd, 4319377.343, 87
Trd, 4319378.043, 89
Trd, 4319379.543, 88
Trd, 4319380.943, 87
Trd, 4319382.643, 90
Trd, 4319384.893, 94
Trd, 4319385.243, 94
Trd, 4319386.443, 93
Trd, 4319386.493, 94
Trd, 4319391.593, 95
Trd, 4319392.193, 95
Trd, 4319393.193, 97
Trd, 4319394.243, 97
Trd, 4319397.443, 97
Trd, 4319398.143, 96
Trd, 4319398.643, 95
Trd, 4319399.843, 95
Trd, 4319401.143, 94
Trd, 4319401.943, 94
Trd, 4319403.893, 94
Trd, 4319405.043, 94
Trd, 4319405.893, 93
Trd, 4319410.143, 92
Trd, 4319411.293, 92
Trd, 4319413.143, 93
Trd, 4319413.393, 92
Trd, 4319414.043, 91
Trd, 4319415.443, 91
Trd, 4319416.343, 93
Trd, 4319418.493, 92
Trd, 4319418.843, 91
Trd, 4319419.193, 90
Trd, 4319421.743, 91
Trd, 4319421.893, 89
Trd, 4319422.043, 88
Trd, 4319428.043, 92
Trd, 4319429.143, 93
Trd, 4319431.093, 92
Trd, 4319432.893, 91
Trd, 4319433.543, 91
Trd, 4319434.793, 91
Trd, 4319437.543, 95
Trd, 4319440.093, 94
Trd, 4319441.693, 94
Trd, 4319443.343, 94
Trd, 4319445.443, 94
Trd, 4319446.443, 94
Trd, 4319448.043, 93
Trd, 4319451.093, 92
Trd, 4319451.643, 92
Trd, 4319452.293, 92
Trd, 4319455.493, 100
Trd, 4319456.443, 102
Trd, 4319456.693, 102
Trd, 4319457.293, 102
Trd, 4319458.743, 101
Trd, 4319459.243, 103
Trd, 4319461.293, 101
Trd, 4319464.093, 100
Trd, 4319464.493, 99
Trd, 4319465.593, 99
Trd, 4319466.693, 98
Trd, 4319467.743, 99
Trd, 4319467.793, 100
Trd, 4319470.143, 99
Trd, 4319472.393, 98
Trd, 4319473.343, 98
Trd, 4319474.443, 97
Trd, 4319475.043, 97
Trd, 4319475.843, 97
Trd, 4319478.143, 98
Trd, 4319479.793, 99
Trd, 4319480.443, 98
Trd, 4319481.643, 97
Trd, 4319483.893, 97
Trd, 4319486.943, 99
Trd, 4319487.793, 99
Trd, 4319488.093, 98
Trd, 4319488.893, 96
Trd, 4319491.593, 95
Trd, 4319492.293, 79
Trd, 4319492.793, 91
Trd, 4319493.743, 90
Trd, 4319495.843, 89
Trd, 4319497.193, 90
Trd, 4319497.943, 89
Trd, 4319498.793, 89
Trd, 4319500.293, 89
Trd, 4319500.493, 88
Trd, 4319501.693, 87
Trd, 4319505.193, 86
Trd, 4319506.093, 86
Trd, 4319506.693, 87
Trd, 4319507.343, 86
Trd, 4319509.893, 86
Trd, 4319511.443, 87
Trd, 4319514.593, 87
Trd, 4319515.093, 85
Trd, 4319518.343, 87
Trd, 4319519.293, 87
Trd, 4319522.193, 87
Trd, 4319522.843, 86
Trd, 4319523.643, 86
Trd, 4319525.993, 85
Trd, 4319530.943, 84
Trd, 4319531.193, 84
Trd, 4319531.343, 86
Trd, 4319532.443, 86
Trd, 4319535.593, 90
Trd, 4319536.643, 90
Trd, 4319537.743, 91
Trd, 4319540.143, 90
Trd, 4319541.393, 90
Trd, 4319541.993, 86
Trd, 4319543.043, 88
Trd, 4319545.343, 90
Trd, 4319548.743, 97
Trd, 4319550.393, 96
Trd, 4319550.543, 96
Trd, 4319552.793, 95
Trd, 4319552.893, 95
Trd, 4319555.093, 95
Trd, 4319557.543, 94
Trd, 4319559.843, 93
Trd, 4319560.293, 93
Trd, 4319560.793, 92
Trd, 4319563.193, 93
Trd, 4319565.343, 97
Trd, 4319566.243, 96
Trd, 4319566.543, 96
Trd, 4319567.993, 96
Trd, 4319568.493, 94
Trd, 4319570.293, 94
Trd, 4319571.493, 94
Trd, 4319573.443, 94
Trd, 4319576.143, 92
Trd, 4319576.293, 87
Trd, 4319576.843, 93
Trd, 4319578.793, 92
Trd, 4319578.993, 90
Trd, 4319579.893, 90
Trd, 4319581.443, 90
Trd, 4319584.343, 90
Trd, 4319586.193, 91
Trd, 4319587.143, 90
Trd, 4319588.043, 89
Trd, 4319588.543, 89
Trd, 4319591.893, 89
Trd, 4319594.043, 89
Trd, 4319594.593, 90
Trd, 4319596.693, 88
Trd, 4319597.393, 88
Trd, 4319598.393, 88
Trd, 4319599.043, 87
Trd, 4319600.893, 87
Trd, 4319604.343, 87
Trd, 4319606.043, 86
Trd, 4319606.693, 86
Trd, 4319608.143, 87
Trd, 4319608.793, 86
Trd, 4319610.493, 86
Trd, 4319614.743, 92
Trd, 4319615.193, 91
Trd, 4319619.143, 92
Trd, 4319621.843, 94
Trd, 4319622.843, 93
Trd, 4319623.343, 92
Trd, 4319625.593, 93
Trd, 4319626.743, 92
Trd, 4319631.543, 93
Trd, 4319633.043, 92
Trd, 4319633.193, 91
Trd, 4319636.843, 92
Trd, 4319637.043, 91
Trd, 4319638.193, 91
Trd, 4319639.143, 90
Trd, 4319640.543, 90
Trd, 4319642.543, 90
Trd, 4319643.793, 91
Trd, 4319645.643, 89
Trd, 4319646.143, 89
Trd, 4319648.993, 89
Trd, 4319649.043, 88
Trd, 4319650.443, 88
Trd, 4319653.343, 87
Trd, 4319654.543, 87
Trd, 4319655.993, 88
Trd, 4319657.543, 87
Trd, 4319659.393, 87
Trd, 4319660.443, 87
Trd, 4319661.243, 86
Trd, 4319663.743, 86
Trd, 4319665.493, 86
Trd, 4319665.843, 85
Trd, 4319666.943, 86
Trd, 4319673.493, 86
Trd, 4319673.643, 84
Trd, 4319673.793, 86
Trd, 4319675.793, 87
Trd, 4319677.193, 86
Trd, 4319678.793, 86
Trd, 4319679.343, 86
Trd, 4319683.543, 95
Trd, 4319684.943, 96
Trd, 4319688.293, 100
Trd, 4319689.043, 98
Trd, 4319689.893, 97
Trd, 4319690.243, 97
Trd, 4319690.743, 97
Trd, 4319690.793, 95
Trd, 4319693.343, 95
Trd, 4319694.443, 94
Trd, 4319696.043, 96
Trd, 4319696.093, 95
Trd, 4319696.293, 86
Trd, 4319697.643, 88
Trd, 4319701.993, 88
Trd, 4319702.843, 86
Trd, 4319704.893, 89
Trd, 4319706.943, 88
Trd, 4319707.793, 86
Trd, 4319709.393, 88
Trd, 4319712.593, 88
Trd, 4319714.543, 87
Trd, 4319714.793, 87
Trd, 4319717.093, 86
Trd, 4319717.343, 86
Trd, 4319719.293, 86
Trd, 4319720.843, 85
Trd, 4319724.143, 85
Trd, 4319724.543, 86
Trd, 4319729.893, 89
Trd, 4319729.943, 87
Trd, 4319732.443, 89
Trd, 4319733.743, 90
Trd, 4319735.943, 89
Trd, 4319738.343, 88
Trd, 4319739.643, 87
Trd, 4319740.693, 87
Trd, 4319743.493, 86
Trd, 4319744.493, 89
Trd, 4319746.393, 88
Trd, 4319748.443, 88
Trd, 4319749.243, 89
Trd, 4319751.093, 87
Trd, 4319751.543, 87
Trd, 4319753.993, 86
Trd, 4319754.143, 87
Trd, 4319755.293, 86
Trd, 4319755.543, 87
Trd, 4319756.993, 86
Trd, 4319759.193, 86
Trd, 4319760.543, 87
Trd, 4319761.543, 92
Trd, 4319764.393, 94
Trd, 4319764.743, 93
Trd, 4319766.393, 92
Trd, 4319766.743, 87
Trd, 4319768.143, 86
Trd, 4319769.143, 90
Trd, 4319769.193, 88
Trd, 4319769.243, 88
Trd, 4319774.743, 92
Trd, 4319776.543, 93
Trd, 4319777.993, 94
Trd, 4319778.443, 93
Trd, 4319778.493, 93
Trd, 4319780.093, 92
Trd, 4319784.943, 93
Trd, 4319785.393, 92
Trd, 4319785.793, 92
Trd, 4319786.793, 91
Trd, 4319788.343, 90
Trd, 4319789.143, 91
Trd, 4319789.243, 90
Trd, 4319791.693, 93
Trd, 4319795.743, 93
Trd, 4319796.443, 93
Trd, 4319797.743, 95
Trd, 4319799.493, 92
Trd, 4319800.193, 92
Trd, 4319801.893, 92
Trd, 4319802.193, 93
Trd, 4319803.093, 92
Trd, 4319803.893, 91
Trd, 4319806.143, 91
Trd, 4319806.593, 90
Trd, 4319809.393, 89
Trd, 4319809.593, 88
Trd, 4319810.893, 89
Trd, 4319814.293, 89
Trd, 4319816.593, 88
Trd, 4319816.743, 89
Trd, 4319817.343, 88
Trd, 4319817.943, 88
Trd, 4319821.043, 87
Trd, 4319822.643, 89
Trd, 4319824.043, 94
Trd, 4319824.343, 93
Trd, 4319825.943, 92
Trd, 4319831.493, 91
Trd, 4319831.693, 91
Trd, 4319832.093, 90
Trd, 4319834.043, 94
Trd, 4319836.093, 92
Trd, 4319837.293, 93
Trd, 4319837.843, 92
Trd, 4319839.793, 95
Trd, 4319839.843, 92
Trd, 4319842.193, 93
Trd, 4319843.493, 93
Trd, 4319843.843, 92
Trd, 4319845.493, 91
Trd, 4319846.793, 91
Trd, 4319847.343, 91
Trd, 4319848.993, 91
Trd, 4319849.943, 92
Trd, 4319850.493, 91
Trd, 4319854.693, 93
Trd, 4319854.893, 90
Trd, 4319855.043, 90
Trd, 4319859.043, 94
Trd, 4319860.593, 94
Trd, 4319862.043, 93
Trd, 4319863.743, 93
Trd, 4319867.593, 93
Trd, 4319868.293, 92
Trd, 4319869.243, 92
Trd, 4319874.043, 91
Trd, 4319874.493, 91
Trd, 4319876.393, 91
Trd, 4319877.893, 92
Trd, 4319878.693, 90
Trd, 4319882.943, 91
Trd, 4319883.243, 91
Trd, 4319884.743, 93
Trd, 4319886.393, 92
Trd, 4319887.543, 91
Trd, 4319887.843, 90
Trd, 4319889.343, 90
Trd, 4319892.293, 94
Trd, 4319893.743, 92
Trd, 4319894.843, 93
Trd, 4319896.093, 92
Trd, 4319896.193, 93
Trd, 4319896.493, 92
Trd, 4319900.593, 91
Trd, 4319902.393, 91
Trd, 4319903.093, 90
Trd, 4319904.443, 92
Trd, 4319906.693, 93
Trd, 4319907.093, 92
Trd, 4319908.293, 90
Trd, 4319912.743, 96
Trd, 4319913.343, 97
Trd, 4319913.443, 95
Trd, 4319915.193, 94
Trd, 4319915.893, 93
Trd, 4319916.393, 91
Trd, 4319916.893, 77
Trd, 4319920.943, 99
Trd, 4319921.843, 98
Trd, 4319922.643, 97
Trd, 4319922.743, 97
Trd, 4319925.793, 96
Trd, 4319927.393, 96
Trd, 4319930.143, 98
Trd, 4319931.043, 97
Trd, 4319931.843, 97
Trd, 4319933.393, 96
Trd, 4319937.943, 96
Trd, 4319939.343, 97
Trd, 4319940.143, 96
Trd, 4319941.893, 95
Trd, 4319942.893, 95
Trd, 4319943.343, 95
Trd, 4319946.893, 95
Trd, 4319948.093, 95
Trd, 4319948.193, 94
Trd, 4319948.843, 93
Trd, 4319949.443, 93
Trd, 4319951.293, 93
Trd, 4319952.993, 94
Trd, 4319953.543, 92
Trd, 4319955.093, 91
Trd, 4319957.493, 90
Trd, 4319960.793, 90
Trd, 4319962.843, 92
Trd, 4319964.193, 91
Trd, 4319965.843, 90
Trd, 4319967.093, 89
Trd, 4319970.093, 89
Trd, 4319970.493, 89
Trd, 4319971.043, 88
Trd, 4319973.493, 88
Trd, 4319974.743, 88
Trd, 4319976.693, 87
Trd, 4319980.543, 88
Trd, 4319981.593, 87
Trd, 4319982.543, 86
Trd, 4319983.993, 86
Trd, 4319984.343, 87
Trd, 4319989.843, 93
Trd, 4319990.443, 92
Trd, 4319990.693, 93
Trd, 4319990.893, 92
Trd, 4319991.593, 92
Trd, 4319993.493, 92
Trd, 4319994.893, 91
Trd, 4319995.343, 91
Trd, 4319996.493, 90
Trd, 4319999.143, 92
