Trd, 4317883.593, 99
Trd, 4317884.443, 98
Trd, 4317885.193, 99
Trd, 4317886.393, 88
Trd, 4317887.443, 97
Trd, 4317891.443, 94
Trd, 4317892.543, 97
Trd, 4317894.643, 97
Trd, 4317896.343, 98
Trd, 4317897.643, 97
Trd, 4317898.493, 95
Trd, 4317900.443, 95
Trd, 4317902.043, 95
Trd, 4317902.593, 96
Trd, 4317903.293, 96
Trd, 4317903.893, 95
Trd, 4317907.043, 95
Trd, 4317908.943, 96
Trd, 4317909.143, 94
Trd, 4317909.943, 93
Trd, 4317910.543, 95
Trd, 4317911.443, 95
Trd, 4317913.043, 93
Trd, 4317913.143, 92
Trd, 4317914.293, 93
Trd, 4317914.343, 91
Trd, 4317915.793, 89
Trd, 4317916.993, 92
Trd, 4317919.493, 91
Trd, 4317920.243, 90
Trd, 4317920.993, 95
Trd, 4317921.993, 122
Trd, 4317923.743, 105
Trd, 4317928.243, 95
Trd, 4317929.043, 99
Trd, 4317929.893, 99
Trd, 4317930.743, 99
Trd, 4317933.593, 98
Trd, 4317934.843, 94
Trd, 4317935.293, 95
Trd, 4317936.093, 98
Trd, 4317937.293, 106
Trd, 4317938.143, 95
Trd, 4317938.493, 99
Trd, 4317942.593, 100
Trd, 4317943.643, 98
Trd, 4317943.843, 98
Trd, 4317945.243, 97
Trd, 4317945.993, 97
Trd, 4317947.993, 104
Trd, 4317949.143, 96
Trd, 4317949.743, 96
Trd, 4317950.093, 97
Trd, 4317950.343, 95
Trd, 4317952.293, 95
Trd, 4317952.393, 97
Trd, 4317954.193, 106
Trd, 4317955.193, 110
Trd, 4317955.793, 106
Trd, 4317956.593, 104
Trd, 4317957.143, 103
Trd, 4317959.093, 104
Trd, 4317959.393, 104
Trd, 4317961.393, 105
Trd, 4317962.043, 104
Trd, 4317963.293, 122
Trd, 4317963.793, 102
Trd, 4317964.593, 102
Trd, 4317965.993, 104
Trd, 4317969.693, 102
Trd, 4317970.693, 105
Trd, 4317970.793, 104
Trd, 4317971.193, 104
Trd, 4317973.093, 104
Trd, 4317973.193, 103
Trd, 4317973.993, 102
Trd, 4317976.543, 102
Trd, 4317976.843, 103
Trd, 4317978.593, 101
Trd, 4317978.743, 103
Trd, 4317979.393, 100
Trd, 4317982.843, 108
Trd, 4317983.493, 105
Trd, 4317984.593, 104
Trd, 4317985.043, 102
Trd, 4317986.443, 103
Trd, 4317987.693, 95
Trd, 4317989.043, 103
Trd, 4317990.893, 101
Trd, 4317991.343, 103
Trd, 4317993.893, 100
Trd, 4317993.943, 102
Trd, 4317996.593, 99
Trd, 4317997.943, 102
Trd, 4317998.143, 102
Trd, 4317998.693, 98
Trd, 4318001.043, 98
Trd, 4318001.493, 95
Trd, 4318001.543, 100
Trd, 4318002.343, 100
Trd, 4318005.393, 99
Trd, 4318007.793, 96
Trd, 4318008.343, 96
Trd, 4318010.793, 97
Trd, 4318011.693, 95
Trd, 4318013.243, 95
Trd, 4318013.843, 96
Trd, 4318014.843, 95
Trd, 4318016.443, 85
Trd, 4318017.243, 104
Trd, 4318017.593, 91
Trd, 4318018.493, 92
Trd, 4318018.643, 94
Trd, 4318020.443, 95
Trd, 4318021.843, 106
Trd, 4318022.393, 106
Trd, 4318024.143, 93
Trd, 4318024.743, 88
Trd, 4318025.543, 121
Trd, 4318025.843, 102
Trd, 4318027.543, 101
Trd, 4318031.243, 87
Trd, 4318031.943, 86
Trd, 4318032.093, 95
Trd, 4318035.043, 95
Trd, 4318035.293, 95
Trd, 4318035.393, 103
Trd, 4318036.843, 99
Trd, 4318038.293, 97
Trd, 4318040.793, 104
Trd, 4318041.943, 103
Trd, 4318042.243, 103
Trd, 4318042.843, 103
Trd, 4318044.243, 104
Trd, 4318044.593, 113
Trd, 4318044.843, 105
Trd, 4318048.743, 104
Trd, 4318049.393, 105
Trd, 4318049.743, 105
Trd, 4318050.693, 95
Trd, 4318053.843, 102
Trd, 4318053.893, 100
Trd, 4318055.393, 102
Trd, 4318056.793, 101
Trd, 4318060.943, 101
Trd, 4318063.543, 100
Trd, 4318064.843, 102
Trd, 4318064.993, 100
Trd, 4318065.993, 101
Trd, 4318066.493, 99
Trd, 4318068.043, 100
Trd, 4318068.193, 99
Trd, 4318069.943, 105
Trd, 4318071.993, 98
Trd, 4318072.193, 102
Trd, 4318073.793, 91
Trd, 4318074.643, 90
Trd, 4318075.693, 91
Trd, 4318077.193, 90
Trd, 4318079.143, 96
Trd, 4318079.693, 102
Trd, 4318080.093, 104
Trd, 4318080.993, 119
Trd, 4318082.393, 106
Trd, 4318084.093, 109
Trd, 4318086.193, 104
Trd, 4318087.093, 102
Trd, 4318087.143, 104
Trd, 4318087.993, 122
Trd, 4318090.143, 106
Trd, 4318091.743, 106
Trd, 4318092.593, 105
Trd, 4318093.143, 120
Trd, 4318093.643, 104
Trd, 4318094.893, 108
Trd, 4318096.643, 116
Trd, 4318096.843, 108
Trd, 4318099.693, 107
Trd, 4318099.993, 106
Trd, 4318100.593, 107
Trd, 4318103.893, 105
Trd, 4318105.493, 105
Trd, 4318106.643, 104
Trd, 4318106.793, 104
Trd, 4318107.843, 104
Trd, 4318110.243, 103
Trd, 4318112.193, 102
Trd, 4318114.143, 103
Trd, 4318114.493, 101
Trd, 4318115.293, 103
Trd, 4318116.143, 101
Trd, 4318117.943, 100
Trd, 4318119.393, 99
Trd, 4318119.893, 99
Trd, 4318120.893, 100
Trd, 4318123.143, 103
Trd, 4318123.343, 99
Trd, 4318124.793, 116
Trd, 4318128.593, 106
Trd, 4318129.543, 105
Trd, 4318131.993, 103
Trd, 4318133.343, 102
Trd, 4318136.293, 102
Trd, 4318137.993, 99
Trd, 4318138.543, 102
Trd, 4318142.293, 99
Trd, 4318142.393, 100
Trd, 4318142.943, 98
Trd, 4318144.093, 99
Trd, 4318147.843, 98
Trd, 4318148.643, 97
Trd, 4318149.393, 97
Trd, 4318149.643, 96
Trd, 4318149.843, 97
Trd, 4318151.693, 96
Trd, 4318153.993, 96
Trd, 4318156.293, 96
Trd, 4318156.743, 96
Trd, 4318157.143, 95
Trd, 4318158.943, 96
Trd, 4318160.493, 99
Trd, 4318161.043, 103
Trd, 4318161.443, 114
Trd, 4318165.393, 98
Trd, 4318167.643, 99
Trd, 4318169.393, 99
Trd, 4318172.393, 97
Trd, 4318173.193, 98
Trd, 4318174.993, 98
Trd, 4318175.493, 96
Trd, 4318176.993, 96
Trd, 4318177.143, 95
Trd, 4318178.143, 95
Trd, 4318178.393, 98
Trd, 4318181.643, 94
Trd, 4318181.743, 97
Trd, 4318184.493, 96
Trd, 4318185.243, 95
Trd, 4318186.343, 96
Trd, 4318186.443, 96
Trd, 4318190.093, 93
Trd, 4318192.643, 93
Trd, 4318193.093, 94
Trd, 4318194.043, 103
Trd, 4318195.043, 105
Trd, 4318195.393, 111
Trd, 4318195.593, 105
Trd, 4318196.843, 104
Trd, 4318198.993, 91
Trd, 4318199.343, 94
Trd, 4318200.993, 95
Trd, 4318201.343, 95
Trd, 4318201.893, 90
Trd, 4318202.143, 100
Trd, 4318209.143, 93
Trd, 4318209.343, 92
Trd, 4318210.593, 92
Trd, 4318210.793, 91
Trd, 4318211.443, 95
Trd, 4318212.693, 89
Trd, 4318213.743, 104
Trd, 4318213.993, 97
Trd, 4318214.893, 109
Trd, 4318215.993, 99
Trd, 4318217.093, 98
Trd, 4318217.793, 104
Trd, 4318218.693, 95
Trd, 4318221.193, 98
Trd, 4318224.243, 98
Trd, 4318224.643, 104
Trd, 4318225.593, 100
Trd, 4318226.593, 101
Trd, 4318226.693, 102
Trd, 4318228.243, 100
Trd, 4318229.543, 86
Trd, 4318230.643, 88
Trd, 4318231.993, 95
Trd, 4318234.493, 107
Trd, 4318235.693, 91
Trd, 4318236.393, 96
Trd, 4318238.643, 92
Trd, 4318238.843, 94
Trd, 4318242.493, 91
Trd, 4318242.893, 91
Trd, 4318243.443, 92
Trd, 4318245.343, 93
Trd, 4318246.443, 92
Trd, 4318248.293, 93
Trd, 4318248.643, 93
Trd, 4318250.743, 92
Trd, 4318252.293, 91
Trd, 4318252.743, 92
Trd, 4318255.693, 93
Trd, 4318255.993, 93
Trd, 4318256.143, 95
Trd, 4318260.643, 92
Trd, 4318260.993, 92
Trd, 4318261.043, 93
Trd, 4318261.243, 95
Trd, 4318262.893, 94
Trd, 4318262.943, 94
Trd, 4318264.343, 104
Trd, 4318264.943, 97
Trd, 4318264.993, 95
Trd, 4318266.593, 94
Trd, 4318266.893, 92
Trd, 4318269.293, 81
Trd, 4318269.993, 81
Trd, 4318270.543, 80
Trd, 4318272.043, 87
Trd, 4318273.193, 99
Trd, 4318274.193, 107
Trd, 4318274.293, 96
Trd, 4318276.943, 97
Trd, 4318277.743, 97
Trd, 4318278.893, 97
Trd, 4318279.243, 96
Trd, 4318280.443, 104
Trd, 4318280.743, 96
Trd, 4318281.093, 96
Trd, 4318283.243, 95
Trd, 4318284.693, 95
Trd, 4318285.543, 96
Trd, 4318286.943, 96
Trd, 4318288.743, 89
Trd, 4318289.643, 95
Trd, 4318289.893, 93
Trd, 4318291.193, 97
Trd, 4318291.993, 95
Trd, 4318293.393, 86
Trd, 4318293.843, 87
Trd, 4318294.543, 90
Trd, 4318295.193, 90
Trd, 4318295.543, 113
Trd, 4318300.443, 97
Trd, 4318300.743, 88
Trd, 4318303.643, 100
Trd, 4318303.743, 97
Trd, 4318305.693, 96
Trd, 4318306.793, 90
Trd, 4318307.793, 95
Trd, 4318309.143, 96
Trd, 4318309.843, 96
Trd, 4318312.543, 96
Trd, 4318313.043, 95
Trd, 4318316.293, 95
Trd, 4318317.443, 96
Trd, 4318318.993, 95
Trd, 4318320.593, 96
Trd, 4318321.543, 94
Trd, 4318322.743, 95
Trd, 4318323.293, 95
Trd, 4318325.893, 95
Trd, 4318327.443, 95
Trd, 4318327.693, 96
Trd, 4318327.993, 96
Trd, 4318329.943, 96
Trd, 4318330.793, 122
Trd, 4318332.093, 112
Trd, 4318334.543, 102
Trd, 4318334.693, 95
Trd, 4318335.543, 102
Trd, 4318336.643, 102
Trd, 4318337.243, 100
Trd, 4318337.643, 101
Trd, 4318340.343, 121
Trd, 4318340.793, 110
Trd, 4318342.793, 111
Trd, 4318344.243, 113
Trd, 4318345.493, 120
Trd, 4318348.043, 115
Trd, 4318348.393, 111
Trd, 4318349.143, 111
Trd, 4318350.893, 87
Trd, 4318351.243, 84
Trd, 4318352.693, 83
Trd, 4318353.943, 91
Trd, 4318355.693, 89
Trd, 4318357.493, 85
Trd, 4318357.693, 93
Trd, 4318359.343, 89
Trd, 4318359.743, 91
Trd, 4318363.993, 91
Trd, 4318364.043, 94
Trd, 4318366.893, 95
Trd, 4318367.893, 93
Trd, 4318368.093, 115
Trd, 4318369.443, 92
Trd, 4318371.493, 94
Trd, 4318372.543, 92
Trd, 4318373.293, 94
Trd, 4318374.093, 91
Trd, 4318375.143, 89
Trd, 4318376.993, 87
Trd, 4318378.193, 87
Trd, 4318378.893, 92
Trd, 4318379.193, 95
Trd, 4318380.743, 103
Trd, 4318382.143, 102
Trd, 4318384.493, 100
Trd, 4318385.143, 100
Trd, 4318387.443, 95
Trd, 4318388.643, 97
Trd, 4318389.193, 97
Trd, 4318389.343, 96
Trd, 4318391.693, 97
Trd, 4318395.543, 96
Trd, 4318395.793, 97
Trd, 4318396.343, 95
Trd, 4318398.393, 96
Trd, 4318399.593, 94
Trd, 4318400.693, 95
Trd, 4318402.593, 94
Trd, 4318403.193, 94
Trd, 4318405.293, 93
Trd, 4318406.143, 94
Trd, 4318408.493, 92
Trd, 4318408.543, 94
Trd, 4318408.843, 91
Trd, 4318411.193, 93
Trd, 4318413.593, 93
Trd, 4318413.743, 93
Trd, 4318414.743, 95
Trd, 4318415.143, 96
Trd, 4318417.893, 95
Trd, 4318418.743, 95
Trd, 4318420.043, 95
Trd, 4318422.993, 96
Trd, 4318424.243, 94
Trd, 4318426.343, 100
Trd, 4318427.643, 97
Trd, 4318427.693, 98
Trd, 4318430.543, 96
Trd, 4318431.093, 96
Trd, 4318431.593, 98
Trd, 4318433.643, 104
Trd, 4318434.193, 97
Trd, 4318434.543, 99
Trd, 4318436.043, 117
Trd, 4318436.343, 97
Trd, 4318438.943, 100
Trd, 4318441.393, 96
Trd, 4318442.893, 95
Trd, 4318443.243, 96
Trd, 4318443.643, 96
Trd, 4318445.993, 95
Trd, 4318448.343, 94
Trd, 4318450.093, 95
Trd, 4318450.643, 94
Trd, 4318451.443, 94
Trd, 4318453.243, 94
Trd, 4318454.493, 95
Trd, 4318454.543, 95
Trd, 4318455.393, 89
Trd, 4318456.893, 91
Trd, 4318458.543, 92
Trd, 4318459.343, 94
Trd, 4318460.093, 95
Trd, 4318460.493, 90
Trd, 4318462.543, 95
Trd, 4318462.693, 95
Trd, 4318466.093, 93
Trd, 4318466.643, 91
Trd, 4318469.043, 92
Trd, 4318469.093, 90
Trd, 4318469.593, 93
Trd, 4318471.493, 95
Trd, 4318472.793, 101
Trd, 4318473.143, 100
Trd, 4318475.343, 101
Trd, 4318475.393, 101
Trd, 4318476.843, 99
Trd, 4318477.193, 95
Trd, 4318479.493, 97
Trd, 4318480.393, 98
Trd, 4318482.243, 105
Trd, 4318484.893, 98
Trd, 4318485.643, 96
Trd, 4318486.643, 97
Trd, 4318487.293, 97
Trd, 4318489.793, 95
Trd, 4318489.943, 96
Trd, 4318490.193, 94
Trd, 4318492.143, 96
Trd, 4318492.543, 94
Trd, 4318498.243, 93
Trd, 4318498.393, 94
Trd, 4318498.593, 93
Trd, 4318498.843, 94
Trd, 4318501.943, 95
Trd, 4318504.243, 93
Trd, 4318504.743, 93
Trd, 4318505.493, 95
Trd, 4318507.343, 95
Trd, 4318507.493, 96
Trd, 4318509.093, 104
Trd, 4318509.743, 97
Trd, 4318511.793, 99
Trd, 4318514.093, 97
Trd, 4318515.143, 88
Trd, 4318516.993, 94
Trd, 4318518.143, 96
Trd, 4318519.093, 94
Trd, 4318521.893, 95
Trd, 4318522.543, 94
Trd, 4318522.643, 95
Trd, 4318523.193, 94
Trd, 4318525.793, 84
Trd, 4318525.843, 92
Trd, 4318526.043, 105
Trd, 4318527.743, 95
Trd, 4318529.243, 93
Trd, 4318531.143, 93
Trd, 4318532.093, 93
Trd, 4318532.193, 93
Trd, 4318534.093, 94
Trd, 4318535.193, 95
Trd, 4318536.293, 93
Trd, 4318536.643, 104
Trd, 4318537.393, 104
Trd, 4318537.793, 99
Trd, 4318538.393, 107
Trd, 4318540.843, 110
Trd, 4318540.893, 108
Trd, 4318542.193, 104
Trd, 4318542.893, 105
Trd, 4318544.043, 103
Trd, 4318544.793, 103
Trd, 4318545.493, 103
Trd, 4318547.643, 101
Trd, 4318547.943, 102
Trd, 4318549.143, 104
Trd, 4318550.393, 103
Trd, 4318553.143, 102
Trd, 4318555.093, 101
Trd, 4318555.843, 102
Trd, 4318558.343, 101
Trd, 4318558.593, 102
Trd, 4318559.143, 100
Trd, 4318560.693, 101
Trd, 4318563.143, 99
Trd, 4318564.443, 100
Trd, 4318564.643, 99
Trd, 4318568.643, 100
Trd, 4318568.993, 97
Trd, 4318570.593, 100
Trd, 4318571.693, 100
Trd, 4318572.443, 96
Trd, 4318573.393, 96
Trd, 4318574.593, 95
Trd, 4318577.193, 96
Trd, 4318577.343, 95
Trd, 4318577.593, 95
Trd, 4318578.593, 98
Trd, 4318579.593, 98
Trd, 4318581.593, 96
Trd, 4318581.893, 104
Trd, 4318584.343, 100
Trd, 4318584.693, 100
Trd, 4318586.693, 97
Trd, 4318588.443, 97
Trd, 4318591.093, 98
Trd, 4318592.893, 98
Trd, 4318594.393, 96
Trd, 4318595.143, 96
Trd, 4318596.043, 95
Trd, 4318597.943, 96
Trd, 4318598.643, 95
Trd, 4318599.493, 96
Trd, 4318600.593, 95
Trd, 4318601.693, 103
Trd, 4318602.493, 99
Trd, 4318604.293, 98
Trd, 4318608.243, 98
Trd, 4318608.443, 97
Trd, 4318611.043, 99
Trd, 4318611.093, 97
Trd, 4318611.643, 104
Trd, 4318612.493, 109
Trd, 4318614.443, 109
Trd, 4318615.043, 109
Trd, 4318616.293, 108
Trd, 4318617.393, 122
Trd, 4318618.093, 119
Trd, 4318618.843, 95
Trd, 4318619.493, 107
Trd, 4318622.043, 111
Trd, 4318623.643, 107
Trd, 4318624.793, 108
Trd, 4318626.043, 107
Trd, 4318628.193, 106
Trd, 4318629.693, 108
Trd, 4318630.143, 104
Trd, 4318632.493, 104
Trd, 4318634.693, 107
Trd, 4318636.843, 102
Trd, 4318638.693, 103
Trd, 4318641.543, 100
Trd, 4318642.293, 104
Trd, 4318643.243, 104
Trd, 4318644.843, 102
Trd, 4318645.943, 102
Trd, 4318645.993, 103
Trd, 4318646.643, 104
Trd, 4318648.043, 105
Trd, 4318649.193, 102
Trd, 4318649.993, 102
Trd, 4318651.043, 99
Trd, 4318651.243, 100
Trd, 4318651.493, 104
Trd, 4318653.693, 92
Trd, 4318655.943, 91
Trd, 4318655.993, 94
Trd, 4318656.393, 97
Trd, 4318658.093, 88
Trd, 4318658.443, 89
Trd, 4318659.393, 94
Trd, 4318660.743, 95
Trd, 4318661.093, 106
Trd, 4318661.793, 105
Trd, 4318662.493, 103
Trd, 4318662.793, 121
Trd, 4318665.693, 112
Trd, 4318666.693, 108
Trd, 4318669.493, 95
Trd, 4318669.593, 103
Trd, 4318669.693, 102
Trd, 4318670.893, 102
Trd, 4318672.493, 101
Trd, 4318673.993, 101
Trd, 4318677.443, 102
Trd, 4318678.693, 100
Trd, 4318679.993, 99
Trd, 4318681.543, 101
Trd, 4318681.893, 103
Trd, 4318686.843, 98
Trd, 4318687.143, 95
Trd, 4318689.243, 99
Trd, 4318690.993, 99
Trd, 4318691.943, 101
Trd, 4318693.243, 96
Trd, 4318695.193, 95
Trd, 4318698.193, 97
Trd, 4318699.193, 96
Trd, 4318700.343, 93
Trd, 4318700.493, 93
Trd, 4318701.093, 94
Trd, 4318701.393, 122
Trd, 4318702.243, 93
Trd, 4318705.743, 102
Trd, 4318706.843, 95
Trd, 4318709.593, 102
Trd, 4318711.293, 99
Trd, 4318712.293, 98
Trd, 4318713.743, 99
Trd, 4318717.643, 97
Trd, 4318717.693, 98
Trd, 4318718.743, 97
Trd, 4318719.143, 98
Trd, 4318721.493, 97
Trd, 4318722.143, 97
Trd, 4318722.893, 96
Trd, 4318724.893, 95
Trd, 4318725.193, 96
Trd, 4318725.393, 105
Trd, 4318726.443, 100
Trd, 4318726.793, 101
Trd, 4318727.743, 99
Trd, 4318728.543, 95
Trd, 4318733.893, 100
Trd, 4318733.993, 99
Trd, 4318736.043, 100
Trd, 4318737.093, 98
Trd, 4318738.343, 99
Trd, 4318738.443, 100
Trd, 4318739.393, 97
Trd, 4318741.243, 100
Trd, 4318743.993, 100
Trd, 4318746.093, 98
Trd, 4318746.443, 96
Trd, 4318747.643, 97
Trd, 4318748.343, 95
Trd, 4318751.293, 94
Trd, 4318752.193, 93
Trd, 4318752.593, 94
Trd, 4318752.893, 93
Trd, 4318754.293, 94
Trd, 4318755.543, 93
Trd, 4318757.493, 95
Trd, 4318759.493, 103
Trd, 4318759.543, 97
Trd, 4318761.843, 100
Trd, 4318762.993, 99
Trd, 4318764.593, 98
Trd, 4318765.993, 93
Trd, 4318767.093, 98
Trd, 4318768.743, 102
Trd, 4318770.293, 99
Trd, 4318771.093, 100
Trd, 4318771.693, 100
Trd, 4318773.193, 97
Trd, 4318775.543, 99
Trd, 4318776.493, 100
Trd, 4318778.043, 98
Trd, 4318778.493, 99
Trd, 4318779.843, 104
Trd, 4318780.743, 101
Trd, 4318781.593, 105
Trd, 4318782.293, 105
Trd, 4318783.593, 105
Trd, 4318784.643, 104
Trd, 4318784.843, 105
Trd, 4318786.543, 96
Trd, 4318788.043, 87
Trd, 4318788.443, 86
Trd, 4318788.593, 85
Trd, 4318791.043, 86
Trd, 4318791.743, 86
Trd, 4318793.543, 87
Trd, 4318795.293, 87
Trd, 4318795.543, 87
Trd, 4318796.093, 94
Trd, 4318797.343, 95
Trd, 4318798.393, 98
Trd, 4318799.293, 101
Trd, 4318799.943, 100
Trd, 4318801.093, 95
Trd, 4318801.693, 99
Trd, 4318804.443, 98
Trd, 4318807.743, 99
Trd, 4318807.943, 100
Trd, 4318809.043, 98
Trd, 4318811.443, 97
Trd, 4318811.643, 95
Trd, 4318811.893, 97
Trd, 4318812.193, 97
Trd, 4318813.993, 95
Trd, 4318816.093, 97
Trd, 4318816.743, 95
Trd, 4318818.193, 95
Trd, 4318819.093, 97
Trd, 4318819.393, 104
Trd, 4318821.193, 106
Trd, 4318822.693, 105
Trd, 4318823.843, 104
Trd, 4318826.193, 102
Trd, 4318827.043, 103
Trd, 4318827.593, 103
Trd, 4318828.493, 101
Trd, 4318828.993, 100
Trd, 4318832.593, 102
Trd, 4318833.493, 99
Trd, 4318833.693, 102
Trd, 4318836.943, 101
Trd, 4318838.093, 102
Trd, 4318839.793, 100
Trd, 4318840.943, 100
Trd, 4318842.843, 102
Trd, 4318842.893, 102
Trd, 4318844.743, 99
Trd, 4318847.193, 100
Trd, 4318847.993, 100
Trd, 4318848.543, 98
Trd, 4318851.643, 99
Trd, 4318852.493, 99
Trd, 4318854.843, 97
Trd, 4318855.043, 97
Trd, 4318856.493, 97
Trd, 4318856.643, 98
Trd, 4318857.393, 96
Trd, 4318858.593, 97
Trd, 4318859.593, 95
Trd, 4318859.693, 94
Trd, 4318861.543, 95
Trd, 4318861.743, 110
Trd, 4318862.343, 100
Trd, 4318865.243, 97
Trd, 4318867.043, 94
Trd, 4318867.693, 93
Trd, 4318868.693, 95
Trd, 4318869.993, 91
Trd, 4318872.993, 92
Trd, 4318873.293, 92
Trd, 4318873.743, 91
Trd, 4318875.043, 93
Trd, 4318877.793, 95
Trd, 4318878.243, 95
Trd, 4318878.743, 96
Trd, 4318880.093, 99
Trd, 4318880.293, 98
Trd, 4318880.493, 105
Trd, 4318881.193, 103
Trd, 4318883.943, 97
Trd, 4318884.543, 99
Trd, 4318887.393, 97
Trd, 4318888.693, 99
Trd, 4318889.093, 99
Trd, 4318890.843, 96
Trd, 4318891.193, 97
Trd, 4318892.243, 95
Trd, 4318895.093, 94
Trd, 4318895.243, 97
Trd, 4318896.943, 104
Trd, 4318897.293, 101
Trd, 4318898.443, 100
Trd, 4318899.593, 101
Trd, 4318901.693, 99
Trd, 4318903.143, 97
Trd, 4318904.093, 94
Trd, 4318905.743, 86
Trd, 4318908.743, 89
Trd, 4318909.893, 91
Trd, 4318910.743, 94
Trd, 4318913.493, 91
Trd, 4318914.043, 91
Trd, 4318914.193, 92
Trd, 4318915.243, 92
Trd, 4318916.693, 92
Trd, 4318917.143, 91
Trd, 4318919.643, 94
Trd, 4318921.843, 95
Trd, 4318922.193, 90
Trd, 4318922.993, 95
Trd, 4318923.343, 98
Trd, 4318923.993, 105
Trd, 4318926.443, 94
Trd, 4318927.843, 95
Trd, 4318928.293, 98
Trd, 4318930.693, 98
Trd, 4318932.643, 97
Trd, 4318933.443, 95
Trd, 4318933.743, 96
Trd, 4318934.193, 95
Trd, 4318935.343, 96
Trd, 4318937.093, 96
Trd, 4318938.993, 95
Trd, 4318940.693, 96
Trd, 4318941.943, 95
Trd, 4318942.493, 95
Trd, 4318943.093, 95
Trd, 4318943.893, 104
Trd, 4318944.993, 95
Trd, 4318945.393, 96
Trd, 4318948.693, 95
Trd, 4318949.293, 96
Trd, 4318949.393, 95
Trd, 4318949.493, 96
Trd, 4318952.093, 95
Trd, 4318952.843, 90
Trd, 4318955.293, 94
Trd, 4318956.343, 92
Trd, 4318956.793, 92
Trd, 4318957.993, 92
Trd, 4318958.943, 91
Trd, 4318959.343, 92
Trd, 4318960.543, 95
Trd, 4318961.693, 103
Trd, 4318963.293, 102
Trd, 4318964.093, 101
Trd, 4318964.693, 100
Trd, 4318965.193, 98
Trd, 4318967.993, 99
Trd, 4318968.093, 100
Trd, 4318970.493, 101
Trd, 4318971.343, 99
Trd, 4318971.893, 98
Trd, 4318972.643, 98
Trd, 4318975.193, 97
Trd, 4318976.593, 96
Trd, 4318976.693, 97
Trd, 4318978.693, 94
Trd, 4318980.393, 95
Trd, 4318980.643, 93
Trd, 4318981.193, 95
Trd, 4318984.143, 95
Trd, 4318984.293, 94
Trd, 4318984.943, 95
Trd, 4318986.843, 99
Trd, 4318988.693, 95
Trd, 4318989.493, 105
Trd, 4318989.543, 101
Trd, 4318991.693, 101
Trd, 4318992.743, 100
Trd, 4318993.293, 100
Trd, 4318994.793, 99
Trd, 4318995.793, 95
Trd, 4318997.343, 96
Trd, 4318999.443, 96
Trd, 4318999.743, 95
Trd, 4319002.293, 97
Trd, 4319004.143, 96
Trd, 4319007.593, 95
Trd, 4319007.693, 96
Trd, 4319008.343, 96
Trd, 4319008.643, 97
Trd, 4319008.693, 95
Trd, 4319011.443, 95
Trd, 4319011.493, 96
Trd, 4319013.643, 94
Trd, 4319013.793, 95
Trd, 4319015.943, 94
Trd, 4319017.043, 93
Trd, 4319017.793, 94
Trd, 4319018.443, 93
Trd, 4319019.243, 86
Trd, 4319020.543, 85
Trd, 4319020.593, 111
Trd, 4319022.643, 97
Trd, 4319022.843, 88
Trd, 4319025.493, 95
Trd, 4319028.243, 92
Trd, 4319029.543, 90
Trd, 4319030.843, 90
Trd, 4319031.743, 89
Trd, 4319033.493, 90
Trd, 4319034.493, 89
Trd, 4319034.693, 91
Trd, 4319038.393, 89
Trd, 4319039.143, 90
Trd, 4319041.443, 90
Trd, 4319042.193, 90
Trd, 4319042.693, 91
Trd, 4319043.593, 91
Trd, 4319044.293, 92
Trd, 4319047.543, 91
Trd, 4319048.593, 112
Trd, 4319049.593, 95
Trd, 4319052.293, 97
Trd, 4319055.993, 98
Trd, 4319056.643, 97
Trd, 4319057.893, 97
Trd, 4319058.043, 96
Trd, 4319059.093, 96
Trd, 4319059.493, 97
Trd, 4319060.643, 98
Trd, 4319063.043, 95
Trd, 4319063.643, 98
Trd, 4319066.493, 98
Trd, 4319067.843, 95
Trd, 4319069.943, 97
Trd, 4319071.443, 95
Trd, 4319071.843, 99
Trd, 4319073.593, 96
Trd, 4319074.493, 95
Trd, 4319074.643, 96
Trd, 4319074.993, 95
Trd, 4319076.343, 105
Trd, 4319076.393, 95
Trd, 4319078.443, 90
Trd, 4319080.093, 90
Trd, 4319080.293, 95
Trd, 4319081.543, 94
Trd, 4319083.243, 104
Trd, 4319084.093, 104
Trd, 4319084.643, 106
Trd, 4319085.743, 104
Trd, 4319086.993, 104
Trd, 4319089.893, 103
Trd, 4319090.443, 101
Trd, 4319091.493, 100
Trd, 4319091.693, 91
Trd, 4319091.793, 98
Trd, 4319093.493, 105
Trd, 4319094.693, 98
Trd, 4319095.693, 99
Trd, 4319097.043, 104
Trd, 4319098.143, 102
Trd, 4319098.643, 102
Trd, 4319103.193, 101
Trd, 4319104.443, 103
Trd, 4319106.643, 100
Trd, 4319107.443, 99
Trd, 4319108.593, 101
Trd, 4319109.593, 100
Trd, 4319110.943, 101
Trd, 4319113.393, 100
Trd, 4319113.943, 98
Trd, 4319114.593, 98
Trd, 4319116.543, 99
Trd, 4319117.093, 96
Trd, 4319118.143, 99
Trd, 4319118.793, 99
Trd, 4319123.243, 98
Trd, 4319123.843, 96
Trd, 4319124.643, 95
Trd, 4319126.493, 95
Trd, 4319126.793, 97
Trd, 4319127.243, 97
Trd, 4319128.093, 96
Trd, 4319128.793, 96
Trd, 4319129.843, 95
Trd, 4319130.843, 94
Trd, 4319131.343, 95
Trd, 4319132.543, 95
Trd, 4319134.243, 105
Trd, 4319138.993, 94
Trd, 4319139.093, 93
Trd, 4319139.643, 94
Trd, 4319140.643, 94
Trd, 4319141.043, 93
Trd, 4319141.693, 96
Trd, 4319142.093, 92
Trd, 4319144.043, 94
Trd, 4319144.343, 95
Trd, 4319145.493, 109
Trd, 4319148.543, 98
Trd, 4319149.193, 98
Trd, 4319150.243, 95
Trd, 4319150.943, 98
Trd, 4319151.293, 95
Trd, 4319152.643, 95
Trd, 4319153.843, 95
Trd, 4319154.093, 93
Trd, 4319155.843, 97
Trd, 4319159.443, 95
Trd, 4319160.493, 96
Trd, 4319161.893, 96
Trd, 4319162.543, 95
Trd, 4319163.293, 94
Trd, 4319165.743, 94
Trd, 4319166.693, 95
Trd, 4319167.443, 94
Trd, 4319167.493, 96
Trd, 4319170.293, 96
Trd, 4319171.443, 95
Trd, 4319173.043, 95
Trd, 4319173.793, 104
Trd, 4319174.393, 119
Trd, 4319174.593, 101
Trd, 4319174.843, 105
Trd, 4319176.443, 103
Trd, 4319178.243, 122
Trd, 4319180.743, 106
Trd, 4319180.793, 107
Trd, 4319183.193, 104
Trd, 4319184.493, 98
Trd, 4319185.393, 98
Trd, 4319185.743, 97
Trd, 4319185.943, 98
Trd, 4319187.843, 98
Trd, 4319188.343, 105
Trd, 4319188.493, 87
Trd, 4319191.193, 91
Trd, 4319191.693, 122
Trd, 4319196.343, 90
Trd, 4319196.843, 89
Trd, 4319197.293, 90
Trd, 4319197.443, 88
Trd, 4319198.393, 90
Trd, 4319199.343, 83
Trd, 4319199.843, 83
Trd, 4319202.993, 81
Trd, 4319203.793, 79
Trd, 4319205.193, 94
Trd, 4319205.943, 95
Trd, 4319207.643, 91
Trd, 4319210.193, 97
Trd, 4319210.293, 96
Trd, 4319212.143, 95
Trd, 4319212.993, 95
Trd, 4319213.593, 95
Trd, 4319214.793, 94
Trd, 4319215.243, 105
Trd, 4319217.193, 99
Trd, 4319220.293, 94
Trd, 4319220.393, 96
Trd, 4319221.643, 107
Trd, 4319224.293, 98
Trd, 4319224.493, 98
Trd, 4319225.643, 99
Trd, 4319226.043, 97
Trd, 4319227.743, 82
Trd, 4319228.393, 79
Trd, 4319229.393, 87
Trd, 4319230.093, 82
Trd, 4319233.193, 82
Trd, 4319234.693, 86
Trd, 4319235.143, 87
Trd, 4319235.243, 95
Trd, 4319236.093, 104
Trd, 4319236.993, 87
Trd, 4319241.043, 88
Trd, 4319241.243, 95
Trd, 4319241.943, 94
Trd, 4319242.793, 96
Trd, 4319243.143, 95
Trd, 4319244.293, 95
Trd, 4319247.193, 93
Trd, 4319247.543, 94
Trd, 4319250.293, 94
Trd, 4319250.643, 93
Trd, 4319251.043, 94
Trd, 4319251.393, 95
Trd, 4319253.343, 94
Trd, 4319256.643, 94
Trd, 4319257.093, 95
Trd, 4319258.193, 95
Trd, 4319258.893, 95
Trd, 4319259.393, 95
Trd, 4319261.643, 95
Trd, 4319263.293, 91
Trd, 4319264.293, 91
Trd, 4319264.443, 91
Trd, 4319267.043, 95
Trd, 4319267.643, 93
Trd, 4319269.343, 93
Trd, 4319269.943, 110
Trd, 4319271.243, 98
Trd, 4319272.143, 101
Trd, 4319274.443, 98
Trd, 4319274.793, 99
Trd, 4319276.543, 97
Trd, 4319278.293, 96
Trd, 4319281.143, 96
Trd, 4319281.393, 96
Trd, 4319282.343, 94
Trd, 4319283.093, 95
Trd, 4319283.543, 96
Trd, 4319284.143, 96
Trd, 4319288.843, 95
Trd, 4319289.643, 95
Trd, 4319290.393, 95
Trd, 4319290.643, 94
Trd, 4319291.743, 94
Trd, 4319291.993, 94
Trd, 4319293.543, 95
Trd, 4319293.793, 93
Trd, 4319297.943, 95
Trd, 4319298.493, 95
Trd, 4319298.793, 104
Trd, 4319299.043, 99
Trd, 4319300.243, 100
Trd, 4319302.043, 100
Trd, 4319304.143, 100
Trd, 4319304.393, 99
Trd, 4319305.543, 111
Trd, 4319305.993, 98
Trd, 4319309.693, 97
Trd, 4319309.943, 104
Trd, 4319312.093, 99
Trd, 4319312.793, 98
Trd, 4319312.843, 99
Trd, 4319314.093, 98
Trd, 4319315.043, 98
Trd, 4319315.243, 97
Trd, 4319318.693, 97
Trd, 4319318.843, 99
Trd, 4319322.143, 96
Trd, 4319322.593, 96
Trd, 4319323.293, 95
Trd, 4319325.493, 95
Trd, 4319327.093, 96
Trd, 4319327.343, 99
Trd, 4319330.443, 96
Trd, 4319332.043, 103
Trd, 4319332.543, 98
Trd, 4319336.443, 95
Trd, 4319337.243, 98
Trd, 4319337.343, 95
Trd, 4319338.343, 97
Trd, 4319338.793, 96
Trd, 4319338.893, 97
Trd, 4319339.093, 122
Trd, 4319342.293, 96
Trd, 4319342.643, 96
Trd, 4319344.493, 97
Trd, 4319346.093, 95
Trd, 4319346.693, 96
Trd, 4319347.643, 95
Trd, 4319348.743, 95
Trd, 4319349.993, 96
Trd, 4319350.543, 95
Trd, 4319350.893, 94
Trd, 4319352.993, 94
Trd, 4319354.743, 95
Trd, 4319356.143, 94
Trd, 4319356.893, 95
Trd, 4319358.443, 96
Trd, 4319358.893, 107
Trd, 4319358.943, 93
Trd, 4319359.843, 91
Trd, 4319362.593, 93
Trd, 4319363.043, 93
Trd, 4319365.943, 93
Trd, 4319366.493, 92
Trd, 4319366.693, 95
Trd, 4319368.543, 91
Trd, 4319369.643, 105
Trd, 4319371.943, 95
Trd, 4319372.493, 92
Trd, 4319373.393, 94
Trd, 4319374.243, 93
Trd, 4319375.693, 94
Trd, 4319376.343, 95
Trd, 4319377.143, 93
Trd, 4319378.493, 93
Trd, 4319380.993, 90
Trd, 4319382.293, 86
Trd, 4319384.793, 104
Trd, 4319384.943, 99
Trd, 4319385.093, 118
Trd, 4319388.593, 101
Trd, 4319390.843, 99
Trd, 4319391.393, 98
Trd, 4319392.093, 98
Trd, 4319392.693, 95
Trd, 4319393.093, 100
Trd, 4319395.543, 101
Trd, 4319396.843, 101
Trd, 4319399.343, 99
Trd, 4319399.743, 99
Trd, 4319401.143, 101
Trd, 4319402.893, 100
Trd, 4319406.693, 99
Trd, 4319407.143, 102
Trd, 4319407.843, 101
Trd, 4319408.343, 101
Trd, 4319408.443, 100
Trd, 4319411.193, 99
Trd, 4319411.693, 100
Trd, 4319412.493, 99
Trd, 4319413.993, 104
Trd, 4319415.793, 100
Trd, 4319417.943, 100
Trd, 4319420.143, 101
Trd, 4319420.893, 101
Trd, 4319422.993, 99
Trd, 4319423.493, 99
Trd, 4319423.993, 101
Trd, 4319425.793, 98
Trd, 4319425.843, 101
Trd, 4319426.393, 103
Trd, 4319429.343, 99
Trd, 4319431.593, 99
Trd, 4319433.193, 98
Trd, 4319433.743, 97
Trd, 4319434.043, 99
Trd, 4319437.693, 97
Trd, 4319438.943, 95
Trd, 4319439.593, 95
Trd, 4319441.043, 95
Trd, 4319442.243, 93
Trd, 4319442.343, 96
Trd, 4319443.193, 96
Trd, 4319446.243, 96
Trd, 4319447.543, 95
Trd, 4319448.193, 96
Trd, 4319450.293, 95
Trd, 4319450.343, 96
Trd, 4319451.193, 94
Trd, 4319452.343, 95
Trd, 4319452.443, 92
Trd, 4319453.493, 92
Trd, 4319455.193, 94
Trd, 4319457.393, 91
Trd, 4319457.743, 91
Trd, 4319458.343, 95
Trd, 4319458.793, 89
Trd, 4319459.943, 93
Trd, 4319461.893, 88
Trd, 4319462.093, 93
Trd, 4319462.843, 105
Trd, 4319467.343, 94
Trd, 4319467.693, 95
Trd, 4319467.743, 95
Trd, 4319469.243, 92
Trd, 4319472.743, 94
Trd, 4319472.993, 95
Trd, 4319474.293, 94
Trd, 4319474.643, 94
Trd, 4319475.943, 96
Trd, 4319476.143, 95
Trd, 4319476.693, 96
Trd, 4319478.043, 105
Trd, 4319479.193, 104
Trd, 4319479.543, 106
Trd, 4319481.193, 103
Trd, 4319482.593, 93
Trd, 4319483.843, 94
Trd, 4319484.043, 95
Trd, 4319484.243, 105
Trd, 4319486.743, 89
Trd, 4319488.593, 91
Trd, 4319489.293, 96
Trd, 4319489.543, 90
Trd, 4319490.593, 91
Trd, 4319490.693, 96
Trd, 4319492.543, 92
Trd, 4319493.693, 92
Trd, 4319494.393, 95
Trd, 4319495.293, 94
Trd, 4319497.643, 95
Trd, 4319499.393, 104
Trd, 4319499.743, 93
Trd, 4319500.943, 96
Trd, 4319502.393, 107
Trd, 4319502.993, 99
Trd, 4319503.293, 102
Trd, 4319503.993, 102
Trd, 4319505.743, 102
Trd, 4319509.493, 101
Trd, 4319510.493, 100
Trd, 4319510.643, 100
Trd, 4319510.843, 100
Trd, 4319514.843, 87
Trd, 4319515.343, 91
Trd, 4319516.093, 87
Trd, 4319517.093, 90
Trd, 4319517.793, 89
Trd, 4319518.143, 95
Trd, 4319521.543, 90
Trd, 4319522.043, 90
Trd, 4319522.393, 90
Trd, 4319524.293, 89
Trd, 4319524.743, 89
Trd, 4319525.293, 95
Trd, 4319525.743, 105
Trd, 4319528.393, 90
Trd, 4319530.643, 94
Trd, 4319531.243, 92
Trd, 4319532.493, 94
Trd, 4319533.043, 91
Trd, 4319534.793, 94
Trd, 4319538.393, 93
Trd, 4319541.343, 92
Trd, 4319541.493, 92
Trd, 4319542.543, 93
Trd, 4319544.893, 91
Trd, 4319547.193, 91
Trd, 4319548.593, 91
Trd, 4319549.093, 91
Trd, 4319551.093, 91
Trd, 4319551.893, 91
Trd, 4319553.843, 95
Trd, 4319554.443, 93
Trd, 4319556.843, 93
Trd, 4319557.393, 95
Trd, 4319558.093, 104
Trd, 4319559.793, 96
Trd, 4319561.793, 95
Trd, 4319564.393, 96
Trd, 4319566.643, 95
Trd, 4319566.793, 95
Trd, 4319566.993, 94
Trd, 4319570.393, 95
Trd, 4319571.243, 94
Trd, 4319571.293, 95
Trd, 4319572.743, 94
Trd, 4319572.793, 95
Trd, 4319575.143, 93
Trd, 4319575.693, 95
Trd, 4319578.043, 93
Trd, 4319581.093, 103
Trd, 4319581.493, 101
Trd, 4319582.643, 106
Trd, 4319584.043, 101
Trd, 4319584.693, 99
Trd, 4319589.643, 99
Trd, 4319590.393, 98
Trd, 4319590.543, 98
Trd, 4319590.643, 100
Trd, 4319592.393, 97
Trd, 4319593.343, 98
Trd, 4319594.693, 97
Trd, 4319596.943, 95
Trd, 4319597.093, 89
Trd, 4319597.443, 87
Trd, 4319601.243, 97
Trd, 4319601.493, 94
Trd, 4319601.743, 93
Trd, 4319602.343, 104
Trd, 4319604.043, 98
Trd, 4319604.343, 99
Trd, 4319604.943, 104
Trd, 4319606.993, 97
Trd, 4319607.143, 97
Trd, 4319609.143, 95
Trd, 4319609.393, 94
Trd, 4319610.943, 94
Trd, 4319611.593, 93
Trd, 4319614.093, 88
Trd, 4319614.243, 91
Trd, 4319615.493, 95
Trd, 4319615.843, 92
Trd, 4319617.743, 89
Trd, 4319619.343, 91
Trd, 4319620.043, 90
Trd, 4319620.793, 95
Trd, 4319621.493, 95
Trd, 4319621.943, 94
Trd, 4319622.543, 95
Trd, 4319623.743, 93
Trd, 4319626.293, 103
Trd, 4319626.843, 97
Trd, 4319627.893, 96
Trd, 4319629.893, 96
Trd, 4319631.743, 95
Trd, 4319632.393, 89
Trd, 4319633.043, 92
Trd, 4319633.543, 95
Trd, 4319634.343, 116
Trd, 4319635.043, 91
Trd, 4319636.893, 104
Trd, 4319637.893, 103
Trd, 4319638.343, 103
Trd, 4319638.693, 104
Trd, 4319639.393, 95
Trd, 4319643.693, 102
Trd, 4319644.593, 102
Trd, 4319648.493, 102
Trd, 4319648.743, 101
Trd, 4319648.943, 100
Trd, 4319649.343, 99
Trd, 4319650.443, 99
Trd, 4319651.243, 100
Trd, 4319651.643, 98
Trd, 4319653.343, 100
Trd, 4319655.493, 99
Trd, 4319657.043, 96
Trd, 4319657.343, 96
Trd, 4319660.343, 94
Trd, 4319662.593, 86
Trd, 4319662.743, 88
Trd, 4319663.193, 95
Trd, 4319664.243, 107
Trd, 4319667.093, 97
Trd, 4319667.943, 95
Trd, 4319668.943, 98
Trd, 4319669.793, 94
Trd, 4319670.843, 107
Trd, 4319671.243, 94
Trd, 4319673.343, 99
Trd, 4319673.643, 101
Trd, 4319675.443, 100
Trd, 4319676.443, 97
Trd, 4319676.893, 96
Trd, 4319678.893, 102
Trd, 4319679.993, 95
Trd, 4319683.243, 99
Trd, 4319684.643, 99
Trd, 4319684.943, 100
Trd, 4319685.193, 94
Trd, 4319687.943, 98
Trd, 4319689.293, 99
Trd, 4319690.993, 96
Trd, 4319692.393, 85
Trd, 4319692.493, 87
Trd, 4319693.643, 104
Trd, 4319694.143, 104
Trd, 4319694.243, 97
Trd, 4319694.693, 99
Trd, 4319698.393, 100
Trd, 4319698.893, 100
Trd, 4319699.693, 100
Trd, 4319700.193, 101
Trd, 4319702.543, 95
Trd, 4319703.643, 101
Trd, 4319705.043, 95
Trd, 4319705.093, 101
Trd, 4319706.593, 98
Trd, 4319707.693, 100
Trd, 4319710.093, 97
Trd, 4319710.293, 98
Trd, 4319712.093, 97
Trd, 4319713.343, 96
Trd, 4319714.543, 95
Trd, 4319715.743, 96
Trd, 4319717.443, 88
Trd, 4319718.143, 95
Trd, 4319719.193, 101
Trd, 4319719.893, 95
Trd, 4319720.343, 106
Trd, 4319721.593, 90
Trd, 4319722.593, 90
Trd, 4319723.143, 89
Trd, 4319724.643, 96
Trd, 4319726.193, 100
Trd, 4319729.593, 95
Trd, 4319731.193, 96
Trd, 4319731.343, 95
Trd, 4319731.943, 95
Trd, 4319732.043, 97
Trd, 4319734.443, 96
Trd, 4319736.943, 96
Trd, 4319737.893, 95
Trd, 4319739.443, 95
Trd, 4319739.643, 94
Trd, 4319739.943, 96
Trd, 4319741.743, 94
Trd, 4319742.293, 94
Trd, 4319745.593, 94
Trd, 4319745.643, 96
Trd, 4319747.343, 92
Trd, 4319749.593, 93
Trd, 4319750.393, 94
Trd, 4319750.893, 95
Trd, 4319752.943, 84
Trd, 4319753.043, 85
Trd, 4319753.693, 86
Trd, 4319755.493, 89
Trd, 4319757.793, 88
Trd, 4319759.043, 87
Trd, 4319759.593, 88
Trd, 4319760.493, 93
Trd, 4319762.393, 95
Trd, 4319762.843, 85
Trd, 4319763.743, 95
Trd, 4319768.693, 89
Trd, 4319769.093, 90
Trd, 4319769.693, 89
Trd, 4319771.743, 89
Trd, 4319774.193, 89
Trd, 4319775.093, 89
Trd, 4319776.993, 90
Trd, 4319778.193, 89
Trd, 4319778.793, 88
Trd, 4319779.693, 90
Trd, 4319782.043, 88
Trd, 4319782.743, 94
Trd, 4319784.493, 103
Trd, 4319785.393, 100
Trd, 4319786.443, 99
Trd, 4319786.493, 95
Trd, 4319788.893, 98
Trd, 4319789.793, 98
Trd, 4319790.243, 96
Trd, 4319790.893, 97
Trd, 4319791.843, 98
Trd, 4319794.093, 96
Trd, 4319794.743, 97
Trd, 4319797.193, 96
Trd, 4319799.243, 94
Trd, 4319801.093, 97
Trd, 4319802.493, 96
Trd, 4319803.193, 95
Trd, 4319805.343, 94
Trd, 4319805.743, 94
Trd, 4319807.643, 94
Trd, 4319809.443, 95
Trd, 4319810.243, 93
Trd, 4319812.243, 94
Trd, 4319814.643, 94
Trd, 4319816.343, 94
Trd, 4319817.343, 94
Trd, 4319819.293, 93
Trd, 4319819.543, 95
Trd, 4319820.293, 94
Trd, 4319822.093, 104
Trd, 4319822.593, 101
Trd, 4319825.893, 100
Trd, 4319827.343, 104
Trd, 4319827.493, 105
Trd, 4319828.243, 104
Trd, 4319829.293, 112
Trd, 4319829.993, 109
Trd, 4319831.393, 104
Trd, 4319832.393, 103
Trd, 4319834.393, 104
Trd, 4319835.493, 102
Trd, 4319836.193, 103
Trd, 4319837.893, 101
Trd, 4319839.993, 102
Trd, 4319842.193, 100
Trd, 4319842.243, 100
Trd, 4319842.393, 95
Trd, 4319842.493, 102
Trd, 4319846.493, 97
Trd, 4319846.643, 96
Trd, 4319847.293, 100
Trd, 4319848.993, 100
Trd, 4319851.993, 99
Trd, 4319852.743, 97
Trd, 4319852.893, 95
Trd, 4319853.293, 100
Trd, 4319856.543, 97
Trd, 4319856.643, 97
Trd, 4319857.243, 99
Trd, 4319857.793, 104
Trd, 4319859.593, 100
Trd, 4319859.993, 100
Trd, 4319861.643, 102
Trd, 4319865.593, 99
Trd, 4319866.143, 101
Trd, 4319866.493, 99
Trd, 4319868.643, 98
Trd, 4319868.693, 99
Trd, 4319869.243, 101
Trd, 4319871.093, 104
Trd, 4319873.543, 102
Trd, 4319873.943, 102
Trd, 4319874.143, 101
Trd, 4319876.293, 100
Trd, 4319876.893, 101
Trd, 4319876.993, 100
Trd, 4319878.193, 102
Trd, 4319878.593, 104
Trd, 4319879.893, 102
Trd, 4319881.843, 100
Trd, 4319882.593, 95
Trd, 4319886.593, 97
Trd, 4319886.793, 97
Trd, 4319887.693, 97
Trd, 4319887.793, 98
Trd, 4319888.243, 99
Trd, 4319890.793, 98
Trd, 4319891.243, 99
Trd, 4319892.043, 98
Trd, 4319892.743, 100
Trd, 4319893.393, 98
Trd, 4319896.393, 87
Trd, 4319896.593, 90
Trd, 4319898.293, 122
Trd, 4319899.293, 100
Trd, 4319900.243, 122
Trd, 4319900.543, 106
Trd, 4319901.593, 104
Trd, 4319902.493, 88
Trd, 4319904.193, 99
Trd, 4319904.493, 98
Trd, 4319907.493, 89
Trd, 4319908.843, 84
Trd, 4319908.943, 86
Trd, 4319909.243, 86
Trd, 4319909.693, 96
Trd, 4319911.993, 102
Trd, 4319912.793, 106
Trd, 4319913.543, 104
Trd, 4319914.343, 102
Trd, 4319914.443, 104
Trd, 4319914.693, 103
Trd, 4319917.493, 91
Trd, 4319918.393, 91
Trd, 4319918.793, 92
Trd, 4319920.043, 92
Trd, 4319922.693, 92
Trd, 4319922.943, 90
Trd, 4319923.643, 86
Trd, 4319923.793, 84
Trd, 4319925.743, 87
Trd, 4319926.593, 87
Trd, 4319929.443, 86
Trd, 4319929.693, 95
Trd, 4319933.693, 88
Trd, 4319933.893, 89
Trd, 4319935.193, 88
Trd, 4319936.093, 90
Trd, 4319936.293, 95
Trd, 4319938.093, 87
Trd, 4319940.543, 87
Trd, 4319940.943, 95
Trd, 4319942.543, 91
Trd, 4319943.143, 90
Trd, 4319943.393, 90
Trd, 4319943.593, 104
Trd, 4319944.393, 87
Trd, 4319945.643, 104
Trd, 4319946.993, 103
Trd, 4319947.243, 103
Trd, 4319949.743, 105
Trd, 4319949.893, 122
Trd, 4319951.543, 104
Trd, 4319951.643, 105
Trd, 4319952.793, 103
Trd, 4319954.543, 103
Trd, 4319955.593, 104
Trd, 4319956.693, 87
Trd, 4319958.943, 83
Trd, 4319959.293, 83
Trd, 4319961.843, 92
Trd, 4319962.843, 95
Trd, 4319963.343, 92
Trd, 4319964.793, 91
Trd, 4319966.293, 90
Trd, 4319966.443, 95
Trd, 4319968.743, 104
Trd, 4319970.043, 93
Trd, 4319971.143, 95
Trd, 4319971.293, 94
Trd, 4319973.643, 92
Trd, 4319973.943, 95
Trd, 4319976.093, 96
Trd, 4319977.493, 96
Trd, 4319977.693, 96
Trd, 4319980.893, 95
Trd, 4319981.293, 97
Trd, 4319983.293, 94
Trd, 4319985.693, 95
Trd, 4319986.743, 96
Trd, 4319988.493, 96
Trd, 4319989.293, 95
Trd, 4319989.793, 96
Trd, 4319991.293, 95
Trd, 4319993.543, 96
Trd, 4319994.443, 95
Trd, 4319995.593, 88
Trd, 4319995.793, 86
Trd, 4319996.893, 104
Trd, 4319997.293, 105
Trd, 4319998.343, 90
Trd, 4319999.443, 96
Trd, 4319999.543, 97
