Trd, 4317923.243, 98
Trd, 4317924.393, 94
Trd, 4317925.393, 107
Trd, 4317926.243, 96
Trd, 4317927.193, 72
Trd, 4317928.093, 102
Trd, 4317929.243, 91
Trd, 4317931.943, 106
Trd, 4317932.243, 104
Trd, 4317932.943, 97
Trd, 4317933.893, 100
Trd, 4317935.943, 99
Trd, 4317937.593, 104
Trd, 4317938.143, 98
Trd, 4317938.843, 98
Trd, 4317940.443, 95
Trd, 4317941.193, 88
Trd, 4317944.393, 97
Trd, 4317944.943, 104
Trd, 4317945.593, 94
Trd, 4317947.943, 102
Trd, 4317950.743, 93
Trd, 4317951.143, 105
Trd, 4317951.493, 93
Trd, 4317954.343, 98
Trd, 4317955.193, 100
Trd, 4317955.493, 100
Trd, 4317956.543, 114
Trd, 4317957.243, 102
Trd, 4317957.393, 101
Trd, 4317959.443, 99
Trd, 4317959.993, 99
Trd, 4317962.043, 91
Trd, 4317963.543, 102
Trd, 4317963.743, 94
Trd, 4317964.643, 104
Trd, 4317965.343, 95
Trd, 4317965.693, 101
Trd, 4317967.893, 94
Trd, 4317968.793, 105
Trd, 4317969.193, 93
Trd, 4317969.693, 93
Trd, 4317972.743, 92
Trd, 4317973.693, 103
Trd, 4317975.493, 113
Trd, 4317976.393, 91
Trd, 4317977.443, 91
Trd, 4317977.693, 89
Trd, 4317978.543, 108
Trd, 4317980.343, 100
Trd, 4317981.043, 94
Trd, 4317981.793, 93
Trd, 4317981.893, 90
Trd, 4317984.543, 108
Trd, 4317985.543, 95
Trd, 4317986.143, 94
Trd, 4317986.443, 96
Trd, 4317987.093, 95
Trd, 4317987.493, 115
Trd, 4317988.843, 94
Trd, 4317988.993, 85
Trd, 4317989.493, 91
Trd, 4317993.843, 96
Trd, 4317994.343, 106
Trd, 4317995.243, 96
Trd, 4317996.693, 107
Trd, 4317997.393, 98
Trd, 4317997.893, 97
Trd, 4317998.043, 85
Trd, 4318000.543, 97
Trd, 4318000.943, 108
Trd, 4318001.043, 113
Trd, 4318002.043, 96
Trd, 4318002.493, 91
Trd, 4318003.343, 94
Trd, 4318003.793, 85
Trd, 4318005.793, 99
Trd, 4318005.993, 92
Trd, 4318007.193, 91
Trd, 4318007.593, 100
Trd, 4318008.743, 90
Trd, 4318009.243, 106
Trd, 4318010.093, 92
Trd, 4318012.843, 103
Trd, 4318015.843, 95
Trd, 4318016.093, 95
Trd, 4318016.543, 106
Trd, 4318017.993, 114
Trd, 4318018.593, 98
Trd, 4318019.693, 89
Trd, 4318020.743, 92
Trd, 4318021.843, 106
Trd, 4318022.243, 101
Trd, 4318023.743, 101
Trd, 4318023.943, 81
Trd, 4318026.393, 96
Trd, 4318026.493, 103
Trd, 4318028.143, 105
Trd, 4318029.493, 103
Trd, 4318030.243, 101
Trd, 4318030.393, 106
Trd, 4318032.093, 100
Trd, 4318032.893, 100
Trd, 4318034.193, 88
Trd, 4318034.593, 107
Trd, 4318035.193, 95
Trd, 4318040.393, 102
Trd, 4318040.443, 97
Trd, 4318041.143, 104
Trd, 4318041.643, 97
Trd, 4318044.043, 96
Trd, 4318044.093, 96
Trd, 4318044.893, 95
Trd, 4318045.043, 104
Trd, 4318046.693, 95
Trd, 4318048.693, 105
Trd, 4318050.343, 104
Trd, 4318050.843, 94
Trd, 4318052.593, 93
Trd, 4318053.993, 105
Trd, 4318055.093, 92
Trd, 4318055.843, 90
Trd, 4318056.393, 88
Trd, 4318057.343, 101
Trd, 4318058.743, 89
Trd, 4318058.843, 104
Trd, 4318062.993, 99
Trd, 4318063.293, 101
Trd, 4318063.493, 90
Trd, 4318063.943, 85
Trd, 4318065.093, 93
Trd, 4318068.443, 92
Trd, 4318068.843, 92
Trd, 4318069.693, 102
Trd, 4318069.793, 88
Trd, 4318070.143, 105
Trd, 4318072.143, 105
Trd, 4318072.993, 93
Trd, 4318075.293, 106
Trd, 4318075.343, 93
Trd, 4318077.693, 98
Trd, 4318078.693, 106
Trd, 4318079.843, 104
Trd, 4318079.993, 99
Trd, 4318081.543, 98
Trd, 4318082.493, 104
Trd, 4318082.993, 92
Trd, 4318083.543, 85
Trd, 4318087.293, 95
Trd, 4318087.543, 104
Trd, 4318087.593, 94
Trd, 4318087.843, 94
Trd, 4318088.093, 118
Trd, 4318088.993, 84
Trd, 4318090.393, 91
Trd, 4318091.793, 101
Trd, 4318093.243, 109
Trd, 4318094.493, 103
Trd, 4318095.943, 108
Trd, 4318098.143, 103
Trd, 4318099.643, 118
Trd, 4318100.043, 102
Trd, 4318100.343, 113
Trd, 4318100.943, 102
Trd, 4318101.693, 112
Trd, 4318101.943, 104
Trd, 4318102.843, 102
Trd, 4318104.593, 105
Trd, 4318105.393, 94
Trd, 4318107.293, 105
Trd, 4318110.543, 104
Trd, 4318110.643, 122
Trd, 4318113.293, 103
Trd, 4318113.443, 103
Trd, 4318113.993, 84
Trd, 4318114.243, 93
Trd, 4318114.593, 110
Trd, 4318116.543, 99
Trd, 4318117.243, 98
Trd, 4318120.443, 100
Trd, 4318120.493, 106
Trd, 4318121.143, 98
Trd, 4318121.943, 86
Trd, 4318123.393, 94
Trd, 4318126.293, 97
Trd, 4318127.043, 97
Trd, 4318127.443, 94
Trd, 4318128.393, 85
Trd, 4318129.643, 107
Trd, 4318130.293, 94
Trd, 4318130.443, 113
Trd, 4318132.393, 93
Trd, 4318134.593, 93
Trd, 4318135.493, 88
Trd, 4318136.943, 96
Trd, 4318138.643, 91
Trd, 4318141.393, 100
Trd, 4318142.843, 96
Trd, 4318143.493, 104
Trd, 4318143.643, 92
Trd, 4318144.843, 95
Trd, 4318145.043, 107
Trd, 4318147.343, 94
Trd, 4318148.493, 95
Trd, 4318149.743, 104
Trd, 4318150.893, 95
Trd, 4318151.093, 95
Trd, 4318151.593, 85
Trd, 4318151.893, 105
Trd, 4318153.793, 105
Trd, 4318154.393, 95
Trd, 4318157.443, 103
Trd, 4318157.543, 106
Trd, 4318160.193, 94
Trd, 4318160.443, 93
Trd, 4318161.643, 96
Trd, 4318162.393, 92
Trd, 4318164.493, 96
Trd, 4318164.843, 92
Trd, 4318167.243, 95
Trd, 4318168.493, 93
Trd, 4318170.343, 91
Trd, 4318172.143, 91
Trd, 4318173.193, 96
Trd, 4318173.793, 85
Trd, 4318175.343, 95
Trd, 4318176.643, 96
Trd, 4318177.493, 95
Trd, 4318177.643, 94
Trd, 4318180.093, 106
Trd, 4318181.493, 103
Trd, 4318182.143, 104
Trd, 4318182.743, 104
Trd, 4318183.043, 106
Trd, 4318183.593, 102
Trd, 4318185.293, 101
Trd, 4318186.243, 102
Trd, 4318186.293, 94
Trd, 4318186.443, 121
Trd, 4318186.893, 122
Trd, 4318187.193, 98
Trd, 4318187.943, 91
Trd, 4318191.093, 104
Trd, 4318191.943, 105
Trd, 4318193.493, 102
Trd, 4318194.293, 107
Trd, 4318195.393, 86
Trd, 4318195.843, 84
Trd, 4318198.693, 97
Trd, 4318199.293, 97
Trd, 4318200.243, 98
Trd, 4318202.343, 98
Trd, 4318202.493, 105
Trd, 4318203.943, 120
Trd, 4318205.793, 101
Trd, 4318206.093, 98
Trd, 4318206.493, 86
Trd, 4318208.693, 96
Trd, 4318210.043, 101
Trd, 4318210.193, 95
Trd, 4318211.543, 99
Trd, 4318213.393, 101
Trd, 4318214.193, 95
Trd, 4318214.793, 95
Trd, 4318214.943, 95
Trd, 4318214.993, 105
Trd, 4318216.543, 117
Trd, 4318216.593, 94
Trd, 4318217.043, 85
Trd, 4318218.793, 91
Trd, 4318219.393, 107
Trd, 4318220.193, 91
Trd, 4318222.993, 96
Trd, 4318223.493, 92
Trd, 4318223.693, 73
Trd, 4318224.843, 96
Trd, 4318225.793, 88
Trd, 4318226.993, 87
Trd, 4318228.243, 119
Trd, 4318228.943, 86
Trd, 4318230.043, 99
Trd, 4318230.543, 85
Trd, 4318231.093, 85
Trd, 4318231.343, 71
Trd, 4318233.993, 89
Trd, 4318234.443, 122
Trd, 4318238.343, 104
Trd, 4318239.493, 99
Trd, 4318240.843, 98
Trd, 4318241.093, 97
Trd, 4318241.193, 116
Trd, 4318241.793, 111
Trd, 4318243.143, 114
Trd, 4318244.443, 103
Trd, 4318246.343, 102
Trd, 4318247.743, 101
Trd, 4318247.843, 105
Trd, 4318248.893, 101
Trd, 4318249.043, 104
Trd, 4318249.193, 91
Trd, 4318252.693, 97
Trd, 4318252.743, 84
Trd, 4318253.793, 102
Trd, 4318254.493, 96
Trd, 4318254.993, 96
Trd, 4318258.293, 105
Trd, 4318258.843, 98
Trd, 4318259.593, 83
Trd, 4318261.493, 101
Trd, 4318261.893, 94
Trd, 4318262.043, 94
Trd, 4318262.893, 92
Trd, 4318263.143, 105
Trd, 4318266.793, 95
Trd, 4318267.193, 103
Trd, 4318267.443, 95
Trd, 4318268.943, 89
Trd, 4318269.693, 91
Trd, 4318270.993, 96
Trd, 4318271.293, 90
Trd, 4318271.693, 91
Trd, 4318273.793, 90
Trd, 4318275.843, 90
Trd, 4318276.693, 96
Trd, 4318277.093, 89
Trd, 4318277.893, 95
Trd, 4318279.543, 94
Trd, 4318280.843, 94
Trd, 4318281.143, 95
Trd, 4318281.593, 105
Trd, 4318282.043, 94
Trd, 4318283.843, 85
Trd, 4318283.993, 90
Trd, 4318284.643, 122
Trd, 4318286.543, 110
Trd, 4318289.793, 94
Trd, 4318290.493, 94
Trd, 4318291.693, 92
Trd, 4318292.293, 105
Trd, 4318293.293, 104
Trd, 4318293.843, 92
Trd, 4318294.393, 97
Trd, 4318294.843, 106
Trd, 4318297.243, 102
Trd, 4318297.793, 96
Trd, 4318298.043, 96
Trd, 4318299.093, 106
Trd, 4318300.793, 97
Trd, 4318302.843, 101
Trd, 4318304.593, 96
Trd, 4318306.543, 100
Trd, 4318306.993, 97
Trd, 4318307.843, 98
Trd, 4318309.343, 101
Trd, 4318310.943, 107
Trd, 4318311.193, 101
Trd, 4318311.843, 86
Trd, 4318312.543, 97
Trd, 4318314.743, 91
Trd, 4318315.443, 88
Trd, 4318316.943, 98
Trd, 4318318.593, 99
Trd, 4318318.693, 97
Trd, 4318321.593, 100
Trd, 4318322.793, 96
Trd, 4318324.943, 110
Trd, 4318325.643, 101
Trd, 4318326.893, 107
Trd, 4318326.993, 99
Trd, 4318328.143, 99
Trd, 4318328.393, 107
Trd, 4318328.893, 99
Trd, 4318332.593, 98
Trd, 4318332.843, 101
Trd, 4318333.293, 86
Trd, 4318335.243, 106
Trd, 4318335.793, 96
Trd, 4318336.043, 114
Trd, 4318337.643, 94
Trd, 4318338.843, 95
Trd, 4318338.943, 94
Trd, 4318340.543, 98
Trd, 4318340.743, 97
Trd, 4318341.843, 98
Trd, 4318342.943, 95
Trd, 4318344.393, 95
Trd, 4318346.143, 97
Trd, 4318348.143, 94
Trd, 4318348.493, 97
Trd, 4318350.593, 98
Trd, 4318350.893, 98
Trd, 4318352.743, 105
Trd, 4318352.943, 98
Trd, 4318353.443, 97
Trd, 4318353.743, 106
Trd, 4318354.593, 90
Trd, 4318354.793, 119
Trd, 4318354.843, 95
Trd, 4318358.243, 112
Trd, 4318360.393, 94
Trd, 4318360.643, 94
Trd, 4318361.643, 93
Trd, 4318363.543, 101
Trd, 4318364.493, 108
Trd, 4318365.643, 100
Trd, 4318366.943, 99
Trd, 4318367.243, 102
Trd, 4318367.843, 88
Trd, 4318370.943, 94
Trd, 4318371.393, 94
Trd, 4318373.893, 99
Trd, 4318374.193, 94
Trd, 4318374.643, 104
Trd, 4318377.143, 85
Trd, 4318377.293, 87
Trd, 4318377.543, 86
Trd, 4318378.443, 105
Trd, 4318379.443, 95
Trd, 4318379.843, 122
Trd, 4318383.243, 95
Trd, 4318383.293, 93
Trd, 4318384.543, 104
Trd, 4318384.593, 98
Trd, 4318385.043, 107
Trd, 4318388.543, 106
Trd, 4318388.893, 96
Trd, 4318389.993, 99
Trd, 4318390.093, 96
Trd, 4318392.043, 97
Trd, 4318392.093, 107
Trd, 4318395.143, 96
Trd, 4318396.393, 95
Trd, 4318397.593, 96
Trd, 4318397.893, 84
Trd, 4318398.643, 92
Trd, 4318400.743, 108
Trd, 4318401.043, 93
Trd, 4318401.643, 115
Trd, 4318401.793, 92
Trd, 4318402.393, 92
Trd, 4318403.643, 113
Trd, 4318405.043, 94
Trd, 4318407.693, 97
Trd, 4318409.543, 97
Trd, 4318409.993, 111
Trd, 4318410.143, 115
Trd, 4318410.543, 96
Trd, 4318412.593, 95
Trd, 4318413.843, 104
Trd, 4318413.993, 99
Trd, 4318415.543, 97
Trd, 4318415.943, 104
Trd, 4318417.393, 97
Trd, 4318417.893, 98
Trd, 4318418.593, 99
Trd, 4318423.343, 103
Trd, 4318424.743, 104
Trd, 4318427.043, 102
Trd, 4318427.093, 104
Trd, 4318427.543, 99
Trd, 4318429.393, 74
Trd, 4318430.743, 104
Trd, 4318432.693, 104
Trd, 4318433.643, 95
Trd, 4318434.193, 95
Trd, 4318434.843, 94
Trd, 4318435.293, 85
Trd, 4318438.843, 87
Trd, 4318439.243, 104
Trd, 4318441.243, 96
Trd, 4318441.993, 99
Trd, 4318442.093, 96
Trd, 4318442.993, 105
Trd, 4318443.693, 96
Trd, 4318444.493, 101
Trd, 4318445.093, 94
Trd, 4318447.243, 100
Trd, 4318447.443, 95
Trd, 4318449.943, 101
Trd, 4318450.943, 95
Trd, 4318451.793, 94
Trd, 4318452.643, 105
Trd, 4318453.543, 120
Trd, 4318453.693, 93
Trd, 4318454.793, 92
Trd, 4318455.293, 94
Trd, 4318457.643, 95
Trd, 4318457.693, 84
Trd, 4318458.093, 91
Trd, 4318459.193, 108
Trd, 4318461.343, 101
Trd, 4318463.493, 100
Trd, 4318463.643, 100
Trd, 4318466.143, 101
Trd, 4318466.593, 105
Trd, 4318468.543, 100
Trd, 4318469.593, 85
Trd, 4318469.643, 104
Trd, 4318469.993, 104
Trd, 4318472.593, 101
Trd, 4318473.893, 101
Trd, 4318475.143, 104
Trd, 4318475.593, 108
Trd, 4318475.893, 102
Trd, 4318476.543, 89
Trd, 4318477.843, 85
Trd, 4318478.193, 71
Trd, 4318479.443, 111
Trd, 4318480.543, 94
Trd, 4318481.743, 93
Trd, 4318482.593, 114
Trd, 4318484.443, 108
Trd, 4318485.843, 97
Trd, 4318485.943, 96
Trd, 4318486.693, 96
Trd, 4318489.193, 106
Trd, 4318490.943, 103
Trd, 4318492.143, 101
Trd, 4318493.843, 100
Trd, 4318494.743, 99
Trd, 4318494.793, 85
Trd, 4318495.293, 95
Trd, 4318495.743, 104
Trd, 4318498.193, 96
Trd, 4318498.593, 96
Trd, 4318499.443, 96
Trd, 4318499.543, 95
Trd, 4318500.693, 113
Trd, 4318501.743, 100
Trd, 4318502.243, 94
Trd, 4318502.593, 108
Trd, 4318506.643, 98
Trd, 4318508.343, 98
Trd, 4318508.393, 103
Trd, 4318509.543, 99
Trd, 4318511.643, 98
Trd, 4318512.243, 99
Trd, 4318513.443, 98
Trd, 4318514.343, 104
Trd, 4318516.443, 99
Trd, 4318516.593, 102
Trd, 4318517.793, 98
Trd, 4318518.993, 104
Trd, 4318519.543, 115
Trd, 4318521.093, 97
Trd, 4318522.143, 93
Trd, 4318522.543, 91
Trd, 4318523.793, 95
Trd, 4318524.993, 94
Trd, 4318526.193, 96
Trd, 4318528.193, 93
Trd, 4318528.343, 91
Trd, 4318529.743, 96
Trd, 4318532.343, 92
Trd, 4318532.593, 97
Trd, 4318533.993, 92
Trd, 4318534.793, 88
Trd, 4318535.343, 109
Trd, 4318537.943, 103
Trd, 4318539.093, 99
Trd, 4318539.443, 89
Trd, 4318539.693, 105
Trd, 4318540.993, 85
Trd, 4318543.243, 92
Trd, 4318543.543, 102
Trd, 4318545.993, 113
Trd, 4318546.343, 91
Trd, 4318548.543, 91
Trd, 4318549.893, 90
Trd, 4318550.143, 85
Trd, 4318553.693, 104
Trd, 4318554.493, 105
Trd, 4318555.993, 118
Trd, 4318558.243, 94
Trd, 4318558.843, 95
Trd, 4318559.293, 110
Trd, 4318560.343, 115
Trd, 4318561.943, 95
Trd, 4318562.443, 89
Trd, 4318562.543, 86
Trd, 4318564.293, 94
Trd, 4318564.393, 99
Trd, 4318565.393, 92
Trd, 4318567.793, 99
Trd, 4318568.193, 93
Trd, 4318569.343, 92
Trd, 4318569.943, 90
Trd, 4318570.143, 85
Trd, 4318572.343, 100
Trd, 4318575.143, 96
Trd, 4318576.143, 94
Trd, 4318578.693, 93
Trd, 4318578.893, 100
Trd, 4318580.793, 119
Trd, 4318580.843, 94
Trd, 4318582.743, 95
Trd, 4318582.793, 105
Trd, 4318583.493, 94
Trd, 4318587.693, 96
Trd, 4318587.893, 96
Trd, 4318588.193, 101
Trd, 4318588.843, 105
Trd, 4318589.193, 85
Trd, 4318591.393, 96
Trd, 4318591.493, 94
Trd, 4318592.493, 93
Trd, 4318593.043, 115
Trd, 4318595.193, 101
Trd, 4318595.993, 92
Trd, 4318597.093, 95
Trd, 4318599.393, 94
Trd, 4318599.693, 104
Trd, 4318600.943, 98
Trd, 4318603.143, 99
Trd, 4318603.193, 97
Trd, 4318604.193, 97
Trd, 4318604.793, 98
Trd, 4318605.443, 85
Trd, 4318606.993, 85
Trd, 4318608.543, 90
Trd, 4318608.643, 99
Trd, 4318610.293, 91
Trd, 4318610.343, 114
Trd, 4318612.093, 95
Trd, 4318615.393, 94
Trd, 4318616.743, 95
Trd, 4318618.493, 93
Trd, 4318618.643, 94
Trd, 4318620.293, 109
Trd, 4318621.993, 97
Trd, 4318622.543, 96
Trd, 4318623.743, 97
Trd, 4318624.043, 110
Trd, 4318624.893, 96
Trd, 4318626.143, 98
Trd, 4318626.543, 107
Trd, 4318627.943, 95
Trd, 4318629.543, 88
Trd, 4318630.143, 91
Trd, 4318633.043, 93
Trd, 4318633.193, 92
Trd, 4318634.193, 96
Trd, 4318635.043, 105
Trd, 4318635.143, 94
Trd, 4318635.693, 85
Trd, 4318636.843, 91
Trd, 4318638.293, 103
Trd, 4318639.493, 108
Trd, 4318640.243, 105
Trd, 4318640.693, 104
Trd, 4318643.143, 103
Trd, 4318644.793, 118
Trd, 4318644.893, 122
Trd, 4318645.993, 116
Trd, 4318646.843, 108
Trd, 4318647.893, 106
Trd, 4318648.243, 101
Trd, 4318649.693, 104
Trd, 4318651.243, 86
Trd, 4318651.593, 104
Trd, 4318652.343, 99
Trd, 4318652.893, 94
Trd, 4318653.993, 93
Trd, 4318654.993, 95
Trd, 4318655.643, 95
Trd, 4318656.743, 95
Trd, 4318656.943, 75
Trd, 4318660.943, 96
Trd, 4318662.293, 92
Trd, 4318662.343, 92
Trd, 4318663.193, 95
Trd, 4318663.793, 97
Trd, 4318665.393, 103
Trd, 4318667.993, 100
Trd, 4318668.793, 101
Trd, 4318669.493, 68
Trd, 4318669.843, 82
Trd, 4318670.093, 88
Trd, 4318670.743, 105
Trd, 4318671.993, 105
Trd, 4318673.193, 97
Trd, 4318675.593, 95
Trd, 4318676.393, 96
Trd, 4318677.393, 114
Trd, 4318679.443, 100
Trd, 4318680.093, 107
Trd, 4318680.893, 100
Trd, 4318680.993, 107
Trd, 4318681.543, 92
Trd, 4318682.943, 98
Trd, 4318683.643, 97
Trd, 4318684.493, 95
Trd, 4318686.793, 90
Trd, 4318688.043, 106
Trd, 4318688.543, 95
Trd, 4318690.643, 109
Trd, 4318691.293, 102
Trd, 4318691.893, 88
Trd, 4318692.393, 98
Trd, 4318694.243, 96
Trd, 4318694.493, 71
Trd, 4318695.693, 121
Trd, 4318696.443, 88
Trd, 4318696.693, 93
Trd, 4318700.893, 90
Trd, 4318702.043, 106
Trd, 4318705.293, 94
Trd, 4318705.543, 89
Trd, 4318707.993, 97
Trd, 4318708.143, 91
Trd, 4318709.293, 107
Trd, 4318709.643, 90
Trd, 4318710.943, 93
Trd, 4318712.743, 105
Trd, 4318714.643, 122
Trd, 4318714.743, 98
Trd, 4318715.093, 99
Trd, 4318715.843, 96
Trd, 4318716.293, 85
Trd, 4318718.193, 97
Trd, 4318719.243, 93
Trd, 4318719.993, 92
Trd, 4318721.643, 85
Trd, 4318723.143, 90
Trd, 4318725.393, 96
Trd, 4318725.743, 89
Trd, 4318726.093, 88
Trd, 4318727.293, 96
Trd, 4318727.393, 104
Trd, 4318728.093, 89
Trd, 4318728.193, 113
Trd, 4318731.593, 109
Trd, 4318732.993, 93
Trd, 4318733.143, 93
Trd, 4318734.543, 94
Trd, 4318736.693, 100
Trd, 4318739.543, 98
Trd, 4318740.543, 99
Trd, 4318740.943, 97
Trd, 4318742.293, 101
Trd, 4318742.443, 97
Trd, 4318743.293, 105
Trd, 4318744.193, 97
Trd, 4318744.393, 95
Trd, 4318745.493, 95
Trd, 4318746.793, 101
Trd, 4318747.843, 85
Trd, 4318747.943, 91
Trd, 4318750.143, 104
Trd, 4318751.943, 93
Trd, 4318752.843, 92
Trd, 4318755.143, 96
Trd, 4318756.093, 92
Trd, 4318756.393, 104
Trd, 4318757.243, 115
Trd, 4318759.243, 91
Trd, 4318759.693, 98
Trd, 4318761.093, 90
Trd, 4318763.043, 110
Trd, 4318764.643, 112
Trd, 4318765.843, 101
Trd, 4318767.243, 100
Trd, 4318768.843, 113
Trd, 4318769.993, 99
Trd, 4318771.293, 99
Trd, 4318771.693, 90
Trd, 4318772.843, 112
Trd, 4318773.193, 92
Trd, 4318774.793, 90
Trd, 4318775.243, 112
Trd, 4318776.443, 88
Trd, 4318776.943, 91
Trd, 4318779.493, 91
Trd, 4318779.593, 90
Trd, 4318780.543, 111
Trd, 4318781.393, 96
Trd, 4318781.893, 104
Trd, 4318782.893, 96
Trd, 4318783.143, 95
Trd, 4318785.143, 106
Trd, 4318786.443, 96
Trd, 4318787.093, 96
Trd, 4318788.543, 104
Trd, 4318789.093, 85
Trd, 4318790.693, 86
Trd, 4318791.993, 105
Trd, 4318793.443, 99
Trd, 4318793.693, 107
Trd, 4318794.193, 97
Trd, 4318794.443, 114
Trd, 4318794.693, 91
Trd, 4318795.493, 118
Trd, 4318798.093, 114
Trd, 4318798.593, 106
Trd, 4318799.643, 105
Trd, 4318802.093, 105
Trd, 4318802.693, 102
Trd, 4318803.543, 99
Trd, 4318804.943, 87
Trd, 4318805.443, 90
Trd, 4318806.493, 108
Trd, 4318808.643, 85
Trd, 4318809.643, 94
Trd, 4318810.293, 75
Trd, 4318812.343, 105
Trd, 4318814.193, 89
Trd, 4318814.593, 104
Trd, 4318815.443, 93
Trd, 4318815.843, 104
Trd, 4318817.593, 93
Trd, 4318817.943, 101
Trd, 4318819.143, 92
Trd, 4318819.343, 105
Trd, 4318820.893, 89
Trd, 4318822.893, 123
Trd, 4318822.943, 102
Trd, 4318824.043, 101
Trd, 4318827.343, 106
Trd, 4318828.693, 105
Trd, 4318830.243, 104
Trd, 4318831.693, 104
Trd, 4318831.843, 103
Trd, 4318833.843, 107
Trd, 4318834.743, 102
Trd, 4318835.143, 101
Trd, 4318835.593, 85
Trd, 4318837.243, 86
Trd, 4318838.343, 95
Trd, 4318838.843, 108
Trd, 4318840.093, 90
Trd, 4318844.743, 103
Trd, 4318845.243, 96
Trd, 4318846.343, 94
Trd, 4318848.393, 93
Trd, 4318849.743, 100
Trd, 4318850.443, 92
Trd, 4318850.543, 104
Trd, 4318851.593, 92
Trd, 4318854.843, 104
Trd, 4318854.993, 92
Trd, 4318855.043, 95
Trd, 4318858.393, 94
Trd, 4318858.843, 89
Trd, 4318862.393, 92
Trd, 4318862.443, 99
Trd, 4318863.293, 105
Trd, 4318863.443, 111
Trd, 4318867.093, 102
Trd, 4318867.193, 109
Trd, 4318867.493, 98
Trd, 4318868.493, 100
Trd, 4318869.643, 100
Trd, 4318869.893, 92
Trd, 4318870.943, 85
Trd, 4318873.193, 103
Trd, 4318873.943, 116
Trd, 4318874.093, 94
Trd, 4318875.643, 108
Trd, 4318876.343, 101
Trd, 4318878.943, 100
Trd, 4318880.593, 99
Trd, 4318880.843, 98
Trd, 4318880.993, 96
Trd, 4318881.393, 84
Trd, 4318882.443, 105
Trd, 4318884.143, 104
Trd, 4318886.443, 93
Trd, 4318886.643, 105
Trd, 4318886.693, 82
Trd, 4318888.893, 112
Trd, 4318888.943, 91
Trd, 4318889.493, 118
Trd, 4318890.893, 93
Trd, 4318892.543, 85
Trd, 4318892.793, 94
Trd, 4318895.743, 106
Trd, 4318897.643, 99
Trd, 4318897.693, 97
Trd, 4318899.143, 97
Trd, 4318899.243, 107
Trd, 4318899.893, 122
Trd, 4318901.143, 114
Trd, 4318901.443, 99
Trd, 4318902.093, 103
Trd, 4318902.643, 107
Trd, 4318904.293, 92
Trd, 4318905.143, 96
Trd, 4318906.043, 94
Trd, 4318907.243, 85
Trd, 4318908.243, 94
Trd, 4318910.193, 97
Trd, 4318911.093, 96
Trd, 4318911.593, 96
Trd, 4318914.243, 113
Trd, 4318914.893, 104
Trd, 4318915.843, 103
Trd, 4318916.193, 104
Trd, 4318916.443, 100
Trd, 4318917.093, 105
Trd, 4318917.843, 100
Trd, 4318920.143, 105
Trd, 4318921.343, 83
Trd, 4318922.393, 106
Trd, 4318924.693, 90
Trd, 4318925.293, 84
Trd, 4318925.643, 118
Trd, 4318926.993, 110
Trd, 4318927.343, 94
Trd, 4318928.043, 95
Trd, 4318928.493, 93
Trd, 4318930.443, 107
Trd, 4318931.943, 94
Trd, 4318934.243, 98
Trd, 4318934.593, 97
Trd, 4318935.843, 85
Trd, 4318936.543, 95
Trd, 4318939.043, 84
Trd, 4318939.793, 94
Trd, 4318941.693, 103
Trd, 4318942.543, 106
Trd, 4318943.493, 99
Trd, 4318945.993, 99
Trd, 4318946.243, 98
Trd, 4318946.893, 105
Trd, 4318946.993, 106
Trd, 4318947.243, 113
Trd, 4318948.343, 98
Trd, 4318949.793, 97
Trd, 4318953.143, 105
Trd, 4318953.243, 97
Trd, 4318955.093, 96
Trd, 4318955.593, 96
Trd, 4318955.643, 105
Trd, 4318957.143, 105
Trd, 4318957.843, 95
Trd, 4318957.993, 103
Trd, 4318958.693, 95
Trd, 4318960.143, 94
Trd, 4318961.593, 106
Trd, 4318961.993, 107
Trd, 4318962.893, 98
Trd, 4318963.493, 76
Trd, 4318965.343, 92
Trd, 4318966.443, 91
Trd, 4318967.943, 98
Trd, 4318969.093, 91
Trd, 4318969.643, 107
Trd, 4318970.493, 88
Trd, 4318971.943, 112
Trd, 4318973.943, 95
Trd, 4318975.593, 97
Trd, 4318977.043, 103
Trd, 4318977.393, 104
Trd, 4318978.043, 105
Trd, 4318978.243, 101
Trd, 4318979.743, 97
Trd, 4318980.593, 99
Trd, 4318982.043, 85
Trd, 4318983.843, 78
Trd, 4318985.643, 99
Trd, 4318986.693, 95
Trd, 4318987.543, 93
Trd, 4318988.943, 92
Trd, 4318989.943, 91
Trd, 4318990.493, 113
Trd, 4318991.593, 101
Trd, 4318994.943, 104
Trd, 4318994.993, 105
Trd, 4318996.543, 106
Trd, 4318997.893, 104
Trd, 4318998.093, 103
Trd, 4318998.493, 103
Trd, 4318998.793, 102
Trd, 4319002.443, 102
Trd, 4319002.493, 102
Trd, 4319004.743, 101
Trd, 4319006.543, 101
Trd, 4319007.593, 101
Trd, 4319007.693, 103
Trd, 4319011.843, 104
Trd, 4319014.943, 100
Trd, 4319015.343, 99
Trd, 4319015.743, 92
Trd, 4319016.793, 95
Trd, 4319017.343, 95
Trd, 4319018.393, 92
Trd, 4319019.993, 96
Trd, 4319020.993, 101
Trd, 4319022.843, 97
Trd, 4319023.443, 96
Trd, 4319024.343, 104
Trd, 4319026.443, 100
Trd, 4319027.693, 100
Trd, 4319029.443, 99
Trd, 4319030.293, 100
Trd, 4319031.493, 104
Trd, 4319031.593, 99
Trd, 4319031.793, 92
Trd, 4319032.643, 104
Trd, 4319035.493, 103
Trd, 4319036.043, 102
Trd, 4319036.443, 101
Trd, 4319037.343, 100
Trd, 4319038.793, 95
Trd, 4319042.743, 103
Trd, 4319043.343, 101
Trd, 4319043.593, 104
Trd, 4319044.193, 122
Trd, 4319044.843, 99
Trd, 4319045.393, 99
Trd, 4319047.043, 101
Trd, 4319047.143, 100
Trd, 4319048.943, 91
Trd, 4319051.343, 112
Trd, 4319052.343, 98
Trd, 4319052.393, 106
Trd, 4319054.293, 103
Trd, 4319055.293, 100
Trd, 4319055.693, 110
Trd, 4319057.193, 105
Trd, 4319058.343, 87
Trd, 4319058.793, 97
Trd, 4319059.793, 98
Trd, 4319060.293, 94
Trd, 4319060.343, 108
Trd, 4319061.543, 93
Trd, 4319062.943, 85
Trd, 4319064.093, 108
Trd, 4319064.343, 116
Trd, 4319065.493, 96
Trd, 4319067.893, 95
Trd, 4319069.493, 94
Trd, 4319069.643, 105
Trd, 4319071.393, 99
Trd, 4319072.743, 99
Trd, 4319073.993, 105
Trd, 4319075.743, 98
Trd, 4319076.243, 101
Trd, 4319077.593, 98
Trd, 4319079.243, 96
Trd, 4319079.693, 95
Trd, 4319080.943, 94
Trd, 4319081.143, 101
Trd, 4319083.193, 87
Trd, 4319084.793, 95
Trd, 4319085.543, 104
Trd, 4319086.943, 115
Trd, 4319087.093, 95
Trd, 4319087.193, 95
Trd, 4319090.243, 94
Trd, 4319090.343, 94
Trd, 4319091.143, 94
Trd, 4319092.393, 96
Trd, 4319092.843, 84
Trd, 4319094.993, 95
Trd, 4319096.143, 95
Trd, 4319096.543, 96
Trd, 4319098.793, 94
Trd, 4319099.393, 93
Trd, 4319101.093, 95
Trd, 4319102.343, 96
Trd, 4319102.893, 95
Trd, 4319104.593, 94
Trd, 4319104.743, 104
Trd, 4319105.143, 93
Trd, 4319105.793, 113
Trd, 4319106.543, 85
Trd, 4319110.743, 92
Trd, 4319111.143, 93
Trd, 4319112.043, 103
Trd, 4319112.743, 104
Trd, 4319112.843, 84
Trd, 4319115.693, 97
Trd, 4319116.843, 91
Trd, 4319117.143, 117
Trd, 4319117.793, 92
Trd, 4319118.843, 97
Trd, 4319119.343, 100
Trd, 4319120.343, 105
Trd, 4319121.893, 96
Trd, 4319124.743, 96
Trd, 4319125.493, 90
Trd, 4319126.893, 106
Trd, 4319127.243, 93
Trd, 4319127.443, 94
Trd, 4319128.643, 109
Trd, 4319130.443, 118
Trd, 4319130.643, 102
Trd, 4319131.843, 100
Trd, 4319132.243, 86
Trd, 4319134.593, 99
Trd, 4319135.143, 102
Trd, 4319136.493, 85
Trd, 4319137.443, 100
Trd, 4319139.043, 96
Trd, 4319139.543, 95
Trd, 4319139.943, 105
Trd, 4319141.293, 118
Trd, 4319141.693, 98
Trd, 4319143.593, 105
Trd, 4319144.043, 102
Trd, 4319147.843, 106
Trd, 4319148.193, 101
Trd, 4319148.393, 113
Trd, 4319149.143, 101
Trd, 4319150.143, 100
Trd, 4319150.393, 89
Trd, 4319151.143, 97
Trd, 4319151.943, 84
Trd, 4319154.143, 100
Trd, 4319155.443, 95
Trd, 4319157.843, 95
Trd, 4319158.593, 100
Trd, 4319159.093, 104
Trd, 4319159.193, 97
Trd, 4319159.443, 122
Trd, 4319160.143, 92
Trd, 4319162.193, 93
Trd, 4319164.793, 100
Trd, 4319164.843, 105
Trd, 4319164.993, 97
Trd, 4319165.843, 98
Trd, 4319166.943, 97
Trd, 4319168.843, 97
Trd, 4319169.043, 104
Trd, 4319171.243, 104
Trd, 4319171.443, 115
Trd, 4319171.793, 97
Trd, 4319172.643, 96
Trd, 4319174.193, 110
Trd, 4319176.343, 96
Trd, 4319177.243, 94
Trd, 4319179.243, 105
Trd, 4319179.843, 95
Trd, 4319183.443, 96
Trd, 4319183.643, 100
Trd, 4319183.843, 104
Trd, 4319184.393, 96
Trd, 4319185.393, 85
Trd, 4319186.443, 92
Trd, 4319187.393, 104
Trd, 4319190.743, 96
Trd, 4319191.293, 100
Trd, 4319191.443, 115
Trd, 4319191.643, 101
Trd, 4319193.493, 87
Trd, 4319193.643, 71
Trd, 4319194.443, 102
Trd, 4319196.593, 97
Trd, 4319198.243, 96
Trd, 4319198.643, 103
Trd, 4319199.343, 95
Trd, 4319199.743, 115
Trd, 4319201.593, 110
Trd, 4319201.943, 95
Trd, 4319202.093, 94
Trd, 4319203.843, 87
Trd, 4319208.193, 95
Trd, 4319208.993, 94
Trd, 4319209.293, 100
Trd, 4319209.393, 85
Trd, 4319210.693, 95
Trd, 4319211.593, 104
Trd, 4319212.193, 93
Trd, 4319213.043, 94
Trd, 4319215.393, 95
Trd, 4319215.843, 104
Trd, 4319216.893, 88
Trd, 4319218.093, 97
Trd, 4319218.593, 98
Trd, 4319220.943, 103
Trd, 4319221.293, 101
Trd, 4319222.743, 105
Trd, 4319223.143, 85
Trd, 4319224.693, 99
Trd, 4319225.693, 71
Trd, 4319225.743, 88
Trd, 4319226.043, 105
Trd, 4319230.443, 96
Trd, 4319230.993, 96
Trd, 4319233.493, 95
Trd, 4319234.893, 99
Trd, 4319237.093, 94
Trd, 4319238.543, 116
Trd, 4319239.343, 106
Trd, 4319240.343, 101
Trd, 4319240.643, 84
Trd, 4319240.993, 109
Trd, 4319242.243, 84
Trd, 4319242.893, 85
Trd, 4319244.793, 89
Trd, 4319246.093, 91
Trd, 4319247.643, 95
Trd, 4319249.043, 94
Trd, 4319249.093, 108
Trd, 4319249.193, 85
Trd, 4319251.693, 106
Trd, 4319253.343, 91
Trd, 4319253.393, 85
Trd, 4319255.893, 97
Trd, 4319256.293, 106
Trd, 4319258.143, 93
Trd, 4319259.993, 94
Trd, 4319260.593, 96
Trd, 4319260.893, 94
Trd, 4319262.743, 94
Trd, 4319263.493, 99
Trd, 4319264.243, 106
Trd, 4319264.843, 94
Trd, 4319267.443, 96
Trd, 4319267.543, 94
Trd, 4319267.743, 115
Trd, 4319269.243, 94
Trd, 4319273.793, 98
Trd, 4319274.743, 98
Trd, 4319275.993, 101
Trd, 4319276.293, 96
Trd, 4319277.243, 84
Trd, 4319277.793, 72
Trd, 4319280.093, 101
Trd, 4319280.793, 93
Trd, 4319280.993, 104
Trd, 4319281.393, 98
Trd, 4319281.443, 93
Trd, 4319282.843, 104
Trd, 4319284.393, 103
Trd, 4319285.493, 76
Trd, 4319285.593, 92
Trd, 4319287.693, 97
Trd, 4319288.193, 113
Trd, 4319290.543, 87
Trd, 4319290.793, 83
Trd, 4319293.443, 90
Trd, 4319294.443, 89
Trd, 4319295.193, 97
Trd, 4319297.893, 96
Trd, 4319298.693, 91
Trd, 4319299.843, 86
Trd, 4319300.443, 96
Trd, 4319302.443, 103
Trd, 4319304.643, 88
Trd, 4319306.543, 95
Trd, 4319306.993, 88
Trd, 4319307.193, 85
Trd, 4319307.393, 104
Trd, 4319308.543, 116
Trd, 4319309.543, 95
Trd, 4319312.843, 95
Trd, 4319314.793, 88
Trd, 4319314.893, 96
Trd, 4319316.143, 85
Trd, 4319318.143, 95
Trd, 4319318.643, 93
Trd, 4319319.393, 95
Trd, 4319319.643, 92
Trd, 4319320.493, 96
Trd, 4319322.893, 93
Trd, 4319325.943, 95
Trd, 4319326.393, 97
Trd, 4319328.793, 106
Trd, 4319329.393, 98
Trd, 4319330.793, 101
Trd, 4319331.543, 96
Trd, 4319332.443, 95
Trd, 4319334.243, 112
Trd, 4319335.843, 102
Trd, 4319336.943, 85
Trd, 4319339.893, 107
Trd, 4319340.643, 122
Trd, 4319340.993, 100
Trd, 4319342.043, 89
Trd, 4319342.943, 87
Trd, 4319343.543, 89
Trd, 4319345.593, 87
Trd, 4319346.343, 85
Trd, 4319346.493, 86
Trd, 4319348.343, 95
Trd, 4319348.543, 104
Trd, 4319349.543, 90
Trd, 4319349.893, 89
Trd, 4319352.293, 93
Trd, 4319352.343, 117
Trd, 4319353.593, 92
Trd, 4319354.343, 97
Trd, 4319356.593, 93
Trd, 4319357.793, 97
Trd, 4319357.893, 95
Trd, 4319359.293, 94
Trd, 4319361.393, 94
Trd, 4319361.743, 104
Trd, 4319361.993, 84
Trd, 4319365.493, 97
Trd, 4319365.843, 93
Trd, 4319366.093, 85
Trd, 4319367.293, 100
Trd, 4319367.793, 115
Trd, 4319370.843, 93
Trd, 4319371.743, 103
Trd, 4319372.643, 93
Trd, 4319373.343, 93
Trd, 4319376.943, 102
Trd, 4319378.343, 92
Trd, 4319378.993, 100
Trd, 4319380.143, 91
Trd, 4319380.343, 105
Trd, 4319382.143, 102
Trd, 4319382.643, 98
Trd, 4319383.643, 100
Trd, 4319385.693, 105
Trd, 4319385.793, 99
Trd, 4319386.743, 103
Trd, 4319387.093, 98
Trd, 4319389.093, 99
Trd, 4319390.493, 98
Trd, 4319391.343, 103
Trd, 4319392.643, 105
Trd, 4319392.943, 98
Trd, 4319393.743, 98
Trd, 4319395.093, 92
Trd, 4319396.043, 114
Trd, 4319396.693, 97
Trd, 4319397.043, 125
Trd, 4319397.943, 110
Trd, 4319400.993, 99
Trd, 4319401.143, 110
Trd, 4319402.543, 98
Trd, 4319402.793, 113
Trd, 4319404.693, 103
Trd, 4319404.793, 85
Trd, 4319405.443, 100
Trd, 4319407.493, 104
Trd, 4319407.943, 102
Trd, 4319409.643, 101
Trd, 4319410.493, 113
Trd, 4319411.893, 98
Trd, 4319413.843, 103
Trd, 4319413.943, 113
Trd, 4319416.593, 102
Trd, 4319416.893, 101
Trd, 4319417.493, 130
Trd, 4319419.943, 121
Trd, 4319420.093, 120
Trd, 4319420.443, 110
Trd, 4319423.743, 111
Trd, 4319424.393, 110
Trd, 4319425.543, 101
Trd, 4319427.993, 107
Trd, 4319428.593, 114
Trd, 4319428.943, 108
Trd, 4319429.793, 108
Trd, 4319429.893, 84
Trd, 4319430.443, 113
Trd, 4319432.593, 105
Trd, 4319433.793, 102
Trd, 4319437.543, 101
Trd, 4319438.893, 102
Trd, 4319439.393, 103
Trd, 4319440.793, 101
Trd, 4319441.193, 101
Trd, 4319444.293, 104
Trd, 4319444.693, 101
Trd, 4319444.843, 100
Trd, 4319444.893, 104
Trd, 4319446.043, 104
Trd, 4319446.543, 99
Trd, 4319447.043, 106
Trd, 4319447.293, 85
Trd, 4319450.293, 100
Trd, 4319452.793, 89
Trd, 4319453.493, 97
Trd, 4319454.243, 96
Trd, 4319454.993, 107
Trd, 4319455.593, 116
Trd, 4319456.693, 113
Trd, 4319458.943, 102
Trd, 4319459.343, 98
Trd, 4319460.743, 100
Trd, 4319460.843, 106
Trd, 4319461.443, 105
Trd, 4319461.743, 85
Trd, 4319463.643, 99
Trd, 4319464.843, 98
Trd, 4319466.043, 79
Trd, 4319467.943, 101
Trd, 4319468.193, 95
Trd, 4319468.643, 106
Trd, 4319469.293, 95
Trd, 4319469.693, 114
Trd, 4319470.943, 106
Trd, 4319471.143, 110
Trd, 4319471.593, 100
Trd, 4319474.043, 99
Trd, 4319475.343, 101
Trd, 4319476.443, 86
Trd, 4319479.293, 97
Trd, 4319480.843, 96
Trd, 4319480.893, 96
Trd, 4319481.743, 85
Trd, 4319482.593, 83
Trd, 4319482.693, 72
Trd, 4319482.993, 98
Trd, 4319484.893, 87
Trd, 4319484.993, 104
Trd, 4319486.593, 94
Trd, 4319489.243, 98
Trd, 4319489.593, 99
Trd, 4319491.593, 99
Trd, 4319492.743, 104
Trd, 4319494.043, 103
Trd, 4319494.793, 99
Trd, 4319496.493, 99
Trd, 4319497.843, 100
Trd, 4319497.893, 100
Trd, 4319498.943, 99
Trd, 4319500.243, 87
Trd, 4319501.093, 96
Trd, 4319502.493, 95
Trd, 4319504.343, 94
Trd, 4319504.393, 97
Trd, 4319506.243, 97
Trd, 4319507.793, 95
Trd, 4319509.893, 97
Trd, 4319510.743, 94
Trd, 4319511.593, 94
Trd, 4319511.743, 93
Trd, 4319513.143, 93
Trd, 4319513.943, 92
Trd, 4319515.843, 96
Trd, 4319516.043, 85
Trd, 4319518.343, 92
Trd, 4319520.693, 99
Trd, 4319521.493, 113
Trd, 4319521.743, 99
Trd, 4319522.543, 105
Trd, 4319524.743, 104
Trd, 4319524.943, 98
Trd, 4319525.343, 99
Trd, 4319526.093, 84
Trd, 4319529.793, 96
Trd, 4319530.293, 95
Trd, 4319531.043, 99
Trd, 4319531.543, 114
Trd, 4319532.143, 94
Trd, 4319533.443, 84
Trd, 4319533.793, 108
Trd, 4319538.743, 103
Trd, 4319539.193, 101
Trd, 4319540.443, 100
Trd, 4319540.643, 105
Trd, 4319541.743, 99
Trd, 4319542.293, 103
Trd, 4319542.543, 83
Trd, 4319545.843, 110
Trd, 4319546.343, 102
Trd, 4319547.143, 102
Trd, 4319547.243, 99
Trd, 4319548.593, 88
Trd, 4319549.693, 96
Trd, 4319551.893, 101
Trd, 4319552.743, 100
Trd, 4319554.393, 92
Trd, 4319555.893, 104
Trd, 4319557.093, 116
Trd, 4319558.843, 102
Trd, 4319559.293, 101
Trd, 4319559.343, 108
Trd, 4319559.443, 83
Trd, 4319561.143, 98
Trd, 4319561.293, 109
Trd, 4319563.243, 74
Trd, 4319565.143, 105
Trd, 4319565.593, 93
Trd, 4319566.693, 95
Trd, 4319567.593, 105
Trd, 4319568.593, 95
Trd, 4319570.093, 106
Trd, 4319570.493, 101
Trd, 4319571.543, 98
Trd, 4319572.943, 86
Trd, 4319574.243, 95
Trd, 4319575.443, 98
Trd, 4319575.643, 97
Trd, 4319576.143, 97
Trd, 4319578.543, 106
Trd, 4319579.943, 99
Trd, 4319580.193, 122
Trd, 4319581.593, 98
Trd, 4319583.093, 107
Trd, 4319586.143, 102
Trd, 4319586.543, 108
Trd, 4319587.193, 109
Trd, 4319588.493, 101
Trd, 4319589.293, 100
Trd, 4319589.393, 109
Trd, 4319590.743, 84
Trd, 4319593.493, 106
Trd, 4319593.643, 100
Trd, 4319597.043, 100
Trd, 4319597.093, 106
Trd, 4319597.643, 99
Trd, 4319598.693, 98
Trd, 4319600.393, 106
Trd, 4319602.643, 106
Trd, 4319603.593, 99
Trd, 4319604.493, 98
Trd, 4319606.443, 97
Trd, 4319608.043, 102
Trd, 4319608.393, 96
Trd, 4319609.693, 104
Trd, 4319610.343, 86
Trd, 4319611.943, 92
Trd, 4319612.143, 106
Trd, 4319614.993, 97
Trd, 4319616.393, 106
Trd, 4319618.443, 96
Trd, 4319618.993, 98
Trd, 4319619.693, 96
Trd, 4319620.193, 95
Trd, 4319620.543, 95
Trd, 4319621.243, 85
Trd, 4319622.343, 98
Trd, 4319622.943, 93
Trd, 4319623.543, 93
Trd, 4319625.293, 96
Trd, 4319625.743, 105
Trd, 4319627.243, 92
Trd, 4319627.943, 90
Trd, 4319629.793, 91
Trd, 4319633.743, 93
Trd, 4319634.993, 90
Trd, 4319635.743, 101
Trd, 4319636.343, 89
Trd, 4319636.543, 100
Trd, 4319637.043, 94
Trd, 4319638.393, 85
Trd, 4319641.393, 94
Trd, 4319641.893, 100
Trd, 4319644.143, 102
Trd, 4319645.093, 110
Trd, 4319645.193, 102
Trd, 4319645.943, 105
Trd, 4319646.393, 95
Trd, 4319647.393, 106
Trd, 4319648.543, 106
Trd, 4319649.643, 104
Trd, 4319650.343, 116
Trd, 4319651.443, 102
Trd, 4319651.593, 101
Trd, 4319654.943, 104
Trd, 4319655.843, 104
Trd, 4319656.543, 107
Trd, 4319657.793, 116
Trd, 4319658.343, 102
Trd, 4319659.593, 101
Trd, 4319659.993, 90
Trd, 4319661.443, 98
Trd, 4319662.893, 110
Trd, 4319664.493, 116
Trd, 4319665.793, 103
Trd, 4319667.343, 84
Trd, 4319667.443, 107
Trd, 4319668.393, 88
Trd, 4319669.093, 94
Trd, 4319669.293, 118
Trd, 4319669.943, 88
Trd, 4319671.893, 98
Trd, 4319672.143, 115
Trd, 4319673.593, 69
Trd, 4319674.293, 86
Trd, 4319676.793, 100
Trd, 4319676.993, 92
Trd, 4319679.243, 96
Trd, 4319679.893, 92
Trd, 4319680.743, 113
Trd, 4319683.193, 97
Trd, 4319684.543, 110
Trd, 4319685.293, 71
Trd, 4319686.093, 91
Trd, 4319686.393, 108
Trd, 4319688.993, 91
Trd, 4319689.293, 92
Trd, 4319692.693, 107
Trd, 4319694.043, 102
Trd, 4319694.193, 96
Trd, 4319694.543, 93
Trd, 4319695.043, 98
Trd, 4319695.543, 111
Trd, 4319695.943, 95
Trd, 4319697.293, 111
Trd, 4319699.743, 102
Trd, 4319700.143, 99
Trd, 4319700.693, 101
Trd, 4319702.093, 100
Trd, 4319702.143, 106
Trd, 4319703.743, 115
Trd, 4319705.843, 101
Trd, 4319707.393, 109
Trd, 4319707.443, 103
Trd, 4319708.893, 102
Trd, 4319709.043, 85
Trd, 4319712.293, 103
Trd, 4319712.443, 108
Trd, 4319713.593, 100
Trd, 4319713.993, 90
Trd, 4319715.493, 96
Trd, 4319716.493, 85
Trd, 4319716.793, 108
Trd, 4319718.843, 97
Trd, 4319719.393, 97
Trd, 4319721.393, 96
Trd, 4319721.793, 95
Trd, 4319722.993, 104
Trd, 4319724.493, 92
Trd, 4319724.793, 102
Trd, 4319727.993, 95
Trd, 4319729.143, 95
Trd, 4319729.343, 100
Trd, 4319731.343, 94
Trd, 4319732.743, 100
Trd, 4319733.943, 93
Trd, 4319735.393, 92
Trd, 4319736.243, 96
Trd, 4319738.243, 91
Trd, 4319739.543, 96
Trd, 4319739.843, 96
Trd, 4319741.343, 91
Trd, 4319744.843, 96
Trd, 4319744.893, 94
Trd, 4319746.343, 93
Trd, 4319746.743, 106
Trd, 4319747.843, 92
Trd, 4319748.343, 122
Trd, 4319748.443, 91
Trd, 4319748.993, 136
Trd, 4319751.243, 87
Trd, 4319751.743, 85
Trd, 4319752.243, 98
Trd, 4319754.293, 93
Trd, 4319754.893, 91
Trd, 4319755.043, 96
Trd, 4319756.393, 95
Trd, 4319756.993, 95
Trd, 4319757.493, 111
Trd, 4319758.693, 84
Trd, 4319759.393, 114
Trd, 4319760.543, 99
Trd, 4319760.793, 95
Trd, 4319761.393, 96
Trd, 4319761.843, 114
Trd, 4319764.743, 96
Trd, 4319766.243, 97
Trd, 4319767.843, 102
Trd, 4319768.443, 96
Trd, 4319768.893, 107
Trd, 4319770.443, 85
Trd, 4319770.593, 88
Trd, 4319772.193, 95
Trd, 4319773.043, 93
Trd, 4319775.443, 97
Trd, 4319776.143, 106
Trd, 4319776.393, 93
Trd, 4319777.443, 120
Trd, 4319777.543, 93
Trd, 4319777.743, 71
Trd, 4319780.043, 87
Trd, 4319782.143, 91
Trd, 4319784.293, 90
Trd, 4319784.793, 96
Trd, 4319784.993, 105
Trd, 4319788.393, 92
Trd, 4319788.993, 92
Trd, 4319790.993, 94
Trd, 4319791.793, 106
Trd, 4319792.943, 99
Trd, 4319793.793, 96
Trd, 4319793.993, 103
Trd, 4319794.043, 92
Trd, 4319796.543, 94
Trd, 4319797.243, 94
Trd, 4319797.443, 106
Trd, 4319797.593, 92
Trd, 4319800.043, 97
Trd, 4319800.593, 91
Trd, 4319801.743, 100
Trd, 4319803.143, 94
Trd, 4319805.293, 100
Trd, 4319806.643, 90
Trd, 4319806.793, 85
Trd, 4319807.943, 106
Trd, 4319808.993, 92
Trd, 4319810.693, 95
Trd, 4319810.893, 94
Trd, 4319811.093, 105
Trd, 4319817.343, 101
Trd, 4319817.393, 114
Trd, 4319817.543, 101
Trd, 4319818.643, 108
Trd, 4319819.243, 101
Trd, 4319820.993, 102
Trd, 4319821.143, 115
Trd, 4319823.093, 111
Trd, 4319825.793, 112
Trd, 4319826.593, 103
Trd, 4319826.893, 102
Trd, 4319828.393, 87
Trd, 4319828.543, 111
Trd, 4319829.493, 98
Trd, 4319830.293, 97
Trd, 4319831.243, 94
Trd, 4319833.893, 95
Trd, 4319834.343, 102
Trd, 4319835.043, 93
Trd, 4319836.993, 93
Trd, 4319838.243, 104
Trd, 4319838.893, 106
Trd, 4319839.393, 93
Trd, 4319841.593, 92
Trd, 4319841.643, 85
Trd, 4319843.443, 89
Trd, 4319844.393, 103
Trd, 4319846.343, 100
Trd, 4319848.643, 106
Trd, 4319848.793, 97
Trd, 4319848.893, 97
Trd, 4319849.393, 87
Trd, 4319850.993, 96
Trd, 4319851.443, 94
Trd, 4319853.093, 116
Trd, 4319854.343, 93
Trd, 4319855.943, 92
Trd, 4319857.643, 91
Trd, 4319858.493, 99
Trd, 4319858.943, 85
Trd, 4319861.743, 105
Trd, 4319862.643, 95
Trd, 4319863.893, 103
Trd, 4319864.643, 98
Trd, 4319865.193, 94
Trd, 4319868.593, 104
Trd, 4319869.393, 104
Trd, 4319871.143, 96
Trd, 4319872.193, 117
Trd, 4319873.993, 95
Trd, 4319874.843, 95
Trd, 4319876.193, 95
Trd, 4319876.443, 104
Trd, 4319879.893, 105
Trd, 4319880.643, 97
Trd, 4319881.243, 97
Trd, 4319882.343, 104
Trd, 4319883.193, 104
Trd, 4319884.043, 114
Trd, 4319884.643, 96
Trd, 4319886.843, 96
Trd, 4319887.793, 101
Trd, 4319888.393, 87
Trd, 4319888.643, 85
Trd, 4319891.493, 94
Trd, 4319892.943, 99
Trd, 4319894.593, 93
Trd, 4319894.893, 108
Trd, 4319896.893, 114
Trd, 4319897.343, 92
Trd, 4319898.643, 91
Trd, 4319899.843, 110
Trd, 4319900.743, 98
Trd, 4319900.893, 94
Trd, 4319901.043, 111
Trd, 4319903.443, 99
Trd, 4319903.843, 98
Trd, 4319904.143, 85
Trd, 4319907.243, 111
Trd, 4319908.643, 95
Trd, 4319908.893, 96
Trd, 4319909.343, 95
Trd, 4319910.343, 87
Trd, 4319910.693, 71
Trd, 4319913.743, 97
Trd, 4319914.193, 87
Trd, 4319915.393, 85
Trd, 4319915.443, 95
Trd, 4319917.643, 105
Trd, 4319918.593, 93
Trd, 4319919.093, 93
Trd, 4319920.043, 93
Trd, 4319920.793, 92
Trd, 4319921.543, 100
Trd, 4319922.793, 94
Trd, 4319923.743, 105
Trd, 4319924.643, 94
Trd, 4319926.343, 110
Trd, 4319927.793, 102
Trd, 4319928.193, 115
Trd, 4319930.693, 101
Trd, 4319932.093, 100
Trd, 4319932.893, 100
Trd, 4319934.693, 109
Trd, 4319936.943, 103
Trd, 4319938.043, 104
Trd, 4319938.143, 102
Trd, 4319940.193, 103
Trd, 4319942.093, 101
Trd, 4319942.393, 90
Trd, 4319944.093, 113
Trd, 4319944.493, 99
Trd, 4319944.943, 106
Trd, 4319946.543, 109
Trd, 4319947.993, 101
Trd, 4319949.643, 106
Trd, 4319950.193, 103
Trd, 4319950.893, 101
Trd, 4319951.043, 88
Trd, 4319953.143, 97
Trd, 4319953.443, 108
Trd, 4319956.493, 87
Trd, 4319957.643, 93
Trd, 4319957.893, 100
Trd, 4319958.343, 93
Trd, 4319960.043, 85
Trd, 4319960.793, 71
Trd, 4319960.943, 106
Trd, 4319962.143, 94
Trd, 4319962.593, 95
Trd, 4319963.443, 90
Trd, 4319964.743, 104
Trd, 4319964.793, 94
Trd, 4319966.943, 98
Trd, 4319970.243, 105
Trd, 4319970.743, 104
Trd, 4319971.043, 85
Trd, 4319972.043, 101
Trd, 4319972.643, 105
Trd, 4319974.493, 100
Trd, 4319975.143, 101
Trd, 4319975.293, 98
Trd, 4319975.443, 86
Trd, 4319979.043, 91
Trd, 4319979.893, 95
Trd, 4319980.793, 97
Trd, 4319983.293, 96
Trd, 4319984.043, 113
Trd, 4319985.293, 95
Trd, 4319985.693, 104
Trd, 4319985.993, 87
Trd, 4319986.443, 85
Trd, 4319988.193, 100
Trd, 4319988.293, 110
Trd, 4319991.993, 104
Trd, 4319992.643, 108
Trd, 4319992.793, 106
Trd, 4319993.043, 90
Trd, 4319993.593, 93
Trd, 4319996.043, 100
Trd, 4319996.943, 84
Trd, 4319997.993, 84
Trd, 4319998.393, 107
