Trd, 4317857.593, 92
Trd, 4317858.993, 92
Trd, 4317860.543, 92
Trd, 4317861.593, 90
Trd, 4317861.943, 91
Trd, 4317862.943, 91
Trd, 4317864.643, 93
Trd, 4317865.593, 93
Trd, 4317867.293, 95
Trd, 4317867.693, 93
Trd, 4317869.043, 93
Trd, 4317870.993, 94
Trd, 4317872.893, 95
Trd, 4317874.443, 93
Trd, 4317877.493, 93
Trd, 4317878.443, 93
Trd, 4317879.093, 93
Trd, 4317880.643, 92
Trd, 4317882.893, 93
Trd, 4317884.343, 94
Trd, 4317884.543, 94
Trd, 4317885.243, 94
Trd, 4317888.143, 94
Trd, 4317889.693, 93
Trd, 4317891.043, 95
Trd, 4317892.343, 94
Trd, 4317893.043, 94
Trd, 4317893.643, 95
Trd, 4317895.843, 95
Trd, 4317897.043, 95
Trd, 4317898.193, 95
Trd, 4317898.793, 94
Trd, 4317901.593, 93
Trd, 4317902.593, 94
Trd, 4317903.243, 92
Trd, 4317905.793, 93
Trd, 4317906.193, 92
Trd, 4317907.843, 92
Trd, 4317910.143, 92
Trd, 4317911.193, 93
Trd, 4317912.843, 93
Trd, 4317914.093, 91
Trd, 4317914.943, 92
Trd, 4317919.093, 92
Trd, 4317919.793, 92
Trd, 4317919.993, 91
Trd, 4317921.143, 91
Trd, 4317922.043, 90
Trd, 4317922.243, 92
Trd, 4317924.893, 94
Trd, 4317926.693, 95
Trd, 4317929.243, 98
Trd, 4317929.543, 97
Trd, 4317931.443, 99
Trd, 4317931.493, 97
Trd, 4317933.543, 96
Trd, 4317934.293, 97
Trd, 4317934.443, 96
Trd, 4317937.643, 96
Trd, 4317940.593, 97
Trd, 4317940.893, 97
Trd, 4317941.143, 106
Trd, 4317941.343, 108
Trd, 4317943.193, 104
Trd, 4317943.693, 102
Trd, 4317945.893, 100
Trd, 4317947.143, 99
Trd, 4317947.893, 98
Trd, 4317950.593, 99
Trd, 4317951.643, 99
Trd, 4317953.393, 98
Trd, 4317953.493, 99
Trd, 4317954.943, 99
Trd, 4317957.443, 97
Trd, 4317958.143, 96
Trd, 4317960.693, 96
Trd, 4317961.343, 96
Trd, 4317961.893, 95
Trd, 4317963.293, 96
Trd, 4317964.443, 96
Trd, 4317966.193, 96
Trd, 4317967.243, 97
Trd, 4317968.743, 96
Trd, 4317970.243, 96
Trd, 4317970.743, 95
Trd, 4317973.843, 94
Trd, 4317974.393, 94
Trd, 4317974.443, 95
Trd, 4317975.143, 95
Trd, 4317977.093, 95
Trd, 4317978.893, 94
Trd, 4317981.043, 93
Trd, 4317981.843, 93
Trd, 4317982.643, 93
Trd, 4317983.443, 92
Trd, 4317984.643, 93
Trd, 4317986.243, 93
Trd, 4317988.393, 93
Trd, 4317990.993, 92
Trd, 4317991.543, 94
Trd, 4317993.993, 93
Trd, 4317996.293, 93
Trd, 4317998.393, 93
Trd, 4318000.143, 92
Trd, 4318000.243, 93
Trd, 4318001.593, 94
Trd, 4318002.693, 93
Trd, 4318004.193, 92
Trd, 4318006.343, 95
Trd, 4318007.793, 98
Trd, 4318009.093, 95
Trd, 4318009.993, 96
Trd, 4318011.093, 96
Trd, 4318014.293, 104
Trd, 4318014.493, 104
Trd, 4318015.343, 103
Trd, 4318016.093, 103
Trd, 4318017.293, 101
Trd, 4318020.193, 104
Trd, 4318021.093, 104
Trd, 4318021.193, 101
Trd, 4318021.793, 101
Trd, 4318023.793, 100
Trd, 4318025.293, 96
Trd, 4318026.443, 95
Trd, 4318026.743, 95
Trd, 4318028.393, 94
Trd, 4318029.893, 94
Trd, 4318030.593, 95
Trd, 4318030.743, 95
Trd, 4318031.493, 95
Trd, 4318033.343, 95
Trd, 4318034.043, 96
Trd, 4318036.943, 99
Trd, 4318037.193, 97
Trd, 4318038.693, 96
Trd, 4318040.243, 97
Trd, 4318041.843, 97
Trd, 4318041.943, 97
Trd, 4318043.143, 97
Trd, 4318044.743, 96
Trd, 4318045.693, 98
Trd, 4318046.993, 97
Trd, 4318048.193, 98
Trd, 4318049.443, 96
Trd, 4318050.193, 95
Trd, 4318051.093, 95
Trd, 4318052.843, 95
Trd, 4318053.493, 95
Trd, 4318053.993, 94
Trd, 4318055.543, 94
Trd, 4318055.893, 93
Trd, 4318058.293, 94
Trd, 4318058.643, 93
Trd, 4318059.843, 94
Trd, 4318061.043, 93
Trd, 4318062.443, 95
Trd, 4318062.893, 94
Trd, 4318064.193, 94
Trd, 4318065.093, 94
Trd, 4318066.293, 103
Trd, 4318067.993, 96
Trd, 4318069.343, 95
Trd, 4318070.493, 94
Trd, 4318070.793, 94
Trd, 4318073.143, 95
Trd, 4318073.493, 95
Trd, 4318074.393, 95
Trd, 4318075.593, 95
Trd, 4318077.743, 95
Trd, 4318078.593, 94
Trd, 4318078.993, 95
Trd, 4318081.093, 94
Trd, 4318083.943, 94
Trd, 4318085.793, 93
Trd, 4318087.643, 94
Trd, 4318088.743, 93
Trd, 4318090.393, 92
Trd, 4318090.443, 93
Trd, 4318092.543, 92
Trd, 4318093.693, 93
Trd, 4318096.343, 93
Trd, 4318097.093, 93
Trd, 4318099.993, 101
Trd, 4318100.443, 99
Trd, 4318101.643, 98
Trd, 4318101.993, 97
Trd, 4318103.593, 96
Trd, 4318103.893, 95
Trd, 4318104.843, 95
Trd, 4318107.093, 95
Trd, 4318108.343, 96
Trd, 4318108.793, 96
Trd, 4318112.293, 104
Trd, 4318112.693, 103
Trd, 4318113.043, 107
Trd, 4318114.543, 104
Trd, 4318115.893, 105
Trd, 4318115.993, 103
Trd, 4318117.443, 105
Trd, 4318118.943, 104
Trd, 4318119.843, 104
Trd, 4318120.293, 103
Trd, 4318121.543, 106
Trd, 4318125.293, 104
Trd, 4318125.793, 103
Trd, 4318126.943, 101
Trd, 4318127.593, 102
Trd, 4318130.943, 101
Trd, 4318132.943, 101
Trd, 4318133.393, 102
Trd, 4318134.443, 103
Trd, 4318134.743, 102
Trd, 4318138.593, 103
Trd, 4318140.593, 101
Trd, 4318140.793, 101
Trd, 4318140.893, 102
Trd, 4318143.993, 102
Trd, 4318146.543, 101
Trd, 4318148.943, 101
Trd, 4318149.393, 100
Trd, 4318151.493, 101
Trd, 4318151.793, 101
Trd, 4318152.493, 99
Trd, 4318154.043, 96
Trd, 4318154.793, 97
Trd, 4318155.393, 96
Trd, 4318156.543, 97
Trd, 4318157.593, 99
Trd, 4318158.293, 99
Trd, 4318158.693, 98
Trd, 4318161.593, 103
Trd, 4318162.443, 100
Trd, 4318163.793, 99
Trd, 4318166.243, 99
Trd, 4318167.893, 98
Trd, 4318168.843, 99
Trd, 4318168.993, 99
Trd, 4318169.943, 98
Trd, 4318172.793, 98
Trd, 4318173.043, 98
Trd, 4318174.793, 98
Trd, 4318175.593, 98
Trd, 4318177.693, 96
Trd, 4318178.743, 97
Trd, 4318179.893, 98
Trd, 4318182.393, 96
Trd, 4318183.093, 97
Trd, 4318183.843, 98
Trd, 4318185.293, 97
Trd, 4318186.643, 98
Trd, 4318187.943, 96
Trd, 4318190.143, 96
Trd, 4318194.243, 97
Trd, 4318194.793, 98
Trd, 4318195.593, 96
Trd, 4318196.693, 96
Trd, 4318197.343, 95
Trd, 4318198.693, 96
Trd, 4318199.293, 95
Trd, 4318200.093, 93
Trd, 4318202.143, 92
Trd, 4318202.493, 93
Trd, 4318203.493, 93
Trd, 4318204.643, 94
Trd, 4318204.893, 95
Trd, 4318207.593, 95
Trd, 4318208.543, 95
Trd, 4318209.093, 94
Trd, 4318209.143, 94
Trd, 4318212.393, 93
Trd, 4318212.643, 94
Trd, 4318214.693, 95
Trd, 4318216.093, 95
Trd, 4318217.843, 96
Trd, 4318218.343, 95
Trd, 4318219.593, 95
Trd, 4318220.343, 96
Trd, 4318222.893, 94
Trd, 4318223.243, 95
Trd, 4318224.493, 94
Trd, 4318225.093, 95
Trd, 4318226.443, 93
Trd, 4318226.893, 93
Trd, 4318228.543, 94
Trd, 4318228.943, 93
Trd, 4318230.443, 97
Trd, 4318233.143, 100
Trd, 4318234.643, 99
Trd, 4318234.943, 98
Trd, 4318236.193, 97
Trd, 4318237.843, 96
Trd, 4318240.193, 96
Trd, 4318240.443, 96
Trd, 4318241.893, 95
Trd, 4318241.943, 95
Trd, 4318242.343, 95
Trd, 4318242.693, 98
Trd, 4318244.143, 99
Trd, 4318245.843, 99
Trd, 4318250.093, 98
Trd, 4318250.643, 98
Trd, 4318251.493, 98
Trd, 4318252.143, 107
Trd, 4318253.743, 101
Trd, 4318255.493, 101
Trd, 4318256.243, 101
Trd, 4318257.093, 100
Trd, 4318260.443, 100
Trd, 4318260.543, 99
Trd, 4318263.293, 98
Trd, 4318265.293, 97
Trd, 4318266.143, 96
Trd, 4318266.743, 96
Trd, 4318268.293, 96
Trd, 4318269.043, 95
Trd, 4318270.293, 96
Trd, 4318273.593, 95
Trd, 4318275.143, 95
Trd, 4318275.893, 95
Trd, 4318276.543, 95
Trd, 4318279.743, 94
Trd, 4318280.293, 95
Trd, 4318281.943, 94
Trd, 4318284.043, 93
Trd, 4318285.143, 93
Trd, 4318286.143, 92
Trd, 4318288.043, 110
Trd, 4318289.443, 107
Trd, 4318292.443, 96
Trd, 4318292.843, 96
Trd, 4318293.593, 97
Trd, 4318295.043, 96
Trd, 4318297.393, 97
Trd, 4318300.543, 95
Trd, 4318301.193, 95
Trd, 4318304.993, 95
Trd, 4318305.643, 94
Trd, 4318306.193, 95
Trd, 4318309.293, 93
Trd, 4318309.693, 94
Trd, 4318310.293, 95
Trd, 4318311.893, 101
Trd, 4318313.093, 99
Trd, 4318313.793, 98
Trd, 4318315.093, 99
Trd, 4318315.693, 98
Trd, 4318318.243, 97
Trd, 4318319.893, 99
Trd, 4318320.243, 97
Trd, 4318321.143, 97
Trd, 4318323.943, 96
Trd, 4318324.293, 96
Trd, 4318326.143, 96
Trd, 4318327.693, 96
Trd, 4318328.343, 95
Trd, 4318328.643, 95
Trd, 4318331.093, 96
Trd, 4318331.293, 95
Trd, 4318331.543, 96
Trd, 4318334.793, 96
Trd, 4318336.443, 95
Trd, 4318336.543, 94
Trd, 4318339.493, 93
Trd, 4318340.043, 94
Trd, 4318341.643, 94
Trd, 4318345.343, 95
Trd, 4318346.493, 95
Trd, 4318347.443, 94
Trd, 4318348.193, 94
Trd, 4318352.643, 94
Trd, 4318352.793, 95
Trd, 4318354.243, 94
Trd, 4318354.343, 95
Trd, 4318355.793, 95
Trd, 4318356.243, 95
Trd, 4318358.043, 94
Trd, 4318359.493, 95
Trd, 4318359.543, 95
Trd, 4318360.593, 95
Trd, 4318361.643, 95
Trd, 4318363.093, 98
Trd, 4318363.443, 99
Trd, 4318366.643, 95
Trd, 4318366.793, 97
Trd, 4318367.943, 97
Trd, 4318371.243, 98
Trd, 4318371.993, 96
Trd, 4318373.343, 97
Trd, 4318374.493, 96
Trd, 4318377.043, 97
Trd, 4318377.393, 96
Trd, 4318379.693, 95
Trd, 4318380.243, 94
Trd, 4318381.093, 94
Trd, 4318382.893, 93
Trd, 4318383.893, 94
Trd, 4318385.343, 94
Trd, 4318387.543, 93
Trd, 4318389.443, 95
Trd, 4318389.793, 94
Trd, 4318389.943, 94
Trd, 4318391.793, 95
Trd, 4318393.493, 97
Trd, 4318397.193, 101
Trd, 4318397.743, 98
Trd, 4318398.143, 97
Trd, 4318400.343, 96
Trd, 4318401.693, 97
Trd, 4318403.643, 99
Trd, 4318404.343, 98
Trd, 4318406.643, 97
Trd, 4318408.193, 97
Trd, 4318408.793, 97
Trd, 4318410.743, 96
Trd, 4318411.993, 96
Trd, 4318412.343, 96
Trd, 4318413.693, 94
Trd, 4318416.643, 94
Trd, 4318416.993, 96
Trd, 4318418.243, 96
Trd, 4318419.393, 95
Trd, 4318420.093, 95
Trd, 4318422.043, 94
Trd, 4318422.993, 95
Trd, 4318424.843, 95
Trd, 4318425.743, 95
Trd, 4318427.193, 94
Trd, 4318427.893, 95
Trd, 4318428.393, 95
Trd, 4318429.193, 95
Trd, 4318430.393, 96
Trd, 4318432.543, 94
Trd, 4318433.143, 95
Trd, 4318433.793, 95
Trd, 4318434.843, 95
Trd, 4318438.793, 94
Trd, 4318439.193, 95
Trd, 4318442.393, 95
Trd, 4318443.893, 94
Trd, 4318445.293, 93
Trd, 4318445.793, 94
Trd, 4318447.343, 93
Trd, 4318447.693, 93
Trd, 4318450.993, 93
Trd, 4318451.543, 95
Trd, 4318454.393, 99
Trd, 4318455.893, 100
Trd, 4318456.543, 100
Trd, 4318457.543, 96
Trd, 4318459.243, 96
Trd, 4318459.943, 95
Trd, 4318461.843, 96
Trd, 4318462.643, 95
Trd, 4318463.843, 96
Trd, 4318464.743, 94
Trd, 4318465.493, 95
Trd, 4318466.493, 93
Trd, 4318467.043, 93
Trd, 4318469.393, 93
Trd, 4318471.743, 92
Trd, 4318472.443, 93
Trd, 4318473.643, 95
Trd, 4318475.543, 93
Trd, 4318476.093, 92
Trd, 4318479.743, 101
Trd, 4318479.893, 100
Trd, 4318480.193, 99
Trd, 4318482.493, 101
Trd, 4318484.493, 100
Trd, 4318485.593, 99
Trd, 4318485.943, 99
Trd, 4318486.893, 98
Trd, 4318489.393, 96
Trd, 4318490.043, 97
Trd, 4318491.643, 98
Trd, 4318492.443, 97
Trd, 4318494.543, 98
Trd, 4318495.193, 97
Trd, 4318498.443, 97
Trd, 4318500.043, 97
Trd, 4318500.293, 97
Trd, 4318501.893, 97
Trd, 4318502.093, 98
Trd, 4318503.393, 96
Trd, 4318504.243, 95
Trd, 4318505.793, 94
Trd, 4318506.893, 93
Trd, 4318508.693, 92
Trd, 4318509.593, 90
Trd, 4318510.093, 95
Trd, 4318510.893, 92
Trd, 4318512.493, 101
Trd, 4318513.943, 94
Trd, 4318514.943, 96
Trd, 4318515.343, 94
Trd, 4318517.093, 94
Trd, 4318518.993, 94
Trd, 4318519.343, 104
Trd, 4318520.593, 95
Trd, 4318521.693, 92
Trd, 4318522.393, 92
Trd, 4318522.893, 92
Trd, 4318524.393, 94
Trd, 4318524.693, 93
Trd, 4318524.993, 95
Trd, 4318527.293, 93
Trd, 4318529.443, 94
Trd, 4318529.793, 94
Trd, 4318529.843, 95
Trd, 4318532.043, 95
Trd, 4318534.593, 95
Trd, 4318535.343, 95
Trd, 4318537.043, 94
Trd, 4318538.043, 93
Trd, 4318539.293, 92
Trd, 4318540.243, 89
Trd, 4318541.043, 89
Trd, 4318541.993, 87
Trd, 4318542.893, 88
Trd, 4318543.443, 88
Trd, 4318543.993, 88
Trd, 4318547.943, 88
Trd, 4318548.093, 89
Trd, 4318548.343, 88
Trd, 4318550.043, 88
Trd, 4318550.393, 87
Trd, 4318551.743, 89
Trd, 4318555.843, 90
Trd, 4318556.493, 89
Trd, 4318556.593, 90
Trd, 4318559.943, 89
Trd, 4318561.743, 90
Trd, 4318562.493, 90
Trd, 4318563.493, 94
Trd, 4318565.843, 91
Trd, 4318566.443, 91
Trd, 4318570.093, 103
Trd, 4318571.093, 100
Trd, 4318572.493, 100
Trd, 4318573.343, 98
Trd, 4318575.243, 98
Trd, 4318575.293, 99
Trd, 4318577.793, 96
Trd, 4318578.343, 97
Trd, 4318581.693, 96
Trd, 4318582.943, 96
Trd, 4318583.943, 97
Trd, 4318584.493, 98
Trd, 4318586.193, 96
Trd, 4318587.793, 95
Trd, 4318588.343, 96
Trd, 4318592.293, 97
Trd, 4318593.643, 106
Trd, 4318594.043, 101
Trd, 4318594.243, 100
Trd, 4318595.993, 99
Trd, 4318598.043, 99
Trd, 4318598.443, 98
Trd, 4318600.043, 99
Trd, 4318601.243, 98
Trd, 4318601.793, 98
Trd, 4318603.093, 98
Trd, 4318604.243, 96
Trd, 4318607.343, 88
Trd, 4318607.943, 88
Trd, 4318608.143, 89
Trd, 4318609.543, 87
Trd, 4318609.893, 89
Trd, 4318611.193, 88
Trd, 4318614.393, 91
Trd, 4318614.843, 88
Trd, 4318615.943, 93
Trd, 4318618.093, 97
Trd, 4318618.293, 97
Trd, 4318621.743, 98
Trd, 4318622.493, 101
Trd, 4318623.493, 97
Trd, 4318623.993, 96
Trd, 4318625.593, 96
Trd, 4318628.343, 96
Trd, 4318630.143, 96
Trd, 4318630.293, 95
Trd, 4318631.843, 96
Trd, 4318633.493, 95
Trd, 4318633.593, 94
Trd, 4318634.643, 96
Trd, 4318635.593, 106
Trd, 4318636.643, 107
Trd, 4318637.343, 104
Trd, 4318637.743, 101
Trd, 4318640.093, 99
Trd, 4318642.693, 94
Trd, 4318643.493, 96
Trd, 4318645.693, 93
Trd, 4318646.793, 92
Trd, 4318647.943, 91
Trd, 4318649.043, 104
Trd, 4318649.793, 93
Trd, 4318651.543, 93
Trd, 4318653.843, 95
Trd, 4318655.643, 98
Trd, 4318655.743, 95
Trd, 4318657.543, 100
Trd, 4318659.693, 98
Trd, 4318661.593, 98
Trd, 4318663.543, 97
Trd, 4318664.343, 97
Trd, 4318664.593, 96
Trd, 4318665.543, 96
Trd, 4318667.343, 97
Trd, 4318667.543, 96
Trd, 4318668.193, 96
Trd, 4318670.593, 97
Trd, 4318672.193, 95
Trd, 4318672.493, 94
Trd, 4318676.243, 94
Trd, 4318678.343, 94
Trd, 4318678.493, 95
Trd, 4318680.243, 93
Trd, 4318682.493, 94
Trd, 4318685.693, 92
Trd, 4318686.493, 92
Trd, 4318687.493, 92
Trd, 4318690.943, 93
Trd, 4318691.693, 93
Trd, 4318694.043, 93
Trd, 4318695.193, 92
Trd, 4318698.843, 91
Trd, 4318699.493, 91
Trd, 4318700.243, 95
Trd, 4318702.243, 94
Trd, 4318704.643, 99
Trd, 4318705.343, 97
Trd, 4318705.643, 96
Trd, 4318707.493, 98
Trd, 4318708.593, 102
Trd, 4318709.843, 96
Trd, 4318710.043, 96
Trd, 4318712.793, 97
Trd, 4318715.343, 96
Trd, 4318715.793, 96
Trd, 4318716.093, 95
Trd, 4318718.943, 95
Trd, 4318719.643, 95
Trd, 4318720.643, 95
Trd, 4318721.793, 94
Trd, 4318725.143, 95
Trd, 4318726.443, 95
Trd, 4318727.793, 95
Trd, 4318729.143, 95
Trd, 4318730.043, 95
Trd, 4318731.843, 94
Trd, 4318731.993, 94
Trd, 4318732.793, 95
Trd, 4318733.293, 99
Trd, 4318734.843, 97
Trd, 4318736.593, 97
Trd, 4318737.393, 96
Trd, 4318737.943, 96
Trd, 4318740.843, 96
Trd, 4318741.443, 96
Trd, 4318741.793, 97
Trd, 4318743.393, 97
Trd, 4318745.043, 97
Trd, 4318745.693, 96
Trd, 4318747.093, 97
Trd, 4318747.843, 96
Trd, 4318748.493, 95
Trd, 4318749.443, 94
Trd, 4318750.493, 93
Trd, 4318754.293, 94
Trd, 4318755.393, 93
Trd, 4318758.093, 95
Trd, 4318758.993, 94
Trd, 4318760.643, 95
Trd, 4318762.443, 101
Trd, 4318762.993, 95
Trd, 4318766.143, 95
Trd, 4318766.243, 94
Trd, 4318766.293, 95
Trd, 4318767.043, 95
Trd, 4318767.693, 95
Trd, 4318770.193, 92
Trd, 4318770.893, 95
Trd, 4318771.543, 93
Trd, 4318771.993, 94
Trd, 4318775.443, 93
Trd, 4318777.943, 93
Trd, 4318779.243, 93
Trd, 4318779.843, 92
Trd, 4318780.393, 93
Trd, 4318780.893, 95
Trd, 4318781.943, 94
Trd, 4318783.643, 94
Trd, 4318784.593, 93
Trd, 4318784.893, 93
Trd, 4318785.793, 92
Trd, 4318789.193, 92
Trd, 4318792.243, 94
Trd, 4318793.093, 92
Trd, 4318794.043, 91
Trd, 4318795.643, 94
Trd, 4318795.993, 94
Trd, 4318798.393, 93
Trd, 4318798.443, 94
Trd, 4318799.393, 93
Trd, 4318801.743, 92
Trd, 4318803.743, 93
Trd, 4318805.343, 93
Trd, 4318806.043, 92
Trd, 4318807.543, 92
Trd, 4318807.943, 92
Trd, 4318810.843, 91
Trd, 4318811.193, 91
Trd, 4318812.193, 92
Trd, 4318814.493, 92
Trd, 4318815.693, 91
Trd, 4318818.043, 91
Trd, 4318818.743, 92
Trd, 4318819.593, 90
Trd, 4318822.293, 91
Trd, 4318822.943, 90
Trd, 4318823.343, 90
Trd, 4318825.593, 89
Trd, 4318826.393, 90
Trd, 4318828.243, 92
Trd, 4318829.743, 91
Trd, 4318829.893, 90
Trd, 4318831.093, 90
Trd, 4318832.843, 89
Trd, 4318835.193, 89
Trd, 4318835.243, 88
Trd, 4318836.593, 88
Trd, 4318837.093, 89
Trd, 4318838.343, 89
Trd, 4318841.493, 92
Trd, 4318841.993, 91
Trd, 4318842.843, 94
Trd, 4318844.643, 92
Trd, 4318844.893, 91
Trd, 4318846.893, 90
Trd, 4318847.293, 95
Trd, 4318850.493, 94
Trd, 4318850.743, 93
Trd, 4318853.493, 94
Trd, 4318853.993, 95
Trd, 4318856.293, 93
Trd, 4318859.293, 92
Trd, 4318860.143, 93
Trd, 4318860.693, 92
Trd, 4318861.293, 92
Trd, 4318864.043, 93
Trd, 4318864.693, 94
Trd, 4318866.193, 94
Trd, 4318866.893, 94
Trd, 4318869.093, 93
Trd, 4318871.443, 94
Trd, 4318874.393, 94
Trd, 4318874.843, 94
Trd, 4318875.643, 94
Trd, 4318876.343, 93
Trd, 4318878.293, 92
Trd, 4318878.593, 91
Trd, 4318879.593, 91
Trd, 4318881.993, 93
Trd, 4318883.193, 93
Trd, 4318883.343, 93
Trd, 4318883.843, 92
Trd, 4318886.043, 93
Trd, 4318886.893, 94
Trd, 4318887.643, 95
Trd, 4318888.743, 94
Trd, 4318889.943, 95
Trd, 4318890.393, 94
Trd, 4318893.043, 97
Trd, 4318893.093, 113
Trd, 4318896.693, 99
Trd, 4318897.193, 98
Trd, 4318898.693, 99
Trd, 4318898.793, 98
Trd, 4318899.243, 98
Trd, 4318902.543, 96
Trd, 4318903.193, 94
Trd, 4318903.443, 95
Trd, 4318904.793, 95
Trd, 4318907.043, 95
Trd, 4318907.793, 97
Trd, 4318911.443, 101
Trd, 4318912.793, 101
Trd, 4318914.343, 95
Trd, 4318914.593, 96
Trd, 4318915.943, 96
Trd, 4318916.093, 95
Trd, 4318919.493, 96
Trd, 4318919.643, 96
Trd, 4318920.743, 96
Trd, 4318921.443, 95
Trd, 4318923.143, 95
Trd, 4318925.343, 96
Trd, 4318925.943, 96
Trd, 4318927.843, 100
Trd, 4318928.693, 95
Trd, 4318929.043, 96
Trd, 4318930.143, 97
Trd, 4318931.043, 97
Trd, 4318932.343, 96
Trd, 4318933.993, 107
Trd, 4318934.293, 98
Trd, 4318934.893, 102
Trd, 4318935.693, 100
Trd, 4318937.293, 99
Trd, 4318937.643, 99
Trd, 4318941.043, 100
Trd, 4318943.243, 95
Trd, 4318943.393, 94
Trd, 4318943.493, 96
Trd, 4318944.343, 97
Trd, 4318946.993, 97
Trd, 4318949.693, 104
Trd, 4318950.643, 102
Trd, 4318951.093, 102
Trd, 4318952.693, 100
Trd, 4318953.993, 100
Trd, 4318954.743, 100
Trd, 4318957.143, 100
Trd, 4318957.693, 104
Trd, 4318960.043, 100
Trd, 4318961.243, 100
Trd, 4318964.043, 101
Trd, 4318965.793, 99
Trd, 4318966.993, 97
Trd, 4318967.143, 98
Trd, 4318970.043, 95
Trd, 4318970.293, 95
Trd, 4318971.343, 93
Trd, 4318972.043, 92
Trd, 4318973.193, 93
Trd, 4318973.993, 92
Trd, 4318974.493, 91
Trd, 4318978.543, 94
Trd, 4318978.643, 95
Trd, 4318979.293, 94
Trd, 4318981.493, 92
Trd, 4318982.493, 93
Trd, 4318983.493, 94
Trd, 4318986.143, 94
Trd, 4318986.693, 93
Trd, 4318987.493, 93
Trd, 4318988.643, 95
Trd, 4318989.443, 95
Trd, 4318992.343, 103
Trd, 4318995.343, 104
Trd, 4318996.243, 104
Trd, 4318997.043, 103
Trd, 4318999.693, 100
Trd, 4319000.343, 99
Trd, 4319001.293, 97
Trd, 4319002.893, 96
Trd, 4319005.893, 97
Trd, 4319006.293, 96
Trd, 4319008.693, 96
Trd, 4319009.843, 97
Trd, 4319011.693, 100
Trd, 4319012.593, 99
Trd, 4319014.643, 99
Trd, 4319014.693, 99
Trd, 4319016.643, 96
Trd, 4319017.893, 95
Trd, 4319018.543, 94
Trd, 4319020.843, 95
Trd, 4319021.043, 96
Trd, 4319024.493, 95
Trd, 4319025.093, 95
Trd, 4319025.143, 95
Trd, 4319027.993, 95
Trd, 4319029.343, 97
Trd, 4319030.293, 94
Trd, 4319031.493, 93
Trd, 4319034.643, 90
Trd, 4319034.793, 89
Trd, 4319035.743, 90
Trd, 4319037.393, 96
Trd, 4319038.243, 92
Trd, 4319040.293, 96
Trd, 4319040.943, 100
Trd, 4319042.093, 96
Trd, 4319042.543, 96
Trd, 4319044.293, 95
Trd, 4319048.043, 103
Trd, 4319048.843, 104
Trd, 4319049.943, 105
Trd, 4319050.393, 102
Trd, 4319052.093, 96
Trd, 4319052.293, 97
Trd, 4319053.543, 97
Trd, 4319055.193, 104
Trd, 4319056.193, 99
Trd, 4319057.843, 96
Trd, 4319058.443, 96
Trd, 4319058.743, 98
Trd, 4319061.493, 95
Trd, 4319062.793, 96
Trd, 4319063.443, 95
Trd, 4319063.793, 96
Trd, 4319065.643, 95
Trd, 4319066.643, 96
Trd, 4319068.093, 95
Trd, 4319068.393, 94
Trd, 4319071.093, 94
Trd, 4319072.043, 95
Trd, 4319072.093, 95
Trd, 4319073.093, 102
Trd, 4319074.543, 99
Trd, 4319074.843, 104
Trd, 4319077.593, 99
Trd, 4319078.443, 97
Trd, 4319081.893, 97
Trd, 4319082.843, 96
Trd, 4319083.143, 96
Trd, 4319084.893, 94
Trd, 4319086.093, 94
Trd, 4319086.543, 94
Trd, 4319087.093, 94
Trd, 4319087.293, 95
Trd, 4319088.793, 95
Trd, 4319091.093, 96
Trd, 4319091.593, 95
Trd, 4319091.843, 95
Trd, 4319093.393, 96
Trd, 4319093.793, 95
Trd, 4319096.743, 94
Trd, 4319098.593, 94
Trd, 4319100.243, 94
Trd, 4319101.043, 93
Trd, 4319104.493, 94
Trd, 4319105.243, 93
Trd, 4319106.243, 93
Trd, 4319107.443, 94
Trd, 4319107.993, 95
Trd, 4319110.543, 92
Trd, 4319110.793, 94
Trd, 4319111.943, 92
Trd, 4319114.143, 91
Trd, 4319117.443, 97
Trd, 4319117.843, 96
Trd, 4319118.743, 95
Trd, 4319118.993, 95
Trd, 4319119.993, 94
Trd, 4319121.793, 95
Trd, 4319122.943, 96
Trd, 4319125.443, 100
Trd, 4319125.993, 99
Trd, 4319126.043, 100
Trd, 4319128.643, 100
Trd, 4319129.493, 99
Trd, 4319131.393, 98
Trd, 4319133.543, 99
Trd, 4319134.943, 98
Trd, 4319137.493, 97
Trd, 4319139.143, 98
Trd, 4319141.743, 97
Trd, 4319143.193, 97
Trd, 4319145.043, 98
Trd, 4319145.093, 98
Trd, 4319145.493, 104
Trd, 4319147.543, 96
Trd, 4319148.043, 95
Trd, 4319152.243, 95
Trd, 4319153.893, 95
Trd, 4319154.393, 95
Trd, 4319155.043, 95
Trd, 4319156.593, 95
Trd, 4319156.643, 95
Trd, 4319158.593, 104
Trd, 4319159.693, 104
Trd, 4319160.443, 104
Trd, 4319160.893, 103
Trd, 4319162.343, 101
Trd, 4319164.093, 100
Trd, 4319164.793, 100
Trd, 4319165.043, 99
Trd, 4319168.243, 99
Trd, 4319168.343, 99
Trd, 4319169.643, 98
Trd, 4319172.443, 98
Trd, 4319174.443, 96
Trd, 4319174.893, 96
Trd, 4319175.393, 96
Trd, 4319176.093, 94
Trd, 4319176.893, 95
Trd, 4319177.193, 97
Trd, 4319179.393, 95
Trd, 4319180.293, 95
Trd, 4319181.893, 94
Trd, 4319182.993, 93
Trd, 4319183.093, 93
Trd, 4319184.493, 94
Trd, 4319187.043, 94
Trd, 4319187.943, 95
Trd, 4319188.693, 95
Trd, 4319189.093, 97
Trd, 4319190.193, 96
Trd, 4319192.243, 98
Trd, 4319194.393, 102
Trd, 4319194.693, 101
Trd, 4319195.593, 101
Trd, 4319196.043, 103
Trd, 4319198.843, 105
Trd, 4319199.443, 102
Trd, 4319200.743, 100
Trd, 4319203.893, 99
Trd, 4319204.243, 97
Trd, 4319204.593, 98
Trd, 4319205.843, 94
Trd, 4319205.993, 96
Trd, 4319206.093, 96
Trd, 4319209.293, 95
Trd, 4319209.843, 95
Trd, 4319212.093, 95
Trd, 4319212.143, 94
Trd, 4319214.043, 95
Trd, 4319215.593, 98
Trd, 4319215.843, 96
Trd, 4319218.243, 96
Trd, 4319219.843, 95
Trd, 4319220.493, 95
Trd, 4319221.743, 94
Trd, 4319224.343, 95
Trd, 4319225.393, 94
Trd, 4319226.643, 94
Trd, 4319227.893, 95
Trd, 4319228.593, 94
Trd, 4319230.443, 100
Trd, 4319230.743, 96
Trd, 4319234.143, 101
Trd, 4319234.493, 102
Trd, 4319235.093, 100
Trd, 4319238.243, 101
Trd, 4319238.443, 98
Trd, 4319241.493, 101
Trd, 4319242.243, 102
Trd, 4319245.443, 103
Trd, 4319246.093, 100
Trd, 4319246.693, 100
Trd, 4319248.293, 101
Trd, 4319250.093, 100
Trd, 4319250.243, 100
Trd, 4319250.943, 99
Trd, 4319253.093, 100
Trd, 4319255.343, 100
Trd, 4319255.943, 99
Trd, 4319256.193, 99
Trd, 4319259.943, 97
Trd, 4319260.943, 97
Trd, 4319261.993, 98
Trd, 4319264.343, 103
Trd, 4319265.593, 104
Trd, 4319266.193, 105
Trd, 4319266.793, 104
Trd, 4319268.343, 104
Trd, 4319269.643, 104
Trd, 4319271.643, 104
Trd, 4319271.993, 103
Trd, 4319275.043, 103
Trd, 4319276.643, 104
Trd, 4319279.793, 104
Trd, 4319280.243, 104
Trd, 4319280.943, 104
Trd, 4319281.043, 103
Trd, 4319281.993, 104
Trd, 4319286.343, 102
Trd, 4319287.043, 103
Trd, 4319287.493, 102
Trd, 4319288.793, 102
Trd, 4319291.043, 101
Trd, 4319294.893, 100
Trd, 4319296.093, 100
Trd, 4319299.693, 99
Trd, 4319300.793, 99
Trd, 4319302.593, 98
Trd, 4319302.693, 99
Trd, 4319303.593, 109
Trd, 4319304.193, 103
Trd, 4319304.943, 102
Trd, 4319305.643, 101
Trd, 4319308.693, 100
Trd, 4319310.043, 95
Trd, 4319311.043, 91
Trd, 4319312.093, 92
Trd, 4319314.043, 91
Trd, 4319315.493, 91
Trd, 4319316.493, 95
Trd, 4319316.843, 103
Trd, 4319318.443, 95
Trd, 4319319.193, 98
Trd, 4319320.693, 98
Trd, 4319322.593, 97
Trd, 4319323.993, 97
Trd, 4319324.143, 98
Trd, 4319326.143, 99
Trd, 4319327.093, 98
Trd, 4319327.943, 100
Trd, 4319330.993, 101
Trd, 4319333.393, 98
Trd, 4319334.593, 99
Trd, 4319335.993, 98
Trd, 4319337.243, 99
Trd, 4319338.593, 97
Trd, 4319339.893, 97
Trd, 4319341.393, 97
Trd, 4319341.993, 96
Trd, 4319343.543, 96
Trd, 4319346.393, 96
Trd, 4319346.443, 96
Trd, 4319348.743, 95
Trd, 4319349.593, 95
Trd, 4319352.093, 96
Trd, 4319353.693, 96
Trd, 4319356.193, 96
Trd, 4319357.243, 94
Trd, 4319358.543, 95
Trd, 4319358.693, 95
Trd, 4319359.143, 95
Trd, 4319359.943, 95
Trd, 4319363.193, 100
Trd, 4319363.493, 100
Trd, 4319363.743, 99
Trd, 4319364.893, 97
Trd, 4319367.543, 101
Trd, 4319368.093, 98
Trd, 4319368.793, 98
Trd, 4319370.143, 97
Trd, 4319371.943, 97
Trd, 4319372.293, 96
Trd, 4319376.093, 95
Trd, 4319376.743, 95
Trd, 4319377.443, 95
Trd, 4319379.593, 95
Trd, 4319380.793, 94
Trd, 4319382.393, 95
Trd, 4319383.693, 95
Trd, 4319384.693, 94
Trd, 4319385.343, 94
Trd, 4319386.793, 93
Trd, 4319387.643, 94
Trd, 4319388.893, 93
Trd, 4319389.043, 94
Trd, 4319394.193, 93
Trd, 4319394.243, 92
Trd, 4319396.793, 92
Trd, 4319397.543, 91
Trd, 4319399.293, 91
Trd, 4319400.093, 90
Trd, 4319401.193, 90
Trd, 4319402.493, 92
Trd, 4319404.043, 91
Trd, 4319404.943, 92
Trd, 4319406.093, 94
Trd, 4319407.093, 93
Trd, 4319410.743, 93
Trd, 4319410.793, 95
Trd, 4319412.793, 93
Trd, 4319413.143, 94
Trd, 4319413.843, 94
Trd, 4319416.093, 100
Trd, 4319417.243, 96
Trd, 4319419.343, 98
Trd, 4319420.443, 98
Trd, 4319420.643, 97
Trd, 4319421.843, 99
Trd, 4319423.043, 97
Trd, 4319424.193, 105
Trd, 4319425.543, 98
Trd, 4319428.793, 97
Trd, 4319428.993, 96
Trd, 4319431.243, 96
Trd, 4319431.943, 96
Trd, 4319433.793, 97
Trd, 4319433.993, 96
Trd, 4319434.893, 97
Trd, 4319435.693, 98
Trd, 4319438.393, 97
Trd, 4319438.943, 96
Trd, 4319439.993, 94
Trd, 4319440.393, 95
Trd, 4319440.443, 96
Trd, 4319442.993, 97
Trd, 4319444.743, 98
Trd, 4319445.443, 99
Trd, 4319445.843, 98
Trd, 4319448.993, 96
Trd, 4319449.293, 96
Trd, 4319450.843, 97
Trd, 4319450.993, 96
Trd, 4319454.593, 97
Trd, 4319455.193, 97
Trd, 4319456.993, 99
Trd, 4319458.143, 98
Trd, 4319461.193, 97
Trd, 4319462.793, 98
Trd, 4319463.743, 97
Trd, 4319464.343, 97
Trd, 4319466.293, 96
Trd, 4319469.043, 96
Trd, 4319469.543, 96
Trd, 4319472.643, 96
Trd, 4319472.993, 96
Trd, 4319473.393, 95
Trd, 4319473.593, 97
Trd, 4319476.293, 95
Trd, 4319476.943, 96
Trd, 4319477.143, 96
Trd, 4319478.393, 94
Trd, 4319478.743, 93
Trd, 4319480.543, 93
Trd, 4319483.143, 95
Trd, 4319486.193, 96
Trd, 4319486.793, 95
Trd, 4319486.893, 95
Trd, 4319488.243, 95
Trd, 4319489.343, 95
Trd, 4319492.593, 94
Trd, 4319493.693, 94
Trd, 4319495.143, 93
Trd, 4319496.343, 92
Trd, 4319497.993, 91
Trd, 4319498.643, 92
Trd, 4319500.243, 93
Trd, 4319502.643, 91
Trd, 4319504.243, 92
Trd, 4319506.343, 90
Trd, 4319507.193, 90
Trd, 4319508.843, 90
Trd, 4319509.543, 90
Trd, 4319511.643, 94
Trd, 4319512.393, 95
Trd, 4319512.793, 94
Trd, 4319513.793, 93
Trd, 4319514.043, 104
Trd, 4319515.243, 108
Trd, 4319518.843, 95
Trd, 4319521.843, 95
Trd, 4319522.543, 96
Trd, 4319523.493, 94
Trd, 4319524.743, 95
Trd, 4319525.093, 96
Trd, 4319525.993, 106
Trd, 4319526.993, 100
Trd, 4319528.093, 99
Trd, 4319529.793, 98
Trd, 4319532.293, 104
Trd, 4319533.243, 103
Trd, 4319533.293, 103
Trd, 4319534.143, 103
Trd, 4319536.443, 100
Trd, 4319539.443, 100
Trd, 4319540.593, 100
Trd, 4319543.593, 100
Trd, 4319545.693, 100
Trd, 4319545.893, 99
Trd, 4319548.143, 98
Trd, 4319548.693, 98
Trd, 4319550.993, 97
Trd, 4319551.343, 98
Trd, 4319553.593, 96
Trd, 4319554.143, 95
Trd, 4319555.443, 96
Trd, 4319555.943, 96
Trd, 4319556.543, 95
Trd, 4319557.843, 96
Trd, 4319560.543, 96
Trd, 4319561.093, 96
Trd, 4319561.643, 95
Trd, 4319563.443, 95
Trd, 4319564.743, 94
Trd, 4319567.543, 94
Trd, 4319567.793, 95
Trd, 4319568.293, 94
Trd, 4319569.693, 94
Trd, 4319569.993, 95
Trd, 4319570.693, 94
Trd, 4319574.193, 99
Trd, 4319574.743, 97
Trd, 4319575.093, 97
Trd, 4319576.893, 96
Trd, 4319577.043, 101
Trd, 4319578.693, 96
Trd, 4319581.593, 96
Trd, 4319582.143, 96
Trd, 4319583.343, 96
Trd, 4319585.093, 95
Trd, 4319586.743, 95
Trd, 4319588.143, 95
Trd, 4319588.893, 96
Trd, 4319590.343, 95
Trd, 4319593.293, 95
Trd, 4319593.993, 95
Trd, 4319595.893, 94
Trd, 4319596.443, 94
Trd, 4319597.443, 93
Trd, 4319598.943, 94
Trd, 4319601.143, 90
Trd, 4319601.393, 91
Trd, 4319603.593, 92
Trd, 4319604.293, 92
Trd, 4319605.243, 91
Trd, 4319606.143, 93
Trd, 4319607.543, 94
Trd, 4319609.243, 94
Trd, 4319610.343, 95
Trd, 4319611.693, 95
Trd, 4319613.143, 93
Trd, 4319613.343, 93
Trd, 4319614.093, 93
Trd, 4319615.893, 92
Trd, 4319616.593, 92
Trd, 4319616.993, 91
Trd, 4319618.243, 91
Trd, 4319621.193, 90
Trd, 4319621.493, 90
Trd, 4319622.543, 90
Trd, 4319625.943, 93
Trd, 4319627.293, 94
Trd, 4319628.593, 94
Trd, 4319628.843, 93
Trd, 4319631.443, 93
Trd, 4319632.593, 93
Trd, 4319633.093, 94
Trd, 4319635.943, 92
Trd, 4319636.093, 93
Trd, 4319638.243, 93
Trd, 4319639.543, 92
Trd, 4319641.543, 92
Trd, 4319641.743, 91
Trd, 4319643.343, 88
Trd, 4319644.293, 88
Trd, 4319646.493, 88
Trd, 4319647.293, 90
Trd, 4319648.743, 90
Trd, 4319649.643, 90
Trd, 4319651.943, 91
Trd, 4319652.993, 91
Trd, 4319654.593, 92
Trd, 4319655.293, 92
Trd, 4319657.493, 92
Trd, 4319658.293, 93
Trd, 4319661.093, 95
Trd, 4319661.393, 103
Trd, 4319661.943, 96
Trd, 4319663.243, 96
Trd, 4319664.243, 94
Trd, 4319665.493, 94
Trd, 4319667.293, 93
Trd, 4319668.593, 92
Trd, 4319669.543, 93
Trd, 4319670.993, 94
Trd, 4319671.393, 93
Trd, 4319674.743, 92
Trd, 4319676.293, 92
Trd, 4319677.243, 92
Trd, 4319678.343, 93
Trd, 4319679.843, 92
Trd, 4319682.143, 92
Trd, 4319682.593, 95
Trd, 4319687.643, 97
Trd, 4319688.293, 95
Trd, 4319689.243, 95
Trd, 4319689.543, 95
Trd, 4319690.243, 93
Trd, 4319690.843, 94
Trd, 4319692.493, 94
Trd, 4319694.943, 94
Trd, 4319695.643, 93
Trd, 4319697.593, 94
Trd, 4319697.743, 95
Trd, 4319699.693, 93
Trd, 4319699.993, 93
Trd, 4319700.043, 94
Trd, 4319702.943, 95
Trd, 4319703.693, 95
Trd, 4319705.143, 94
Trd, 4319705.743, 94
Trd, 4319709.543, 94
Trd, 4319710.243, 95
Trd, 4319710.693, 108
Trd, 4319711.593, 104
Trd, 4319712.493, 97
Trd, 4319713.043, 98
Trd, 4319715.393, 98
Trd, 4319716.693, 97
Trd, 4319719.243, 96
Trd, 4319720.143, 96
Trd, 4319722.343, 97
Trd, 4319723.643, 97
Trd, 4319724.443, 96
Trd, 4319725.643, 96
Trd, 4319727.493, 95
Trd, 4319728.693, 95
Trd, 4319729.143, 94
Trd, 4319731.793, 94
Trd, 4319733.693, 94
Trd, 4319733.993, 95
Trd, 4319735.293, 95
Trd, 4319736.693, 95
Trd, 4319738.643, 95
Trd, 4319740.093, 95
Trd, 4319740.193, 96
Trd, 4319741.193, 97
Trd, 4319741.243, 95
Trd, 4319744.943, 102
Trd, 4319745.943, 101
Trd, 4319747.393, 102
Trd, 4319748.143, 101
Trd, 4319750.343, 100
Trd, 4319751.343, 100
Trd, 4319753.493, 95
Trd, 4319753.693, 97
Trd, 4319755.243, 96
Trd, 4319757.243, 98
Trd, 4319758.393, 98
Trd, 4319760.043, 94
Trd, 4319760.493, 94
Trd, 4319761.893, 100
Trd, 4319763.943, 100
Trd, 4319766.343, 100
Trd, 4319768.243, 101
Trd, 4319768.893, 101
Trd, 4319770.693, 100
Trd, 4319773.143, 99
Trd, 4319773.743, 99
Trd, 4319776.093, 97
Trd, 4319777.493, 97
Trd, 4319778.893, 97
Trd, 4319779.893, 103
Trd, 4319781.293, 94
Trd, 4319781.993, 95
Trd, 4319784.143, 94
Trd, 4319786.893, 94
Trd, 4319786.943, 96
Trd, 4319788.493, 96
Trd, 4319790.593, 93
Trd, 4319791.443, 93
Trd, 4319792.143, 93
Trd, 4319793.993, 94
Trd, 4319795.043, 92
Trd, 4319795.693, 92
Trd, 4319796.443, 92
Trd, 4319798.793, 90
Trd, 4319799.043, 91
Trd, 4319799.293, 90
Trd, 4319801.243, 94
Trd, 4319802.193, 93
Trd, 4319803.593, 95
Trd, 4319804.043, 95
Trd, 4319805.693, 94
Trd, 4319806.193, 94
Trd, 4319808.593, 93
Trd, 4319809.793, 93
Trd, 4319811.143, 94
Trd, 4319812.943, 92
Trd, 4319813.343, 94
Trd, 4319817.243, 94
Trd, 4319817.893, 95
Trd, 4319818.543, 95
Trd, 4319820.193, 94
Trd, 4319821.643, 94
Trd, 4319822.643, 95
Trd, 4319824.243, 93
Trd, 4319826.643, 93
Trd, 4319828.793, 93
Trd, 4319829.493, 92
Trd, 4319830.243, 93
Trd, 4319832.193, 93
Trd, 4319835.093, 93
Trd, 4319835.843, 93
Trd, 4319836.193, 92
Trd, 4319839.143, 91
Trd, 4319841.343, 91
Trd, 4319842.243, 92
Trd, 4319842.893, 92
Trd, 4319844.543, 93
Trd, 4319845.443, 94
Trd, 4319845.743, 95
Trd, 4319848.393, 94
Trd, 4319850.143, 94
Trd, 4319850.643, 94
Trd, 4319851.393, 95
Trd, 4319852.643, 106
Trd, 4319856.243, 95
Trd, 4319856.543, 95
Trd, 4319857.293, 95
Trd, 4319859.093, 95
Trd, 4319859.293, 94
Trd, 4319860.143, 94
Trd, 4319860.943, 94
Trd, 4319863.743, 110
Trd, 4319864.693, 97
Trd, 4319865.743, 97
Trd, 4319868.493, 102
Trd, 4319868.843, 103
Trd, 4319870.393, 99
Trd, 4319871.943, 103
Trd, 4319872.893, 100
Trd, 4319873.243, 100
Trd, 4319874.893, 97
Trd, 4319877.193, 96
Trd, 4319878.943, 96
Trd, 4319879.143, 94
Trd, 4319879.393, 96
Trd, 4319879.993, 95
Trd, 4319881.793, 95
Trd, 4319882.743, 95
Trd, 4319884.893, 92
Trd, 4319885.293, 94
Trd, 4319888.293, 94
Trd, 4319888.443, 94
Trd, 4319889.743, 95
Trd, 4319890.293, 104
Trd, 4319891.493, 102
Trd, 4319892.493, 103
Trd, 4319894.093, 100
Trd, 4319895.193, 100
Trd, 4319896.293, 100
Trd, 4319898.043, 99
Trd, 4319898.843, 98
Trd, 4319899.393, 99
Trd, 4319901.643, 97
Trd, 4319903.893, 97
Trd, 4319904.493, 96
Trd, 4319904.743, 96
Trd, 4319907.043, 90
Trd, 4319908.093, 89
Trd, 4319909.593, 89
Trd, 4319910.243, 89
Trd, 4319912.643, 94
Trd, 4319916.893, 93
Trd, 4319916.993, 91
Trd, 4319918.593, 94
Trd, 4319920.543, 93
Trd, 4319923.043, 92
Trd, 4319923.743, 92
Trd, 4319926.393, 92
Trd, 4319927.543, 93
Trd, 4319929.993, 92
Trd, 4319931.893, 91
Trd, 4319933.043, 92
Trd, 4319933.093, 91
Trd, 4319934.043, 90
Trd, 4319935.543, 91
Trd, 4319936.643, 90
Trd, 4319936.943, 90
Trd, 4319939.443, 90
Trd, 4319939.993, 92
Trd, 4319940.193, 95
Trd, 4319942.193, 92
Trd, 4319942.343, 91
Trd, 4319943.743, 92
Trd, 4319946.393, 94
Trd, 4319947.443, 93
Trd, 4319948.793, 93
Trd, 4319951.393, 94
Trd, 4319952.643, 93
Trd, 4319953.443, 94
Trd, 4319955.393, 93
Trd, 4319955.493, 94
Trd, 4319958.893, 94
Trd, 4319959.743, 94
Trd, 4319959.843, 94
Trd, 4319962.643, 95
Trd, 4319962.693, 94
Trd, 4319963.543, 94
Trd, 4319968.893, 94
Trd, 4319969.893, 94
Trd, 4319970.243, 93
Trd, 4319972.343, 93
Trd, 4319973.193, 94
Trd, 4319973.843, 104
Trd, 4319975.293, 98
Trd, 4319975.693, 97
Trd, 4319976.743, 105
Trd, 4319979.743, 98
Trd, 4319980.593, 100
Trd, 4319983.143, 104
Trd, 4319983.493, 102
Trd, 4319984.843, 101
Trd, 4319987.193, 100
Trd, 4319988.243, 100
Trd, 4319989.543, 99
Trd, 4319991.543, 97
Trd, 4319993.543, 97
Trd, 4319995.143, 96
Trd, 4319995.643, 97
Trd, 4319996.143, 99
Trd, 4319996.643, 98
Trd, 4319997.143, 106
