Trd, 4317918.293, 113
Trd, 4317921.343, 103
Trd, 4317921.843, 109
Trd, 4317922.293, 116
Trd, 4317922.943, 108
Trd, 4317924.443, 103
Trd, 4317925.593, 96
Trd, 4317926.543, 109
Trd, 4317927.443, 94
Trd, 4317928.093, 96
Trd, 4317929.093, 93
Trd, 4317929.893, 99
Trd, 4317931.543, 113
Trd, 4317932.943, 112
Trd, 4317934.793, 106
Trd, 4317936.743, 112
Trd, 4317937.043, 115
Trd, 4317939.043, 103
Trd, 4317939.593, 103
Trd, 4317941.893, 111
Trd, 4317943.693, 123
Trd, 4317946.643, 103
Trd, 4317947.793, 101
Trd, 4317948.093, 105
Trd, 4317948.343, 108
Trd, 4317949.143, 105
Trd, 4317952.793, 102
Trd, 4317953.093, 105
Trd, 4317953.843, 101
Trd, 4317954.393, 118
Trd, 4317958.443, 102
Trd, 4317958.843, 106
Trd, 4317958.893, 101
Trd, 4317959.993, 106
Trd, 4317961.193, 95
Trd, 4317962.393, 93
Trd, 4317963.743, 96
Trd, 4317964.343, 98
Trd, 4317966.643, 106
Trd, 4317966.843, 97
Trd, 4317968.293, 100
Trd, 4317970.543, 97
Trd, 4317970.893, 99
Trd, 4317971.193, 97
Trd, 4317971.893, 94
Trd, 4317973.043, 78
Trd, 4317974.193, 93
Trd, 4317975.043, 88
Trd, 4317976.543, 95
Trd, 4317977.143, 93
Trd, 4317979.243, 95
Trd, 4317980.443, 93
Trd, 4317980.993, 92
Trd, 4317981.893, 107
Trd, 4317982.893, 91
Trd, 4317983.343, 98
Trd, 4317984.793, 98
Trd, 4317986.443, 108
Trd, 4317986.993, 114
Trd, 4317990.043, 101
Trd, 4317992.743, 93
Trd, 4317993.093, 106
Trd, 4317993.643, 95
Trd, 4317995.493, 94
Trd, 4317996.493, 90
Trd, 4317997.093, 95
Trd, 4317997.743, 93
Trd, 4317998.743, 114
Trd, 4318000.943, 109
Trd, 4318001.443, 92
Trd, 4318001.793, 98
Trd, 4318002.643, 95
Trd, 4318003.043, 96
Trd, 4318003.693, 109
Trd, 4318004.093, 105
Trd, 4318005.793, 111
Trd, 4318006.343, 97
Trd, 4318009.343, 113
Trd, 4318011.393, 96
Trd, 4318011.743, 96
Trd, 4318012.643, 105
Trd, 4318013.293, 99
Trd, 4318013.743, 106
Trd, 4318014.343, 99
Trd, 4318017.943, 98
Trd, 4318018.043, 103
Trd, 4318018.843, 100
Trd, 4318020.193, 102
Trd, 4318021.593, 98
Trd, 4318022.793, 101
Trd, 4318023.543, 104
Trd, 4318025.943, 99
Trd, 4318026.193, 103
Trd, 4318026.293, 94
Trd, 4318027.193, 96
Trd, 4318029.393, 98
Trd, 4318029.543, 97
Trd, 4318031.493, 97
Trd, 4318033.193, 98
Trd, 4318033.743, 96
Trd, 4318034.343, 105
Trd, 4318034.993, 95
Trd, 4318036.793, 96
Trd, 4318037.393, 100
Trd, 4318040.043, 103
Trd, 4318040.093, 94
Trd, 4318040.293, 114
Trd, 4318041.643, 102
Trd, 4318041.993, 105
Trd, 4318042.493, 102
Trd, 4318043.843, 98
Trd, 4318044.843, 101
Trd, 4318045.343, 109
Trd, 4318046.043, 110
Trd, 4318048.093, 103
Trd, 4318050.443, 95
Trd, 4318051.643, 101
Trd, 4318052.493, 104
Trd, 4318052.793, 100
Trd, 4318053.593, 100
Trd, 4318055.093, 99
Trd, 4318055.493, 104
Trd, 4318056.143, 105
Trd, 4318056.443, 94
Trd, 4318058.293, 96
Trd, 4318059.793, 117
Trd, 4318060.293, 93
Trd, 4318060.643, 99
Trd, 4318061.743, 111
Trd, 4318063.293, 105
Trd, 4318064.893, 102
Trd, 4318065.193, 109
Trd, 4318065.843, 102
Trd, 4318066.743, 103
Trd, 4318069.693, 112
Trd, 4318071.343, 113
Trd, 4318072.693, 110
Trd, 4318073.093, 107
Trd, 4318074.693, 108
Trd, 4318075.543, 103
Trd, 4318075.993, 97
Trd, 4318077.443, 103
Trd, 4318077.493, 103
Trd, 4318080.043, 102
Trd, 4318080.593, 108
Trd, 4318081.343, 108
Trd, 4318081.893, 115
Trd, 4318082.893, 77
Trd, 4318084.293, 94
Trd, 4318085.543, 112
Trd, 4318087.693, 112
Trd, 4318087.893, 98
Trd, 4318087.993, 124
Trd, 4318088.943, 95
Trd, 4318088.993, 107
Trd, 4318090.343, 93
Trd, 4318092.793, 95
Trd, 4318092.843, 107
Trd, 4318095.093, 98
Trd, 4318096.193, 100
Trd, 4318097.293, 105
Trd, 4318101.543, 104
Trd, 4318102.943, 104
Trd, 4318104.243, 105
Trd, 4318104.593, 104
Trd, 4318105.443, 106
Trd, 4318105.943, 99
Trd, 4318106.443, 94
Trd, 4318106.893, 102
Trd, 4318107.443, 98
Trd, 4318109.843, 98
Trd, 4318109.893, 94
Trd, 4318111.243, 106
Trd, 4318112.193, 100
Trd, 4318113.043, 104
Trd, 4318114.043, 102
Trd, 4318116.493, 91
Trd, 4318117.143, 95
Trd, 4318118.393, 94
Trd, 4318118.843, 124
Trd, 4318121.393, 99
Trd, 4318122.543, 91
Trd, 4318123.593, 103
Trd, 4318124.793, 99
Trd, 4318125.043, 96
Trd, 4318127.143, 102
Trd, 4318127.643, 97
Trd, 4318128.493, 96
Trd, 4318128.793, 104
Trd, 4318132.693, 97
Trd, 4318133.793, 97
Trd, 4318134.243, 95
Trd, 4318134.393, 94
Trd, 4318135.743, 96
Trd, 4318138.243, 96
Trd, 4318139.943, 95
Trd, 4318143.343, 104
Trd, 4318144.143, 105
Trd, 4318144.843, 101
Trd, 4318146.293, 98
Trd, 4318146.543, 105
Trd, 4318147.193, 98
Trd, 4318148.443, 97
Trd, 4318148.643, 99
Trd, 4318151.493, 105
Trd, 4318152.693, 98
Trd, 4318152.943, 94
Trd, 4318154.043, 114
Trd, 4318154.993, 104
Trd, 4318155.293, 97
Trd, 4318156.243, 106
Trd, 4318160.443, 105
Trd, 4318161.193, 102
Trd, 4318161.293, 100
Trd, 4318162.893, 84
Trd, 4318163.293, 91
Trd, 4318163.943, 104
Trd, 4318167.893, 95
Trd, 4318168.393, 100
Trd, 4318168.443, 93
Trd, 4318168.993, 90
Trd, 4318169.743, 104
Trd, 4318171.843, 98
Trd, 4318172.543, 106
Trd, 4318173.843, 102
Trd, 4318175.893, 94
Trd, 4318176.943, 101
Trd, 4318177.993, 113
Trd, 4318179.243, 94
Trd, 4318179.293, 93
Trd, 4318179.543, 105
Trd, 4318180.093, 96
Trd, 4318180.193, 115
Trd, 4318182.493, 95
Trd, 4318183.093, 94
Trd, 4318183.293, 108
Trd, 4318185.243, 102
Trd, 4318185.593, 93
Trd, 4318186.543, 102
Trd, 4318187.493, 107
Trd, 4318188.843, 94
Trd, 4318190.443, 94
Trd, 4318191.543, 93
Trd, 4318191.643, 97
Trd, 4318192.793, 102
Trd, 4318195.143, 104
Trd, 4318195.893, 99
Trd, 4318196.043, 95
Trd, 4318197.243, 93
Trd, 4318199.643, 94
Trd, 4318199.993, 99
Trd, 4318203.643, 94
Trd, 4318204.143, 97
Trd, 4318204.493, 97
Trd, 4318205.593, 104
Trd, 4318205.893, 107
Trd, 4318206.693, 100
Trd, 4318208.243, 100
Trd, 4318208.993, 97
Trd, 4318211.543, 106
Trd, 4318211.693, 104
Trd, 4318212.993, 98
Trd, 4318213.643, 102
Trd, 4318216.593, 103
Trd, 4318217.943, 96
Trd, 4318219.193, 96
Trd, 4318220.893, 101
Trd, 4318223.143, 94
Trd, 4318224.293, 94
Trd, 4318224.743, 97
Trd, 4318226.743, 93
Trd, 4318228.893, 94
Trd, 4318229.693, 93
Trd, 4318231.543, 92
Trd, 4318234.443, 104
Trd, 4318235.443, 97
Trd, 4318236.493, 96
Trd, 4318237.093, 97
Trd, 4318237.793, 96
Trd, 4318239.343, 94
Trd, 4318239.793, 104
Trd, 4318240.543, 113
Trd, 4318240.893, 113
Trd, 4318242.543, 102
Trd, 4318244.993, 101
Trd, 4318246.093, 109
Trd, 4318247.093, 106
Trd, 4318248.443, 96
Trd, 4318249.093, 105
Trd, 4318249.293, 100
Trd, 4318250.193, 99
Trd, 4318253.693, 104
Trd, 4318254.143, 99
Trd, 4318254.243, 106
Trd, 4318256.143, 96
Trd, 4318257.343, 93
Trd, 4318258.343, 113
Trd, 4318258.643, 111
Trd, 4318259.793, 115
Trd, 4318260.993, 102
Trd, 4318261.993, 101
Trd, 4318262.793, 114
Trd, 4318263.893, 101
Trd, 4318264.593, 112
Trd, 4318264.793, 92
Trd, 4318265.893, 101
Trd, 4318267.593, 100
Trd, 4318270.043, 97
Trd, 4318270.643, 99
Trd, 4318271.543, 105
Trd, 4318272.143, 110
Trd, 4318272.193, 94
Trd, 4318274.293, 109
Trd, 4318274.893, 106
Trd, 4318276.293, 123
Trd, 4318276.643, 101
Trd, 4318276.893, 99
Trd, 4318278.193, 101
Trd, 4318278.443, 120
Trd, 4318279.993, 108
Trd, 4318280.443, 110
Trd, 4318281.843, 93
Trd, 4318283.543, 92
Trd, 4318284.993, 94
Trd, 4318286.043, 98
Trd, 4318286.193, 103
Trd, 4318286.643, 102
Trd, 4318288.443, 103
Trd, 4318288.843, 101
Trd, 4318289.593, 100
Trd, 4318290.943, 100
Trd, 4318292.443, 102
Trd, 4318294.943, 99
Trd, 4318295.493, 104
Trd, 4318296.293, 103
Trd, 4318298.143, 99
Trd, 4318300.293, 97
Trd, 4318301.143, 123
Trd, 4318301.693, 96
Trd, 4318302.493, 94
Trd, 4318303.093, 98
Trd, 4318305.043, 80
Trd, 4318305.943, 94
Trd, 4318306.693, 90
Trd, 4318307.343, 90
Trd, 4318309.393, 92
Trd, 4318309.893, 91
Trd, 4318310.393, 86
Trd, 4318310.743, 76
Trd, 4318310.943, 106
Trd, 4318313.443, 99
Trd, 4318314.893, 98
Trd, 4318316.543, 97
Trd, 4318317.343, 100
Trd, 4318319.393, 94
Trd, 4318320.943, 106
Trd, 4318322.093, 113
Trd, 4318322.743, 102
Trd, 4318323.593, 108
Trd, 4318324.043, 90
Trd, 4318324.743, 90
Trd, 4318328.093, 100
Trd, 4318328.443, 99
Trd, 4318329.393, 99
Trd, 4318330.343, 96
Trd, 4318330.943, 94
Trd, 4318331.243, 108
Trd, 4318331.943, 101
Trd, 4318333.793, 108
Trd, 4318334.243, 97
Trd, 4318334.393, 79
Trd, 4318337.693, 95
Trd, 4318338.043, 90
Trd, 4318338.293, 76
Trd, 4318339.243, 108
Trd, 4318340.393, 93
Trd, 4318342.143, 96
Trd, 4318346.043, 108
Trd, 4318346.893, 119
Trd, 4318348.093, 95
Trd, 4318348.193, 94
Trd, 4318349.343, 95
Trd, 4318349.843, 99
Trd, 4318350.043, 105
Trd, 4318353.743, 95
Trd, 4318356.943, 94
Trd, 4318357.143, 97
Trd, 4318357.693, 97
Trd, 4318358.593, 96
Trd, 4318358.793, 107
Trd, 4318360.943, 95
Trd, 4318361.443, 114
Trd, 4318362.593, 109
Trd, 4318363.643, 107
Trd, 4318364.093, 99
Trd, 4318366.843, 118
Trd, 4318367.543, 115
Trd, 4318370.143, 102
Trd, 4318371.293, 112
Trd, 4318371.793, 109
Trd, 4318371.943, 115
Trd, 4318376.843, 103
Trd, 4318377.993, 97
Trd, 4318378.393, 96
Trd, 4318378.643, 94
Trd, 4318379.393, 76
Trd, 4318382.593, 100
Trd, 4318382.743, 107
Trd, 4318382.893, 96
Trd, 4318382.943, 98
Trd, 4318386.943, 94
Trd, 4318387.193, 94
Trd, 4318387.293, 98
Trd, 4318388.993, 97
Trd, 4318389.543, 94
Trd, 4318389.793, 107
Trd, 4318390.843, 113
Trd, 4318390.893, 93
Trd, 4318392.193, 95
Trd, 4318398.693, 103
Trd, 4318399.543, 113
Trd, 4318399.593, 96
Trd, 4318400.193, 107
Trd, 4318401.843, 108
Trd, 4318402.043, 99
Trd, 4318402.343, 94
Trd, 4318404.793, 116
Trd, 4318406.043, 109
Trd, 4318407.043, 108
Trd, 4318407.943, 102
Trd, 4318409.493, 103
Trd, 4318410.593, 104
Trd, 4318410.793, 102
Trd, 4318411.643, 105
Trd, 4318412.693, 102
Trd, 4318413.543, 94
Trd, 4318414.943, 100
Trd, 4318415.643, 104
Trd, 4318416.343, 105
Trd, 4318417.043, 105
Trd, 4318419.043, 104
Trd, 4318419.343, 102
Trd, 4318419.943, 115
Trd, 4318422.843, 102
Trd, 4318422.893, 106
Trd, 4318423.393, 101
Trd, 4318423.543, 111
Trd, 4318424.593, 112
Trd, 4318424.793, 118
Trd, 4318425.393, 93
Trd, 4318426.243, 76
Trd, 4318429.343, 96
Trd, 4318430.643, 106
Trd, 4318432.193, 113
Trd, 4318432.943, 102
Trd, 4318435.343, 102
Trd, 4318439.143, 103
Trd, 4318440.493, 112
Trd, 4318440.743, 102
Trd, 4318440.943, 118
Trd, 4318442.343, 103
Trd, 4318444.343, 106
Trd, 4318444.493, 102
Trd, 4318445.593, 96
Trd, 4318446.693, 98
Trd, 4318447.393, 93
Trd, 4318449.343, 98
Trd, 4318449.593, 114
Trd, 4318450.743, 89
Trd, 4318453.393, 90
Trd, 4318453.593, 112
Trd, 4318454.043, 124
Trd, 4318455.643, 97
Trd, 4318456.143, 115
Trd, 4318456.893, 103
Trd, 4318457.743, 108
Trd, 4318458.493, 105
Trd, 4318459.343, 94
Trd, 4318459.493, 105
Trd, 4318461.193, 104
Trd, 4318464.943, 109
Trd, 4318465.643, 103
Trd, 4318465.793, 114
Trd, 4318465.893, 117
Trd, 4318466.293, 103
Trd, 4318468.493, 110
Trd, 4318469.493, 102
Trd, 4318472.793, 101
Trd, 4318472.943, 105
Trd, 4318474.193, 105
Trd, 4318476.293, 104
Trd, 4318478.793, 102
Trd, 4318478.943, 93
Trd, 4318480.243, 104
Trd, 4318481.343, 99
Trd, 4318482.293, 105
Trd, 4318482.993, 101
Trd, 4318483.993, 101
Trd, 4318484.593, 100
Trd, 4318487.843, 105
Trd, 4318488.193, 104
Trd, 4318489.543, 108
Trd, 4318489.793, 104
Trd, 4318491.293, 104
Trd, 4318493.993, 116
Trd, 4318494.293, 103
Trd, 4318494.493, 94
Trd, 4318494.843, 104
Trd, 4318496.293, 102
Trd, 4318496.393, 94
Trd, 4318499.193, 109
Trd, 4318501.343, 100
Trd, 4318502.243, 121
Trd, 4318502.393, 100
Trd, 4318503.243, 95
Trd, 4318503.443, 94
Trd, 4318504.093, 95
Trd, 4318504.343, 116
Trd, 4318504.543, 123
Trd, 4318508.343, 93
Trd, 4318509.193, 105
Trd, 4318510.093, 104
Trd, 4318512.343, 104
Trd, 4318514.243, 115
Trd, 4318514.293, 102
Trd, 4318515.193, 102
Trd, 4318516.643, 102
Trd, 4318517.143, 106
Trd, 4318519.193, 101
Trd, 4318519.793, 94
Trd, 4318520.343, 104
Trd, 4318521.543, 105
Trd, 4318522.843, 105
Trd, 4318523.443, 105
Trd, 4318524.693, 101
Trd, 4318526.943, 99
Trd, 4318528.343, 107
Trd, 4318529.893, 109
Trd, 4318531.543, 105
Trd, 4318532.743, 102
Trd, 4318533.743, 76
Trd, 4318536.343, 108
Trd, 4318536.643, 109
Trd, 4318537.043, 121
Trd, 4318537.543, 96
Trd, 4318537.943, 105
Trd, 4318539.443, 106
Trd, 4318539.943, 107
Trd, 4318540.293, 102
Trd, 4318542.393, 92
Trd, 4318542.893, 101
Trd, 4318544.643, 123
Trd, 4318545.743, 99
Trd, 4318546.043, 76
Trd, 4318547.193, 102
Trd, 4318547.293, 97
Trd, 4318549.343, 101
Trd, 4318549.493, 111
Trd, 4318549.743, 101
Trd, 4318550.993, 100
Trd, 4318551.243, 99
Trd, 4318552.093, 93
Trd, 4318554.193, 104
Trd, 4318555.993, 110
Trd, 4318557.193, 105
Trd, 4318558.093, 102
Trd, 4318558.193, 101
Trd, 4318559.843, 115
Trd, 4318560.593, 107
Trd, 4318561.893, 102
Trd, 4318562.393, 93
Trd, 4318563.493, 100
Trd, 4318564.193, 105
Trd, 4318566.543, 99
Trd, 4318568.043, 106
Trd, 4318568.593, 102
Trd, 4318569.293, 98
Trd, 4318569.693, 98
Trd, 4318570.593, 110
Trd, 4318573.143, 108
Trd, 4318573.243, 101
Trd, 4318574.743, 106
Trd, 4318575.293, 110
Trd, 4318578.043, 109
Trd, 4318578.293, 101
Trd, 4318578.893, 117
Trd, 4318579.493, 101
Trd, 4318579.893, 94
Trd, 4318583.243, 112
Trd, 4318583.993, 101
Trd, 4318585.093, 102
Trd, 4318585.193, 108
Trd, 4318587.943, 93
Trd, 4318591.243, 105
Trd, 4318591.393, 100
Trd, 4318591.943, 98
Trd, 4318592.193, 100
Trd, 4318592.393, 92
Trd, 4318592.893, 113
Trd, 4318593.243, 134
Trd, 4318594.893, 105
Trd, 4318595.343, 105
Trd, 4318596.693, 111
Trd, 4318598.143, 103
Trd, 4318600.593, 102
Trd, 4318600.893, 111
Trd, 4318601.343, 100
Trd, 4318602.443, 130
Trd, 4318603.943, 112
Trd, 4318604.993, 103
Trd, 4318607.143, 104
Trd, 4318607.543, 104
Trd, 4318608.643, 101
Trd, 4318611.093, 94
Trd, 4318611.393, 103
Trd, 4318611.943, 89
Trd, 4318612.243, 100
Trd, 4318614.193, 99
Trd, 4318614.893, 104
Trd, 4318616.143, 112
Trd, 4318617.093, 122
Trd, 4318617.243, 101
Trd, 4318618.393, 106
Trd, 4318619.343, 108
Trd, 4318620.743, 107
Trd, 4318621.193, 102
Trd, 4318621.443, 93
Trd, 4318621.793, 103
Trd, 4318624.043, 101
Trd, 4318624.443, 104
Trd, 4318626.393, 102
Trd, 4318626.943, 101
Trd, 4318627.493, 104
Trd, 4318627.793, 107
Trd, 4318629.393, 100
Trd, 4318629.943, 114
Trd, 4318633.093, 99
Trd, 4318633.493, 98
Trd, 4318633.743, 95
Trd, 4318634.293, 104
Trd, 4318634.543, 104
Trd, 4318635.693, 94
Trd, 4318637.543, 113
Trd, 4318639.093, 93
Trd, 4318640.643, 97
Trd, 4318640.943, 95
Trd, 4318641.593, 98
Trd, 4318642.243, 95
Trd, 4318643.643, 98
Trd, 4318643.893, 104
Trd, 4318647.643, 98
Trd, 4318648.043, 94
Trd, 4318649.793, 104
Trd, 4318652.193, 93
Trd, 4318652.293, 99
Trd, 4318654.193, 92
Trd, 4318657.043, 92
Trd, 4318657.343, 78
Trd, 4318657.843, 77
Trd, 4318657.943, 99
Trd, 4318658.693, 98
Trd, 4318660.593, 88
Trd, 4318661.443, 93
Trd, 4318664.143, 94
Trd, 4318664.293, 104
Trd, 4318664.493, 88
Trd, 4318664.893, 95
Trd, 4318665.093, 87
Trd, 4318666.493, 104
Trd, 4318666.543, 87
Trd, 4318667.693, 78
Trd, 4318672.193, 93
Trd, 4318672.293, 90
Trd, 4318675.293, 105
Trd, 4318675.843, 106
Trd, 4318677.743, 107
Trd, 4318678.943, 99
Trd, 4318679.893, 100
Trd, 4318680.043, 95
Trd, 4318680.293, 101
Trd, 4318681.993, 105
Trd, 4318682.993, 113
Trd, 4318684.293, 114
Trd, 4318685.843, 103
Trd, 4318687.893, 105
Trd, 4318688.043, 103
Trd, 4318688.343, 103
Trd, 4318690.093, 104
Trd, 4318691.843, 102
Trd, 4318691.943, 101
Trd, 4318694.193, 100
Trd, 4318694.443, 104
Trd, 4318695.693, 105
Trd, 4318697.693, 105
Trd, 4318699.493, 105
Trd, 4318699.693, 105
Trd, 4318700.193, 101
Trd, 4318703.793, 104
Trd, 4318705.793, 104
Trd, 4318705.843, 103
Trd, 4318705.893, 114
Trd, 4318707.093, 100
Trd, 4318707.493, 94
Trd, 4318707.943, 76
Trd, 4318709.493, 99
Trd, 4318710.293, 95
Trd, 4318710.893, 106
Trd, 4318711.443, 102
Trd, 4318713.993, 99
Trd, 4318714.693, 104
Trd, 4318716.743, 97
Trd, 4318717.693, 94
Trd, 4318718.293, 104
Trd, 4318720.393, 102
Trd, 4318720.793, 107
Trd, 4318721.393, 100
Trd, 4318721.443, 102
Trd, 4318722.093, 104
Trd, 4318725.143, 94
Trd, 4318725.293, 97
Trd, 4318727.693, 102
Trd, 4318730.693, 105
Trd, 4318732.443, 99
Trd, 4318732.943, 98
Trd, 4318733.043, 94
Trd, 4318733.443, 104
Trd, 4318736.493, 102
Trd, 4318737.093, 98
Trd, 4318737.543, 104
Trd, 4318738.493, 103
Trd, 4318739.843, 97
Trd, 4318741.193, 94
Trd, 4318742.193, 117
Trd, 4318743.293, 97
Trd, 4318743.693, 93
Trd, 4318745.043, 96
Trd, 4318745.893, 101
Trd, 4318749.893, 92
Trd, 4318750.493, 98
Trd, 4318751.293, 97
Trd, 4318751.443, 116
Trd, 4318752.643, 110
Trd, 4318753.943, 107
Trd, 4318754.743, 105
Trd, 4318755.143, 99
Trd, 4318756.943, 109
Trd, 4318759.293, 98
Trd, 4318759.443, 100
Trd, 4318760.043, 102
Trd, 4318760.443, 98
Trd, 4318762.393, 103
Trd, 4318763.393, 97
Trd, 4318764.093, 97
Trd, 4318764.293, 94
Trd, 4318764.793, 104
Trd, 4318765.343, 117
Trd, 4318767.293, 95
Trd, 4318767.693, 104
Trd, 4318768.043, 95
Trd, 4318772.043, 95
Trd, 4318772.193, 100
Trd, 4318772.843, 94
Trd, 4318773.393, 106
Trd, 4318775.093, 102
Trd, 4318775.393, 114
Trd, 4318775.693, 99
Trd, 4318777.343, 104
Trd, 4318777.993, 95
Trd, 4318778.593, 102
Trd, 4318779.543, 94
Trd, 4318781.093, 95
Trd, 4318783.393, 117
Trd, 4318784.793, 94
Trd, 4318786.043, 94
Trd, 4318787.643, 112
Trd, 4318788.793, 108
Trd, 4318788.993, 100
Trd, 4318790.693, 108
Trd, 4318790.943, 109
Trd, 4318791.743, 113
Trd, 4318792.593, 105
Trd, 4318795.193, 104
Trd, 4318796.543, 104
Trd, 4318797.593, 94
Trd, 4318797.643, 98
Trd, 4318799.343, 98
Trd, 4318799.543, 105
Trd, 4318800.543, 101
Trd, 4318801.393, 105
Trd, 4318804.543, 99
Trd, 4318806.043, 102
Trd, 4318806.893, 110
Trd, 4318807.743, 104
Trd, 4318808.943, 116
Trd, 4318810.443, 106
Trd, 4318810.943, 110
Trd, 4318812.693, 103
Trd, 4318815.443, 103
Trd, 4318815.643, 102
Trd, 4318817.893, 107
Trd, 4318817.943, 108
Trd, 4318819.243, 116
Trd, 4318820.743, 88
Trd, 4318822.493, 109
Trd, 4318823.343, 105
Trd, 4318824.443, 105
Trd, 4318824.843, 100
Trd, 4318826.393, 98
Trd, 4318827.943, 109
Trd, 4318830.943, 103
Trd, 4318831.493, 105
Trd, 4318831.643, 105
Trd, 4318833.343, 108
Trd, 4318835.143, 101
Trd, 4318836.443, 94
Trd, 4318836.793, 100
Trd, 4318837.593, 106
Trd, 4318838.593, 112
Trd, 4318840.593, 110
Trd, 4318841.243, 107
Trd, 4318841.693, 103
Trd, 4318841.893, 110
Trd, 4318842.893, 118
Trd, 4318844.293, 93
Trd, 4318846.993, 89
Trd, 4318847.943, 76
Trd, 4318848.193, 100
Trd, 4318848.693, 103
Trd, 4318851.943, 99
Trd, 4318852.093, 104
Trd, 4318852.643, 110
Trd, 4318853.543, 122
Trd, 4318853.793, 99
Trd, 4318854.093, 95
Trd, 4318856.343, 107
Trd, 4318856.543, 115
Trd, 4318857.093, 94
Trd, 4318857.493, 100
Trd, 4318859.993, 99
Trd, 4318861.443, 77
Trd, 4318861.943, 91
Trd, 4318862.543, 133
Trd, 4318862.743, 80
Trd, 4318867.893, 106
Trd, 4318868.493, 114
Trd, 4318869.543, 101
Trd, 4318870.593, 104
Trd, 4318872.543, 104
Trd, 4318873.543, 104
Trd, 4318874.193, 116
Trd, 4318874.293, 103
Trd, 4318875.543, 100
Trd, 4318878.193, 110
Trd, 4318878.493, 128
Trd, 4318879.843, 115
Trd, 4318880.143, 103
Trd, 4318883.093, 105
Trd, 4318883.543, 124
Trd, 4318883.993, 103
Trd, 4318884.093, 102
Trd, 4318885.993, 109
Trd, 4318886.743, 111
Trd, 4318887.693, 97
Trd, 4318889.593, 102
Trd, 4318890.393, 105
Trd, 4318891.893, 105
Trd, 4318893.443, 105
Trd, 4318894.043, 104
Trd, 4318896.393, 104
Trd, 4318897.443, 105
Trd, 4318899.693, 103
Trd, 4318899.993, 102
Trd, 4318900.543, 99
Trd, 4318900.993, 94
Trd, 4318903.393, 99
Trd, 4318903.843, 106
Trd, 4318904.193, 116
Trd, 4318905.543, 102
Trd, 4318908.093, 101
Trd, 4318908.343, 104
Trd, 4318909.143, 100
Trd, 4318911.193, 103
Trd, 4318912.193, 112
Trd, 4318913.493, 113
Trd, 4318913.693, 108
Trd, 4318914.243, 102
Trd, 4318915.593, 94
Trd, 4318915.643, 106
Trd, 4318916.343, 116
Trd, 4318917.543, 98
Trd, 4318919.343, 99
Trd, 4318919.793, 101
Trd, 4318922.093, 112
Trd, 4318922.443, 108
Trd, 4318923.943, 106
Trd, 4318924.393, 114
Trd, 4318925.843, 103
Trd, 4318926.493, 93
Trd, 4318927.893, 78
Trd, 4318929.993, 103
Trd, 4318930.993, 100
Trd, 4318933.193, 111
Trd, 4318934.093, 109
Trd, 4318935.743, 100
Trd, 4318936.443, 104
Trd, 4318936.543, 119
Trd, 4318937.193, 120
Trd, 4318937.243, 100
Trd, 4318938.743, 96
Trd, 4318939.893, 99
Trd, 4318940.693, 106
Trd, 4318941.143, 98
Trd, 4318941.893, 99
Trd, 4318942.093, 78
Trd, 4318942.293, 79
Trd, 4318944.393, 94
Trd, 4318944.593, 124
Trd, 4318945.493, 109
Trd, 4318946.293, 98
Trd, 4318947.293, 105
Trd, 4318949.043, 102
Trd, 4318950.543, 99
Trd, 4318951.293, 93
Trd, 4318952.043, 113
Trd, 4318952.093, 125
Trd, 4318952.493, 98
Trd, 4318955.093, 107
Trd, 4318957.743, 107
Trd, 4318957.943, 92
Trd, 4318958.893, 116
Trd, 4318959.443, 95
Trd, 4318961.593, 98
Trd, 4318961.743, 97
Trd, 4318962.093, 107
Trd, 4318963.943, 94
Trd, 4318964.193, 75
Trd, 4318964.793, 106
Trd, 4318966.793, 104
Trd, 4318968.093, 98
Trd, 4318968.493, 98
Trd, 4318970.393, 115
Trd, 4318972.893, 101
Trd, 4318973.143, 103
Trd, 4318973.893, 104
Trd, 4318975.243, 106
Trd, 4318976.843, 106
Trd, 4318977.193, 95
Trd, 4318977.893, 94
Trd, 4318978.293, 113
Trd, 4318978.543, 96
Trd, 4318980.593, 104
Trd, 4318983.643, 96
Trd, 4318984.093, 93
Trd, 4318984.143, 104
Trd, 4318985.043, 99
Trd, 4318985.693, 96
Trd, 4318988.593, 100
Trd, 4318990.493, 92
Trd, 4318992.243, 104
Trd, 4318992.743, 101
Trd, 4318992.793, 99
Trd, 4318992.943, 93
Trd, 4318995.493, 101
Trd, 4318996.243, 98
Trd, 4318996.343, 105
Trd, 4318997.543, 106
Trd, 4318998.943, 106
Trd, 4319000.293, 105
Trd, 4319001.843, 100
Trd, 4319003.043, 99
Trd, 4319003.193, 98
Trd, 4319003.943, 126
Trd, 4319004.193, 93
Trd, 4319005.193, 113
Trd, 4319006.943, 90
Trd, 4319008.493, 107
Trd, 4319008.743, 102
Trd, 4319010.293, 92
Trd, 4319011.193, 93
Trd, 4319012.493, 99
Trd, 4319012.543, 102
Trd, 4319014.843, 106
Trd, 4319015.093, 98
Trd, 4319015.143, 114
Trd, 4319017.143, 97
Trd, 4319019.043, 102
Trd, 4319019.443, 110
Trd, 4319019.793, 100
Trd, 4319020.293, 108
Trd, 4319021.943, 103
Trd, 4319025.093, 108
Trd, 4319027.093, 104
Trd, 4319029.993, 106
Trd, 4319031.743, 102
Trd, 4319031.943, 106
Trd, 4319032.743, 102
Trd, 4319035.593, 98
Trd, 4319035.693, 94
Trd, 4319036.393, 99
Trd, 4319037.943, 98
Trd, 4319039.293, 98
Trd, 4319040.243, 118
Trd, 4319040.743, 111
Trd, 4319042.093, 105
Trd, 4319043.093, 116
Trd, 4319044.193, 93
Trd, 4319044.543, 98
Trd, 4319046.043, 75
Trd, 4319046.493, 100
Trd, 4319049.343, 103
Trd, 4319049.593, 95
Trd, 4319052.493, 97
Trd, 4319054.343, 95
Trd, 4319056.693, 104
Trd, 4319057.143, 94
Trd, 4319057.243, 94
Trd, 4319058.243, 101
Trd, 4319061.743, 104
Trd, 4319061.843, 117
Trd, 4319063.043, 106
Trd, 4319063.143, 98
Trd, 4319064.893, 108
Trd, 4319066.343, 111
Trd, 4319066.443, 103
Trd, 4319067.093, 94
Trd, 4319067.443, 98
Trd, 4319067.693, 119
Trd, 4319069.393, 95
Trd, 4319071.443, 99
Trd, 4319072.293, 85
Trd, 4319072.643, 90
Trd, 4319073.843, 109
Trd, 4319077.193, 110
Trd, 4319077.643, 108
Trd, 4319078.193, 108
Trd, 4319078.843, 90
Trd, 4319080.693, 101
Trd, 4319080.943, 105
Trd, 4319081.493, 108
Trd, 4319083.093, 97
Trd, 4319085.343, 95
Trd, 4319086.393, 96
Trd, 4319087.693, 105
Trd, 4319088.393, 104
Trd, 4319089.493, 93
Trd, 4319090.893, 98
Trd, 4319091.093, 98
Trd, 4319091.193, 92
Trd, 4319094.793, 108
Trd, 4319096.343, 109
Trd, 4319096.643, 111
Trd, 4319097.943, 105
Trd, 4319098.193, 100
Trd, 4319099.643, 101
Trd, 4319100.693, 103
Trd, 4319103.643, 100
Trd, 4319104.193, 99
Trd, 4319104.643, 100
Trd, 4319108.193, 100
Trd, 4319108.293, 100
Trd, 4319108.443, 103
Trd, 4319108.943, 104
Trd, 4319110.193, 72
Trd, 4319112.143, 104
Trd, 4319113.243, 98
Trd, 4319113.343, 91
Trd, 4319114.593, 89
Trd, 4319115.843, 78
Trd, 4319117.293, 88
Trd, 4319118.093, 89
Trd, 4319118.893, 90
Trd, 4319119.943, 98
Trd, 4319122.793, 97
Trd, 4319123.043, 93
Trd, 4319123.743, 94
Trd, 4319123.793, 101
Trd, 4319126.393, 92
Trd, 4319129.393, 96
Trd, 4319131.193, 106
Trd, 4319132.943, 102
Trd, 4319133.793, 99
Trd, 4319134.343, 100
Trd, 4319134.493, 98
Trd, 4319135.293, 92
Trd, 4319136.643, 97
Trd, 4319138.143, 93
Trd, 4319138.643, 96
Trd, 4319140.493, 107
Trd, 4319142.193, 96
Trd, 4319142.993, 102
Trd, 4319144.193, 125
Trd, 4319144.793, 96
Trd, 4319144.843, 94
Trd, 4319147.793, 100
Trd, 4319148.193, 100
Trd, 4319149.293, 99
Trd, 4319150.143, 97
Trd, 4319151.893, 100
Trd, 4319152.493, 104
Trd, 4319154.093, 104
Trd, 4319155.343, 101
Trd, 4319157.143, 99
Trd, 4319157.393, 99
Trd, 4319157.493, 105
Trd, 4319159.593, 110
Trd, 4319160.043, 113
Trd, 4319161.143, 100
Trd, 4319162.143, 93
Trd, 4319163.293, 104
Trd, 4319164.193, 103
Trd, 4319165.643, 104
Trd, 4319166.243, 98
Trd, 4319167.143, 97
Trd, 4319167.443, 126
Trd, 4319168.193, 94
Trd, 4319170.593, 97
Trd, 4319172.443, 96
Trd, 4319173.443, 92
Trd, 4319174.443, 93
Trd, 4319175.043, 107
Trd, 4319175.743, 107
Trd, 4319175.793, 110
Trd, 4319176.643, 94
Trd, 4319177.693, 109
Trd, 4319179.293, 119
Trd, 4319179.743, 103
Trd, 4319180.543, 94
Trd, 4319181.943, 112
Trd, 4319183.393, 111
Trd, 4319184.043, 103
Trd, 4319184.893, 105
Trd, 4319185.693, 102
Trd, 4319185.843, 93
Trd, 4319186.643, 106
Trd, 4319188.093, 113
Trd, 4319190.043, 100
Trd, 4319190.243, 93
Trd, 4319192.243, 99
Trd, 4319192.793, 106
Trd, 4319195.693, 104
Trd, 4319196.293, 103
Trd, 4319197.693, 101
Trd, 4319197.943, 103
Trd, 4319199.843, 100
Trd, 4319202.743, 97
Trd, 4319202.843, 102
Trd, 4319203.143, 94
Trd, 4319204.643, 98
Trd, 4319204.793, 105
Trd, 4319205.993, 97
Trd, 4319207.293, 111
Trd, 4319209.043, 113
Trd, 4319210.543, 100
Trd, 4319212.093, 94
Trd, 4319213.493, 95
Trd, 4319214.543, 99
Trd, 4319215.743, 98
Trd, 4319216.343, 106
Trd, 4319217.743, 97
Trd, 4319218.193, 96
Trd, 4319220.943, 102
Trd, 4319222.093, 99
Trd, 4319222.943, 98
Trd, 4319223.993, 104
Trd, 4319224.343, 110
Trd, 4319225.393, 98
Trd, 4319228.543, 98
Trd, 4319228.743, 99
Trd, 4319229.343, 119
Trd, 4319230.843, 104
Trd, 4319231.243, 100
Trd, 4319231.943, 113
Trd, 4319235.393, 102
Trd, 4319237.043, 101
Trd, 4319238.743, 99
Trd, 4319239.193, 104
Trd, 4319239.893, 91
Trd, 4319239.943, 105
Trd, 4319240.693, 81
Trd, 4319242.943, 96
Trd, 4319243.093, 98
Trd, 4319244.093, 92
Trd, 4319244.843, 123
Trd, 4319245.093, 116
Trd, 4319247.493, 76
Trd, 4319248.893, 98
Trd, 4319250.843, 98
Trd, 4319251.593, 95
Trd, 4319252.343, 107
Trd, 4319254.543, 93
Trd, 4319255.393, 112
Trd, 4319255.743, 97
Trd, 4319257.243, 97
Trd, 4319258.093, 101
Trd, 4319258.543, 98
Trd, 4319258.693, 109
Trd, 4319258.743, 94
Trd, 4319264.093, 113
Trd, 4319264.943, 103
Trd, 4319265.943, 109
Trd, 4319267.293, 106
Trd, 4319267.993, 104
Trd, 4319268.143, 108
Trd, 4319270.543, 112
Trd, 4319272.893, 103
Trd, 4319273.443, 100
Trd, 4319273.893, 93
Trd, 4319275.143, 102
Trd, 4319276.293, 106
Trd, 4319279.293, 101
Trd, 4319279.693, 96
Trd, 4319280.093, 106
Trd, 4319282.093, 92
Trd, 4319282.393, 106
Trd, 4319283.693, 102
Trd, 4319284.343, 113
Trd, 4319285.093, 100
Trd, 4319285.643, 99
Trd, 4319286.293, 101
Trd, 4319287.993, 109
Trd, 4319288.693, 104
Trd, 4319291.343, 108
Trd, 4319291.493, 103
Trd, 4319292.693, 112
Trd, 4319292.743, 120
Trd, 4319293.993, 108
Trd, 4319294.493, 103
Trd, 4319297.143, 105
Trd, 4319298.393, 94
Trd, 4319298.643, 96
Trd, 4319299.893, 84
Trd, 4319300.543, 98
Trd, 4319302.593, 84
Trd, 4319304.343, 90
Trd, 4319304.743, 94
Trd, 4319305.343, 105
Trd, 4319306.043, 93
Trd, 4319307.093, 98
Trd, 4319308.693, 99
Trd, 4319311.443, 100
Trd, 4319312.243, 102
Trd, 4319313.193, 99
Trd, 4319314.493, 98
Trd, 4319314.893, 104
Trd, 4319315.143, 94
Trd, 4319315.293, 106
Trd, 4319316.843, 95
Trd, 4319319.393, 99
Trd, 4319322.393, 105
Trd, 4319323.743, 96
Trd, 4319324.393, 96
Trd, 4319325.043, 97
Trd, 4319326.293, 101
Trd, 4319326.993, 94
Trd, 4319327.943, 104
Trd, 4319328.443, 94
Trd, 4319328.743, 114
Trd, 4319330.493, 110
Trd, 4319332.543, 110
Trd, 4319334.193, 104
Trd, 4319335.043, 95
Trd, 4319335.893, 101
Trd, 4319336.593, 109
Trd, 4319337.793, 114
Trd, 4319339.143, 71
Trd, 4319341.943, 107
Trd, 4319343.143, 99
Trd, 4319343.493, 102
Trd, 4319346.843, 100
Trd, 4319346.993, 104
Trd, 4319347.593, 113
Trd, 4319349.343, 99
Trd, 4319350.343, 99
Trd, 4319351.293, 94
Trd, 4319352.793, 97
Trd, 4319353.243, 97
Trd, 4319354.293, 96
Trd, 4319354.543, 87
Trd, 4319355.143, 96
Trd, 4319357.343, 107
Trd, 4319357.493, 95
Trd, 4319357.543, 113
Trd, 4319360.593, 109
Trd, 4319360.893, 95
Trd, 4319361.143, 95
Trd, 4319361.893, 98
Trd, 4319364.343, 99
Trd, 4319366.193, 106
Trd, 4319366.593, 113
Trd, 4319366.993, 103
Trd, 4319368.443, 100
Trd, 4319371.243, 99
Trd, 4319372.443, 104
Trd, 4319372.893, 98
Trd, 4319372.943, 105
Trd, 4319374.293, 105
Trd, 4319377.793, 105
Trd, 4319377.893, 107
Trd, 4319378.793, 100
Trd, 4319379.043, 107
Trd, 4319380.593, 102
Trd, 4319381.243, 106
Trd, 4319381.993, 115
Trd, 4319382.593, 103
Trd, 4319383.893, 104
Trd, 4319384.793, 103
Trd, 4319386.243, 103
Trd, 4319386.593, 107
Trd, 4319386.943, 94
Trd, 4319388.443, 100
Trd, 4319389.793, 109
Trd, 4319389.893, 104
Trd, 4319390.993, 102
Trd, 4319392.893, 109
Trd, 4319393.443, 94
Trd, 4319394.593, 113
Trd, 4319395.693, 95
Trd, 4319396.643, 86
Trd, 4319397.193, 76
Trd, 4319397.743, 86
Trd, 4319398.243, 103
Trd, 4319399.493, 113
Trd, 4319402.743, 104
Trd, 4319403.643, 101
Trd, 4319404.843, 110
Trd, 4319405.743, 113
Trd, 4319408.993, 105
Trd, 4319409.593, 106
Trd, 4319409.843, 102
Trd, 4319409.943, 101
Trd, 4319410.543, 94
Trd, 4319412.593, 97
Trd, 4319413.443, 105
Trd, 4319414.143, 107
Trd, 4319415.243, 94
Trd, 4319417.043, 100
Trd, 4319417.743, 96
Trd, 4319418.743, 99
Trd, 4319419.543, 105
Trd, 4319421.493, 113
Trd, 4319421.743, 105
Trd, 4319423.893, 100
Trd, 4319425.743, 99
Trd, 4319426.193, 106
Trd, 4319428.343, 103
Trd, 4319429.743, 102
Trd, 4319429.993, 113
Trd, 4319432.493, 110
Trd, 4319434.043, 93
Trd, 4319434.443, 100
Trd, 4319436.243, 101
Trd, 4319436.593, 99
Trd, 4319437.793, 99
Trd, 4319438.043, 105
Trd, 4319440.693, 111
Trd, 4319443.543, 107
Trd, 4319445.093, 100
Trd, 4319445.243, 98
Trd, 4319445.693, 107
Trd, 4319450.243, 99
Trd, 4319450.293, 98
Trd, 4319450.843, 81
Trd, 4319451.843, 87
Trd, 4319452.493, 105
Trd, 4319454.593, 102
Trd, 4319456.243, 105
Trd, 4319457.393, 96
Trd, 4319457.693, 99
Trd, 4319458.693, 105
Trd, 4319462.293, 98
Trd, 4319463.993, 101
Trd, 4319466.193, 95
Trd, 4319466.243, 94
Trd, 4319467.643, 97
Trd, 4319467.943, 93
Trd, 4319467.993, 106
Trd, 4319470.343, 100
Trd, 4319472.543, 75
Trd, 4319474.443, 108
Trd, 4319475.743, 95
Trd, 4319476.643, 97
Trd, 4319477.193, 92
Trd, 4319477.343, 92
Trd, 4319478.293, 105
Trd, 4319479.693, 91
Trd, 4319480.643, 92
Trd, 4319481.493, 106
Trd, 4319482.393, 104
Trd, 4319483.193, 97
Trd, 4319484.343, 96
Trd, 4319486.043, 89
Trd, 4319487.743, 91
Trd, 4319488.143, 95
Trd, 4319488.943, 106
Trd, 4319493.943, 95
Trd, 4319495.593, 99
Trd, 4319496.293, 106
Trd, 4319496.793, 96
Trd, 4319500.593, 98
Trd, 4319501.043, 98
Trd, 4319502.393, 97
Trd, 4319502.543, 106
Trd, 4319502.643, 106
Trd, 4319504.343, 95
Trd, 4319505.943, 96
Trd, 4319506.843, 95
Trd, 4319507.593, 106
Trd, 4319507.793, 96
Trd, 4319508.893, 94
Trd, 4319509.393, 97
Trd, 4319510.393, 113
Trd, 4319511.793, 93
Trd, 4319512.343, 112
Trd, 4319513.843, 96
Trd, 4319516.043, 104
Trd, 4319517.393, 95
Trd, 4319520.193, 103
Trd, 4319521.343, 101
Trd, 4319523.793, 106
Trd, 4319524.793, 97
Trd, 4319526.293, 103
Trd, 4319526.893, 96
Trd, 4319527.393, 96
Trd, 4319528.143, 104
Trd, 4319529.793, 105
Trd, 4319530.343, 95
Trd, 4319531.593, 98
Trd, 4319532.443, 99
Trd, 4319533.343, 112
Trd, 4319534.643, 101
Trd, 4319535.543, 100
Trd, 4319536.443, 106
Trd, 4319537.243, 76
Trd, 4319538.293, 105
Trd, 4319539.043, 93
Trd, 4319539.943, 104
Trd, 4319540.143, 104
Trd, 4319541.243, 113
Trd, 4319542.243, 100
Trd, 4319543.393, 99
Trd, 4319545.643, 105
Trd, 4319546.243, 106
Trd, 4319546.993, 100
Trd, 4319547.643, 107
Trd, 4319549.193, 108
Trd, 4319549.793, 100
Trd, 4319550.743, 93
Trd, 4319553.643, 99
Trd, 4319554.043, 123
Trd, 4319554.543, 98
Trd, 4319555.093, 109
Trd, 4319558.343, 102
Trd, 4319561.143, 101
Trd, 4319561.343, 111
Trd, 4319561.943, 112
Trd, 4319562.493, 79
Trd, 4319562.993, 89
Trd, 4319565.743, 110
Trd, 4319566.193, 112
Trd, 4319567.293, 100
Trd, 4319569.543, 104
Trd, 4319569.793, 107
Trd, 4319571.393, 102
Trd, 4319572.193, 95
Trd, 4319572.943, 106
Trd, 4319573.493, 99
Trd, 4319574.193, 107
Trd, 4319574.943, 94
Trd, 4319578.043, 101
Trd, 4319578.443, 99
Trd, 4319581.693, 101
Trd, 4319581.843, 93
Trd, 4319583.393, 101
Trd, 4319583.993, 98
Trd, 4319584.343, 104
Trd, 4319589.643, 98
Trd, 4319590.943, 98
Trd, 4319591.093, 104
Trd, 4319591.393, 112
Trd, 4319592.193, 103
Trd, 4319593.293, 99
Trd, 4319595.443, 95
Trd, 4319596.193, 104
Trd, 4319596.693, 98
Trd, 4319599.343, 97
Trd, 4319601.143, 94
Trd, 4319601.693, 101
Trd, 4319602.043, 104
Trd, 4319602.193, 95
Trd, 4319604.143, 94
Trd, 4319605.143, 95
Trd, 4319605.943, 102
Trd, 4319608.193, 95
Trd, 4319608.743, 103
Trd, 4319610.493, 99
Trd, 4319611.593, 98
Trd, 4319612.843, 94
Trd, 4319613.993, 93
Trd, 4319614.393, 104
Trd, 4319615.243, 92
Trd, 4319615.743, 102
Trd, 4319616.393, 106
Trd, 4319617.593, 102
Trd, 4319618.143, 113
Trd, 4319620.943, 95
Trd, 4319623.043, 100
Trd, 4319623.443, 103
Trd, 4319624.543, 104
Trd, 4319625.743, 97
Trd, 4319626.293, 104
Trd, 4319626.843, 100
Trd, 4319628.193, 99
Trd, 4319628.243, 94
Trd, 4319629.793, 98
Trd, 4319630.893, 100
Trd, 4319631.893, 108
Trd, 4319632.743, 106
Trd, 4319633.743, 105
Trd, 4319634.843, 113
Trd, 4319635.043, 120
Trd, 4319636.693, 107
Trd, 4319638.043, 103
Trd, 4319638.643, 94
Trd, 4319639.043, 116
Trd, 4319640.493, 103
Trd, 4319641.143, 105
Trd, 4319642.793, 119
Trd, 4319643.993, 104
Trd, 4319644.493, 102
Trd, 4319644.593, 93
Trd, 4319646.293, 95
Trd, 4319647.343, 98
Trd, 4319648.043, 116
Trd, 4319648.993, 101
Trd, 4319651.543, 107
Trd, 4319651.793, 109
Trd, 4319651.993, 106
Trd, 4319652.743, 103
Trd, 4319653.843, 97
Trd, 4319655.193, 123
Trd, 4319655.793, 113
Trd, 4319656.393, 111
Trd, 4319656.593, 103
Trd, 4319658.693, 109
Trd, 4319659.893, 93
Trd, 4319662.093, 105
Trd, 4319662.493, 116
Trd, 4319663.143, 102
Trd, 4319664.243, 108
Trd, 4319664.693, 109
Trd, 4319665.443, 107
Trd, 4319666.993, 95
Trd, 4319668.243, 110
Trd, 4319670.193, 110
Trd, 4319670.643, 107
Trd, 4319671.343, 94
Trd, 4319671.743, 123
Trd, 4319672.893, 103
Trd, 4319673.543, 101
Trd, 4319674.493, 98
Trd, 4319675.143, 78
Trd, 4319676.143, 98
Trd, 4319677.143, 106
Trd, 4319679.593, 98
Trd, 4319681.493, 104
Trd, 4319683.293, 98
Trd, 4319684.243, 99
Trd, 4319685.543, 97
Trd, 4319686.293, 106
Trd, 4319687.943, 101
Trd, 4319688.493, 98
Trd, 4319688.593, 94
Trd, 4319688.993, 78
Trd, 4319691.493, 106
Trd, 4319692.443, 107
Trd, 4319693.643, 101
Trd, 4319694.593, 105
Trd, 4319695.043, 98
Trd, 4319696.293, 114
Trd, 4319696.793, 107
Trd, 4319698.393, 107
Trd, 4319701.043, 103
Trd, 4319702.593, 101
Trd, 4319703.943, 101
Trd, 4319705.643, 76
Trd, 4319705.743, 90
Trd, 4319706.093, 90
Trd, 4319707.843, 104
Trd, 4319710.143, 113
Trd, 4319710.293, 98
Trd, 4319710.743, 97
Trd, 4319710.793, 93
Trd, 4319710.893, 101
Trd, 4319715.243, 109
Trd, 4319715.743, 96
Trd, 4319716.693, 108
Trd, 4319717.143, 78
Trd, 4319717.543, 76
Trd, 4319719.693, 96
Trd, 4319720.143, 98
Trd, 4319720.343, 101
Trd, 4319722.193, 102
Trd, 4319724.893, 99
Trd, 4319726.093, 99
Trd, 4319727.343, 97
Trd, 4319728.143, 95
Trd, 4319728.193, 94
Trd, 4319728.543, 84
Trd, 4319730.943, 85
Trd, 4319732.443, 89
Trd, 4319732.543, 105
Trd, 4319734.393, 105
Trd, 4319734.643, 99
Trd, 4319734.943, 102
Trd, 4319735.593, 96
Trd, 4319737.243, 105
Trd, 4319738.393, 103
Trd, 4319739.243, 106
Trd, 4319739.493, 94
Trd, 4319741.843, 97
Trd, 4319742.843, 97
Trd, 4319743.893, 97
Trd, 4319745.643, 96
Trd, 4319746.243, 107
Trd, 4319748.093, 108
Trd, 4319748.393, 97
Trd, 4319748.443, 98
Trd, 4319749.343, 96
Trd, 4319749.593, 123
Trd, 4319750.843, 94
Trd, 4319751.893, 71
Trd, 4319752.093, 109
Trd, 4319753.743, 111
Trd, 4319755.343, 92
Trd, 4319756.143, 94
Trd, 4319756.443, 103
Trd, 4319758.143, 99
Trd, 4319759.693, 106
Trd, 4319759.793, 98
Trd, 4319760.443, 113
Trd, 4319762.443, 111
Trd, 4319763.193, 98
Trd, 4319763.943, 94
Trd, 4319764.593, 88
Trd, 4319769.093, 104
Trd, 4319770.893, 95
Trd, 4319771.343, 100
Trd, 4319774.443, 100
Trd, 4319774.493, 94
Trd, 4319774.793, 97
Trd, 4319774.893, 94
Trd, 4319776.793, 93
Trd, 4319777.043, 100
Trd, 4319778.843, 113
Trd, 4319782.193, 98
Trd, 4319782.743, 99
Trd, 4319786.293, 96
Trd, 4319787.043, 92
Trd, 4319787.243, 97
Trd, 4319787.343, 92
Trd, 4319789.893, 98
Trd, 4319791.043, 91
Trd, 4319792.493, 104
Trd, 4319792.693, 90
Trd, 4319793.343, 105
Trd, 4319795.293, 93
Trd, 4319796.593, 104
Trd, 4319798.343, 99
Trd, 4319798.643, 100
Trd, 4319799.643, 106
Trd, 4319801.443, 93
Trd, 4319802.843, 97
Trd, 4319803.793, 99
Trd, 4319804.943, 105
Trd, 4319805.193, 97
Trd, 4319805.743, 119
Trd, 4319807.943, 95
Trd, 4319808.193, 106
Trd, 4319808.543, 104
Trd, 4319808.693, 107
Trd, 4319811.393, 100
Trd, 4319812.343, 98
Trd, 4319812.943, 100
Trd, 4319814.043, 97
Trd, 4319814.193, 97
Trd, 4319816.793, 98
Trd, 4319816.843, 119
Trd, 4319820.543, 103
Trd, 4319820.943, 97
Trd, 4319821.593, 100
Trd, 4319822.343, 102
Trd, 4319825.243, 97
Trd, 4319825.643, 104
Trd, 4319826.743, 96
Trd, 4319827.943, 100
Trd, 4319828.943, 102
Trd, 4319829.043, 96
Trd, 4319830.893, 94
Trd, 4319831.593, 106
Trd, 4319833.543, 95
Trd, 4319834.293, 101
Trd, 4319834.643, 93
Trd, 4319835.543, 96
Trd, 4319837.793, 105
Trd, 4319839.043, 124
Trd, 4319840.093, 96
Trd, 4319841.493, 95
Trd, 4319842.393, 101
Trd, 4319843.043, 101
Trd, 4319844.243, 108
Trd, 4319844.593, 98
Trd, 4319848.293, 104
Trd, 4319849.043, 94
Trd, 4319851.393, 95
Trd, 4319852.443, 93
Trd, 4319854.793, 93
Trd, 4319855.743, 92
Trd, 4319857.643, 91
Trd, 4319858.043, 101
Trd, 4319858.343, 106
Trd, 4319860.343, 104
Trd, 4319861.593, 105
Trd, 4319862.993, 98
Trd, 4319865.593, 97
Trd, 4319866.293, 104
Trd, 4319866.593, 106
Trd, 4319867.443, 97
Trd, 4319867.543, 96
Trd, 4319869.193, 94
Trd, 4319869.443, 95
Trd, 4319869.543, 79
Trd, 4319870.243, 99
Trd, 4319872.043, 94
Trd, 4319872.993, 94
Trd, 4319875.093, 93
Trd, 4319876.893, 94
Trd, 4319876.993, 99
Trd, 4319878.043, 104
Trd, 4319879.593, 97
Trd, 4319879.893, 106
Trd, 4319880.343, 110
Trd, 4319881.893, 98
Trd, 4319883.093, 95
Trd, 4319884.593, 80
Trd, 4319885.593, 100
Trd, 4319888.643, 100
Trd, 4319889.243, 96
Trd, 4319890.543, 93
Trd, 4319890.793, 108
Trd, 4319893.093, 108
Trd, 4319893.893, 92
Trd, 4319894.043, 103
Trd, 4319895.743, 109
Trd, 4319898.043, 113
Trd, 4319898.393, 107
Trd, 4319899.643, 105
Trd, 4319900.343, 94
Trd, 4319900.543, 109
Trd, 4319901.293, 101
Trd, 4319903.193, 93
Trd, 4319904.443, 113
Trd, 4319904.643, 100
Trd, 4319905.643, 88
Trd, 4319905.993, 93
Trd, 4319907.543, 97
Trd, 4319909.393, 98
Trd, 4319909.843, 105
Trd, 4319910.543, 95
Trd, 4319911.493, 86
Trd, 4319912.393, 89
Trd, 4319913.743, 92
Trd, 4319916.643, 93
Trd, 4319917.093, 95
Trd, 4319919.093, 105
Trd, 4319920.143, 115
Trd, 4319920.493, 104
Trd, 4319921.193, 109
Trd, 4319922.043, 99
Trd, 4319923.093, 97
Trd, 4319923.143, 94
Trd, 4319925.643, 105
Trd, 4319926.093, 96
Trd, 4319928.243, 105
Trd, 4319928.543, 96
Trd, 4319930.193, 93
Trd, 4319930.293, 104
Trd, 4319930.843, 91
Trd, 4319932.893, 92
Trd, 4319933.993, 95
Trd, 4319936.093, 96
Trd, 4319936.343, 95
Trd, 4319938.243, 104
Trd, 4319938.343, 94
Trd, 4319939.193, 105
Trd, 4319942.793, 98
Trd, 4319945.043, 99
Trd, 4319945.493, 99
Trd, 4319947.443, 99
Trd, 4319951.493, 98
Trd, 4319952.143, 95
Trd, 4319952.593, 94
Trd, 4319953.743, 97
Trd, 4319955.593, 105
Trd, 4319957.843, 106
Trd, 4319959.493, 100
Trd, 4319960.493, 103
Trd, 4319960.693, 98
Trd, 4319960.843, 103
Trd, 4319961.843, 93
Trd, 4319963.743, 102
Trd, 4319964.693, 105
Trd, 4319964.743, 97
Trd, 4319966.193, 103
Trd, 4319967.143, 96
Trd, 4319969.743, 82
Trd, 4319970.093, 88
Trd, 4319970.193, 95
Trd, 4319973.393, 105
Trd, 4319974.643, 94
Trd, 4319976.193, 93
Trd, 4319976.543, 96
Trd, 4319978.193, 106
Trd, 4319981.093, 95
Trd, 4319983.493, 96
Trd, 4319984.093, 106
Trd, 4319984.393, 94
Trd, 4319986.593, 99
Trd, 4319988.943, 98
Trd, 4319989.793, 93
Trd, 4319992.293, 97
Trd, 4319994.643, 92
Trd, 4319995.943, 92
Trd, 4319996.343, 91
Trd, 4319996.693, 105
Trd, 4319997.243, 116
Trd, 4319998.493, 110
