Trd, 4317845.493, 93
Trd, 4317845.843, 95
Trd, 4317847.393, 94
Trd, 4317852.393, 94
Trd, 4317853.893, 94
Trd, 4317854.593, 94
Trd, 4317855.593, 94
Trd, 4317858.143, 95
Trd, 4317859.293, 95
Trd, 4317859.943, 94
Trd, 4317861.693, 94
Trd, 4317863.193, 93
Trd, 4317864.843, 93
Trd, 4317866.143, 94
Trd, 4317867.793, 94
Trd, 4317870.143, 95
Trd, 4317870.993, 94
Trd, 4317872.543, 94
Trd, 4317872.843, 94
Trd, 4317875.743, 93
Trd, 4317876.543, 94
Trd, 4317877.593, 96
Trd, 4317878.293, 98
Trd, 4317880.793, 101
Trd, 4317880.943, 98
Trd, 4317883.443, 98
Trd, 4317885.693, 99
Trd, 4317886.693, 97
Trd, 4317887.293, 96
Trd, 4317889.393, 96
Trd, 4317892.293, 94
Trd, 4317893.743, 94
Trd, 4317895.243, 95
Trd, 4317895.493, 95
Trd, 4317895.793, 95
Trd, 4317898.293, 92
Trd, 4317898.543, 92
Trd, 4317899.743, 92
Trd, 4317900.093, 91
Trd, 4317901.743, 90
Trd, 4317903.943, 90
Trd, 4317904.443, 90
Trd, 4317906.393, 90
Trd, 4317906.893, 89
Trd, 4317909.143, 89
Trd, 4317909.493, 90
Trd, 4317910.893, 91
Trd, 4317911.143, 95
Trd, 4317912.643, 95
Trd, 4317918.543, 101
Trd, 4317919.193, 100
Trd, 4317919.543, 99
Trd, 4317920.943, 97
Trd, 4317923.093, 97
Trd, 4317925.143, 104
Trd, 4317926.143, 104
Trd, 4317926.993, 104
Trd, 4317929.543, 103
Trd, 4317930.543, 105
Trd, 4317931.943, 104
Trd, 4317932.443, 104
Trd, 4317934.293, 103
Trd, 4317935.443, 104
Trd, 4317935.743, 104
Trd, 4317939.193, 103
Trd, 4317940.293, 104
Trd, 4317942.393, 104
Trd, 4317945.243, 105
Trd, 4317946.143, 105
Trd, 4317947.893, 104
Trd, 4317948.543, 103
Trd, 4317951.193, 102
Trd, 4317952.243, 100
Trd, 4317953.043, 100
Trd, 4317954.143, 100
Trd, 4317955.343, 102
Trd, 4317956.643, 101
Trd, 4317957.693, 100
Trd, 4317958.943, 100
Trd, 4317960.793, 99
Trd, 4317964.243, 103
Trd, 4317965.543, 103
Trd, 4317965.693, 101
Trd, 4317967.043, 99
Trd, 4317967.443, 99
Trd, 4317969.493, 96
Trd, 4317970.743, 97
Trd, 4317971.793, 96
Trd, 4317976.043, 96
Trd, 4317976.193, 97
Trd, 4317978.493, 95
Trd, 4317979.643, 100
Trd, 4317979.693, 98
Trd, 4317980.843, 99
Trd, 4317981.393, 98
Trd, 4317983.943, 98
Trd, 4317984.193, 97
Trd, 4317986.243, 96
Trd, 4317986.643, 98
Trd, 4317987.843, 97
Trd, 4317989.093, 98
Trd, 4317989.843, 96
Trd, 4317991.743, 96
Trd, 4317992.593, 95
Trd, 4317994.843, 95
Trd, 4317996.293, 96
Trd, 4317997.543, 96
Trd, 4317997.593, 96
Trd, 4318000.143, 95
Trd, 4318001.243, 95
Trd, 4318002.393, 95
Trd, 4318002.493, 94
Trd, 4318003.293, 94
Trd, 4318004.993, 94
Trd, 4318007.793, 95
Trd, 4318008.543, 93
Trd, 4318008.993, 94
Trd, 4318011.143, 94
Trd, 4318011.293, 93
Trd, 4318013.193, 95
Trd, 4318013.993, 94
Trd, 4318017.043, 94
Trd, 4318018.243, 93
Trd, 4318019.443, 94
Trd, 4318019.993, 95
Trd, 4318023.743, 94
Trd, 4318023.843, 93
Trd, 4318024.093, 93
Trd, 4318026.093, 92
Trd, 4318026.743, 93
Trd, 4318027.893, 94
Trd, 4318028.993, 94
Trd, 4318029.993, 93
Trd, 4318032.843, 92
Trd, 4318034.943, 95
Trd, 4318035.793, 94
Trd, 4318036.793, 94
Trd, 4318038.993, 93
Trd, 4318040.493, 94
Trd, 4318040.943, 93
Trd, 4318041.593, 93
Trd, 4318044.243, 94
Trd, 4318045.793, 93
Trd, 4318047.993, 92
Trd, 4318048.193, 93
Trd, 4318050.993, 93
Trd, 4318051.393, 93
Trd, 4318053.043, 93
Trd, 4318056.693, 93
Trd, 4318056.893, 93
Trd, 4318057.843, 93
Trd, 4318058.693, 94
Trd, 4318060.693, 94
Trd, 4318062.493, 94
Trd, 4318062.693, 94
Trd, 4318064.693, 94
Trd, 4318067.093, 94
Trd, 4318069.043, 95
Trd, 4318069.843, 94
Trd, 4318070.193, 94
Trd, 4318071.893, 94
Trd, 4318073.393, 94
Trd, 4318074.843, 95
Trd, 4318077.693, 95
Trd, 4318077.743, 96
Trd, 4318078.143, 96
Trd, 4318080.543, 97
Trd, 4318080.943, 98
Trd, 4318082.693, 101
Trd, 4318083.793, 100
Trd, 4318086.643, 101
Trd, 4318087.843, 103
Trd, 4318088.693, 104
Trd, 4318089.093, 105
Trd, 4318089.743, 105
Trd, 4318091.043, 104
Trd, 4318092.443, 102
Trd, 4318092.843, 102
Trd, 4318094.093, 101
Trd, 4318095.993, 98
Trd, 4318096.693, 98
Trd, 4318097.593, 99
Trd, 4318099.293, 98
Trd, 4318100.443, 98
Trd, 4318103.393, 99
Trd, 4318104.093, 99
Trd, 4318104.343, 97
Trd, 4318105.093, 98
Trd, 4318108.393, 97
Trd, 4318109.293, 98
Trd, 4318110.593, 97
Trd, 4318110.793, 98
Trd, 4318112.793, 97
Trd, 4318114.693, 95
Trd, 4318115.693, 95
Trd, 4318118.043, 95
Trd, 4318119.293, 94
Trd, 4318120.093, 94
Trd, 4318120.943, 95
Trd, 4318122.443, 95
Trd, 4318124.343, 94
Trd, 4318126.543, 92
Trd, 4318127.043, 94
Trd, 4318127.193, 93
Trd, 4318128.243, 94
Trd, 4318128.393, 95
Trd, 4318129.943, 95
Trd, 4318131.793, 100
Trd, 4318132.093, 100
Trd, 4318136.743, 99
Trd, 4318137.443, 98
Trd, 4318139.993, 99
Trd, 4318140.743, 99
Trd, 4318141.193, 98
Trd, 4318142.793, 101
Trd, 4318144.393, 100
Trd, 4318144.543, 102
Trd, 4318148.493, 100
Trd, 4318149.143, 100
Trd, 4318149.393, 99
Trd, 4318151.543, 102
Trd, 4318153.643, 101
Trd, 4318154.343, 100
Trd, 4318156.943, 100
Trd, 4318157.343, 101
Trd, 4318158.143, 101
Trd, 4318159.093, 102
Trd, 4318161.643, 101
Trd, 4318161.843, 101
Trd, 4318163.393, 101
Trd, 4318164.193, 100
Trd, 4318165.543, 99
Trd, 4318166.193, 99
Trd, 4318168.493, 99
Trd, 4318168.793, 98
Trd, 4318169.593, 99
Trd, 4318172.643, 99
Trd, 4318173.643, 98
Trd, 4318174.693, 98
Trd, 4318174.743, 98
Trd, 4318178.993, 103
Trd, 4318179.193, 102
Trd, 4318179.643, 100
Trd, 4318183.643, 100
Trd, 4318184.493, 101
Trd, 4318185.343, 102
Trd, 4318185.793, 100
Trd, 4318187.543, 101
Trd, 4318188.143, 100
Trd, 4318191.093, 101
Trd, 4318193.493, 100
Trd, 4318194.893, 96
Trd, 4318195.393, 96
Trd, 4318196.043, 96
Trd, 4318198.743, 100
Trd, 4318200.293, 100
Trd, 4318201.393, 100
Trd, 4318204.293, 112
Trd, 4318204.893, 111
Trd, 4318205.243, 110
Trd, 4318206.493, 110
Trd, 4318207.643, 110
Trd, 4318208.143, 110
Trd, 4318210.793, 109
Trd, 4318211.093, 108
Trd, 4318212.243, 109
Trd, 4318214.343, 108
Trd, 4318214.443, 108
Trd, 4318218.693, 105
Trd, 4318219.443, 104
Trd, 4318220.093, 104
Trd, 4318221.143, 98
Trd, 4318224.443, 94
Trd, 4318225.593, 91
Trd, 4318226.043, 90
Trd, 4318227.893, 89
Trd, 4318228.943, 89
Trd, 4318230.893, 92
Trd, 4318232.593, 93
Trd, 4318233.143, 94
Trd, 4318234.693, 95
Trd, 4318236.843, 100
Trd, 4318238.343, 102
Trd, 4318238.443, 100
Trd, 4318240.243, 102
Trd, 4318241.543, 101
Trd, 4318242.393, 100
Trd, 4318243.293, 99
Trd, 4318244.543, 99
Trd, 4318246.393, 98
Trd, 4318247.593, 98
Trd, 4318247.643, 97
Trd, 4318248.843, 96
Trd, 4318250.243, 94
Trd, 4318251.693, 95
Trd, 4318252.593, 94
Trd, 4318256.443, 94
Trd, 4318256.893, 94
Trd, 4318257.593, 94
Trd, 4318260.393, 95
Trd, 4318260.693, 94
Trd, 4318261.893, 93
Trd, 4318262.643, 92
Trd, 4318264.443, 92
Trd, 4318265.243, 93
Trd, 4318266.143, 92
Trd, 4318269.893, 91
Trd, 4318269.993, 91
Trd, 4318271.093, 91
Trd, 4318272.843, 95
Trd, 4318274.093, 97
Trd, 4318275.743, 99
Trd, 4318276.443, 99
Trd, 4318277.443, 98
Trd, 4318279.743, 97
Trd, 4318281.893, 96
Trd, 4318282.643, 97
Trd, 4318283.393, 95
Trd, 4318283.493, 95
Trd, 4318285.993, 95
Trd, 4318287.693, 94
Trd, 4318288.143, 95
Trd, 4318289.493, 95
Trd, 4318291.143, 94
Trd, 4318293.993, 94
Trd, 4318294.193, 95
Trd, 4318296.293, 96
Trd, 4318297.793, 95
Trd, 4318298.693, 94
Trd, 4318298.743, 94
Trd, 4318300.443, 91
Trd, 4318300.843, 91
Trd, 4318302.793, 92
Trd, 4318305.743, 92
Trd, 4318307.543, 92
Trd, 4318308.093, 91
Trd, 4318310.593, 90
Trd, 4318312.043, 90
Trd, 4318313.993, 90
Trd, 4318317.343, 90
Trd, 4318318.443, 89
Trd, 4318319.543, 91
Trd, 4318321.393, 91
Trd, 4318323.043, 95
Trd, 4318323.193, 94
Trd, 4318325.443, 100
Trd, 4318326.343, 101
Trd, 4318326.743, 100
Trd, 4318327.743, 100
Trd, 4318329.793, 102
Trd, 4318331.343, 105
Trd, 4318332.943, 104
Trd, 4318335.093, 104
Trd, 4318336.543, 103
Trd, 4318338.393, 103
Trd, 4318339.893, 104
Trd, 4318341.393, 104
Trd, 4318342.093, 103
Trd, 4318344.193, 102
Trd, 4318345.693, 101
Trd, 4318346.393, 101
Trd, 4318349.343, 99
Trd, 4318351.043, 100
Trd, 4318351.443, 99
Trd, 4318353.393, 95
Trd, 4318354.093, 96
Trd, 4318355.943, 97
Trd, 4318356.593, 98
Trd, 4318357.043, 98
Trd, 4318358.793, 95
Trd, 4318359.393, 96
Trd, 4318360.043, 96
Trd, 4318364.043, 96
Trd, 4318365.043, 96
Trd, 4318365.693, 96
Trd, 4318366.593, 96
Trd, 4318367.243, 96
Trd, 4318368.643, 95
Trd, 4318368.843, 95
Trd, 4318370.593, 94
Trd, 4318371.543, 95
Trd, 4318372.993, 95
Trd, 4318374.293, 94
Trd, 4318374.643, 93
Trd, 4318376.493, 92
Trd, 4318377.693, 93
Trd, 4318378.443, 92
Trd, 4318379.143, 92
Trd, 4318379.943, 92
Trd, 4318382.443, 93
Trd, 4318384.493, 93
Trd, 4318385.893, 93
Trd, 4318388.743, 92
Trd, 4318389.443, 93
Trd, 4318392.943, 92
Trd, 4318393.293, 91
Trd, 4318394.343, 92
Trd, 4318395.843, 89
Trd, 4318397.193, 91
Trd, 4318399.843, 91
Trd, 4318400.243, 92
Trd, 4318401.993, 93
Trd, 4318402.893, 93
Trd, 4318403.093, 93
Trd, 4318407.093, 93
Trd, 4318407.543, 92
Trd, 4318408.693, 95
Trd, 4318409.543, 97
Trd, 4318409.843, 96
Trd, 4318412.743, 98
Trd, 4318414.093, 99
Trd, 4318414.793, 98
Trd, 4318419.643, 97
Trd, 4318419.893, 97
Trd, 4318420.643, 98
Trd, 4318421.993, 97
Trd, 4318422.393, 97
Trd, 4318423.443, 97
Trd, 4318425.243, 96
Trd, 4318425.393, 95
Trd, 4318428.493, 95
Trd, 4318428.893, 96
Trd, 4318430.993, 96
Trd, 4318433.393, 97
Trd, 4318434.143, 97
Trd, 4318436.093, 96
Trd, 4318437.293, 95
Trd, 4318438.493, 101
Trd, 4318439.043, 103
Trd, 4318441.643, 105
Trd, 4318443.343, 104
Trd, 4318443.393, 104
Trd, 4318446.343, 106
Trd, 4318448.243, 108
Trd, 4318448.643, 109
Trd, 4318449.243, 107
Trd, 4318450.143, 107
Trd, 4318451.943, 106
Trd, 4318452.943, 106
Trd, 4318456.293, 107
Trd, 4318456.843, 106
Trd, 4318458.493, 105
Trd, 4318461.293, 104
Trd, 4318461.693, 104
Trd, 4318462.343, 106
Trd, 4318464.293, 104
Trd, 4318465.843, 104
Trd, 4318467.543, 104
Trd, 4318470.593, 104
Trd, 4318471.493, 103
Trd, 4318472.493, 103
Trd, 4318473.193, 103
Trd, 4318475.843, 103
Trd, 4318475.993, 102
Trd, 4318478.693, 103
Trd, 4318479.643, 102
Trd, 4318481.893, 104
Trd, 4318483.843, 103
Trd, 4318484.893, 103
Trd, 4318485.543, 104
Trd, 4318486.093, 104
Trd, 4318487.643, 104
Trd, 4318489.043, 101
Trd, 4318489.793, 100
Trd, 4318493.243, 99
Trd, 4318495.293, 104
Trd, 4318495.743, 103
Trd, 4318496.843, 103
Trd, 4318498.743, 102
Trd, 4318503.043, 103
Trd, 4318503.343, 104
Trd, 4318504.093, 104
Trd, 4318505.943, 103
Trd, 4318509.843, 103
Trd, 4318510.543, 102
Trd, 4318510.693, 103
Trd, 4318513.443, 102
Trd, 4318513.593, 101
Trd, 4318513.893, 101
Trd, 4318515.493, 102
Trd, 4318517.293, 101
Trd, 4318518.743, 101
Trd, 4318521.493, 100
Trd, 4318522.993, 98
Trd, 4318523.443, 97
Trd, 4318524.443, 97
Trd, 4318525.293, 97
Trd, 4318526.393, 96
Trd, 4318527.893, 95
Trd, 4318529.443, 96
Trd, 4318532.893, 95
Trd, 4318533.943, 95
Trd, 4318534.393, 94
Trd, 4318536.093, 93
Trd, 4318537.343, 94
Trd, 4318541.243, 93
Trd, 4318542.643, 98
Trd, 4318542.843, 97
Trd, 4318542.893, 96
Trd, 4318546.793, 97
Trd, 4318546.993, 96
Trd, 4318547.643, 96
Trd, 4318547.993, 97
Trd, 4318550.693, 96
Trd, 4318552.293, 96
Trd, 4318555.293, 95
Trd, 4318557.093, 96
Trd, 4318558.843, 96
Trd, 4318559.693, 96
Trd, 4318560.843, 96
Trd, 4318561.193, 95
Trd, 4318562.593, 94
Trd, 4318565.943, 97
Trd, 4318566.943, 97
Trd, 4318567.743, 96
Trd, 4318569.393, 95
Trd, 4318570.393, 94
Trd, 4318570.493, 94
Trd, 4318571.743, 95
Trd, 4318573.343, 94
Trd, 4318576.093, 99
Trd, 4318576.793, 98
Trd, 4318577.393, 102
Trd, 4318577.793, 102
Trd, 4318578.893, 102
Trd, 4318581.793, 105
Trd, 4318582.293, 104
Trd, 4318583.093, 103
Trd, 4318583.943, 102
Trd, 4318586.943, 104
Trd, 4318587.043, 102
Trd, 4318588.643, 104
Trd, 4318589.993, 104
Trd, 4318590.693, 104
Trd, 4318592.543, 100
Trd, 4318593.643, 99
Trd, 4318595.143, 101
Trd, 4318597.193, 103
Trd, 4318597.993, 101
Trd, 4318598.143, 100
Trd, 4318598.643, 99
Trd, 4318602.143, 100
Trd, 4318602.493, 98
Trd, 4318604.193, 99
Trd, 4318605.493, 98
Trd, 4318608.843, 99
Trd, 4318609.393, 99
Trd, 4318610.443, 97
Trd, 4318611.993, 97
Trd, 4318612.693, 98
Trd, 4318616.343, 98
Trd, 4318617.343, 96
Trd, 4318618.743, 96
Trd, 4318619.143, 95
Trd, 4318620.943, 96
Trd, 4318622.843, 96
Trd, 4318624.393, 96
Trd, 4318626.593, 95
Trd, 4318628.343, 96
Trd, 4318628.393, 95
Trd, 4318631.093, 96
Trd, 4318633.443, 95
Trd, 4318634.693, 94
Trd, 4318635.443, 94
Trd, 4318637.343, 95
Trd, 4318638.893, 94
Trd, 4318639.293, 95
Trd, 4318643.043, 93
Trd, 4318644.143, 93
Trd, 4318644.393, 92
Trd, 4318644.793, 92
Trd, 4318647.893, 98
Trd, 4318647.993, 97
Trd, 4318650.493, 98
Trd, 4318650.893, 98
Trd, 4318653.593, 99
Trd, 4318654.743, 98
Trd, 4318656.193, 96
Trd, 4318657.343, 96
Trd, 4318658.643, 96
Trd, 4318659.093, 96
Trd, 4318662.493, 96
Trd, 4318663.843, 97
Trd, 4318664.593, 97
Trd, 4318668.943, 97
Trd, 4318669.943, 95
Trd, 4318670.743, 95
Trd, 4318671.393, 96
Trd, 4318671.943, 95
Trd, 4318675.343, 95
Trd, 4318676.243, 95
Trd, 4318678.843, 95
Trd, 4318680.343, 94
Trd, 4318682.693, 94
Trd, 4318684.743, 94
Trd, 4318685.343, 93
Trd, 4318686.843, 95
Trd, 4318687.793, 96
Trd, 4318689.193, 98
Trd, 4318691.593, 102
Trd, 4318692.493, 101
Trd, 4318692.543, 101
Trd, 4318693.393, 99
Trd, 4318695.993, 92
Trd, 4318696.593, 91
Trd, 4318699.643, 88
Trd, 4318699.893, 89
Trd, 4318700.243, 89
Trd, 4318700.493, 88
Trd, 4318703.593, 91
Trd, 4318703.993, 90
Trd, 4318705.593, 91
Trd, 4318709.393, 92
Trd, 4318710.093, 92
Trd, 4318710.443, 91
Trd, 4318711.043, 91
Trd, 4318711.643, 95
Trd, 4318711.743, 94
Trd, 4318714.943, 96
Trd, 4318715.343, 95
Trd, 4318718.693, 96
Trd, 4318719.093, 95
Trd, 4318720.843, 96
Trd, 4318721.743, 95
Trd, 4318722.693, 91
Trd, 4318723.493, 92
Trd, 4318725.393, 92
Trd, 4318727.343, 95
Trd, 4318728.093, 93
Trd, 4318729.943, 97
Trd, 4318730.843, 96
Trd, 4318733.443, 101
Trd, 4318734.693, 99
Trd, 4318735.143, 100
Trd, 4318736.743, 100
Trd, 4318737.143, 100
Trd, 4318738.493, 100
Trd, 4318740.993, 98
Trd, 4318741.843, 99
Trd, 4318743.693, 98
Trd, 4318745.743, 99
Trd, 4318747.643, 99
Trd, 4318748.443, 99
Trd, 4318751.193, 98
Trd, 4318752.343, 98
Trd, 4318754.093, 98
Trd, 4318756.343, 100
Trd, 4318756.993, 97
Trd, 4318757.643, 97
Trd, 4318759.193, 97
Trd, 4318759.543, 98
Trd, 4318762.593, 97
Trd, 4318764.093, 96
Trd, 4318764.693, 97
Trd, 4318765.943, 97
Trd, 4318767.243, 97
Trd, 4318769.543, 96
Trd, 4318769.593, 97
Trd, 4318771.293, 96
Trd, 4318773.143, 96
Trd, 4318774.243, 96
Trd, 4318777.543, 95
Trd, 4318779.443, 94
Trd, 4318780.393, 93
Trd, 4318780.893, 94
Trd, 4318781.893, 94
Trd, 4318784.943, 93
Trd, 4318785.893, 94
Trd, 4318786.543, 93
Trd, 4318788.793, 94
Trd, 4318790.543, 94
Trd, 4318791.793, 93
Trd, 4318793.793, 94
Trd, 4318793.893, 93
Trd, 4318798.393, 101
Trd, 4318798.693, 100
Trd, 4318799.193, 98
Trd, 4318801.443, 103
Trd, 4318802.893, 104
Trd, 4318803.643, 103
Trd, 4318804.893, 103
Trd, 4318805.243, 101
Trd, 4318805.593, 102
Trd, 4318810.493, 102
Trd, 4318811.443, 101
Trd, 4318814.093, 101
Trd, 4318814.443, 102
Trd, 4318816.493, 102
Trd, 4318817.193, 101
Trd, 4318818.293, 101
Trd, 4318818.843, 100
Trd, 4318821.443, 99
Trd, 4318821.843, 100
Trd, 4318823.343, 101
Trd, 4318824.343, 100
Trd, 4318827.393, 101
Trd, 4318827.693, 100
Trd, 4318828.643, 99
Trd, 4318829.343, 98
Trd, 4318830.143, 98
Trd, 4318830.993, 97
Trd, 4318835.193, 98
Trd, 4318837.743, 98
Trd, 4318838.943, 97
Trd, 4318840.093, 97
Trd, 4318841.893, 96
Trd, 4318843.143, 95
Trd, 4318845.393, 95
Trd, 4318846.043, 95
Trd, 4318846.393, 94
Trd, 4318848.143, 95
Trd, 4318849.343, 96
Trd, 4318850.493, 94
Trd, 4318850.843, 94
Trd, 4318851.843, 95
Trd, 4318856.493, 93
Trd, 4318856.593, 93
Trd, 4318856.943, 93
Trd, 4318857.243, 93
Trd, 4318858.043, 96
Trd, 4318860.843, 97
Trd, 4318861.343, 97
Trd, 4318864.143, 97
Trd, 4318864.543, 97
Trd, 4318865.993, 96
Trd, 4318866.543, 95
Trd, 4318868.193, 96
Trd, 4318868.243, 96
Trd, 4318871.643, 98
Trd, 4318872.343, 97
Trd, 4318872.793, 97
Trd, 4318873.543, 97
Trd, 4318874.343, 98
Trd, 4318875.743, 99
Trd, 4318877.993, 98
Trd, 4318879.843, 97
Trd, 4318880.393, 97
Trd, 4318881.143, 95
Trd, 4318882.393, 94
Trd, 4318883.093, 94
Trd, 4318884.443, 95
Trd, 4318884.643, 94
Trd, 4318887.493, 93
Trd, 4318887.943, 94
Trd, 4318888.643, 94
Trd, 4318890.443, 94
Trd, 4318890.893, 93
Trd, 4318892.543, 92
Trd, 4318895.293, 94
Trd, 4318896.093, 93
Trd, 4318896.893, 94
Trd, 4318898.743, 93
Trd, 4318902.193, 92
Trd, 4318903.443, 93
Trd, 4318903.543, 93
Trd, 4318905.943, 93
Trd, 4318906.843, 93
Trd, 4318907.643, 92
Trd, 4318908.593, 92
Trd, 4318913.693, 92
Trd, 4318914.293, 92
Trd, 4318914.943, 91
Trd, 4318915.593, 91
Trd, 4318915.693, 92
Trd, 4318915.993, 92
Trd, 4318922.743, 92
Trd, 4318924.243, 92
Trd, 4318925.493, 91
Trd, 4318925.893, 92
Trd, 4318927.493, 91
Trd, 4318928.793, 90
Trd, 4318930.093, 91
Trd, 4318930.743, 90
Trd, 4318932.093, 90
Trd, 4318933.743, 91
Trd, 4318936.043, 90
Trd, 4318936.743, 90
Trd, 4318938.093, 90
Trd, 4318939.793, 91
Trd, 4318941.643, 95
Trd, 4318942.093, 95
Trd, 4318943.293, 96
Trd, 4318944.293, 97
Trd, 4318946.193, 97
Trd, 4318946.243, 98
Trd, 4318946.793, 97
Trd, 4318949.793, 96
Trd, 4318952.693, 97
Trd, 4318953.243, 96
Trd, 4318953.993, 96
Trd, 4318954.943, 95
Trd, 4318955.043, 95
Trd, 4318955.743, 96
Trd, 4318959.843, 100
Trd, 4318960.293, 99
Trd, 4318960.943, 99
Trd, 4318962.143, 98
Trd, 4318963.243, 98
Trd, 4318963.743, 99
Trd, 4318965.593, 98
Trd, 4318966.543, 98
Trd, 4318968.193, 98
Trd, 4318972.693, 99
Trd, 4318973.393, 99
Trd, 4318974.243, 100
Trd, 4318976.293, 100
Trd, 4318976.793, 100
Trd, 4318976.993, 99
Trd, 4318979.993, 100
Trd, 4318981.793, 99
Trd, 4318983.893, 100
Trd, 4318984.393, 100
Trd, 4318985.293, 98
Trd, 4318986.093, 97
Trd, 4318989.043, 97
Trd, 4318990.693, 96
Trd, 4318994.593, 97
Trd, 4318995.493, 97
Trd, 4318997.043, 96
Trd, 4318997.493, 96
Trd, 4318997.743, 96
Trd, 4319000.493, 96
Trd, 4319001.693, 95
Trd, 4319004.143, 95
Trd, 4319005.493, 95
Trd, 4319006.293, 95
Trd, 4319008.143, 94
Trd, 4319008.793, 94
Trd, 4319011.643, 95
Trd, 4319012.093, 95
Trd, 4319013.493, 94
Trd, 4319014.393, 93
Trd, 4319015.093, 95
Trd, 4319016.343, 104
Trd, 4319017.993, 104
Trd, 4319019.443, 104
Trd, 4319020.393, 104
Trd, 4319021.693, 103
Trd, 4319022.193, 103
Trd, 4319023.343, 102
Trd, 4319025.393, 102
Trd, 4319025.693, 102
Trd, 4319029.593, 102
Trd, 4319032.193, 103
Trd, 4319032.393, 103
Trd, 4319033.543, 103
Trd, 4319034.443, 104
Trd, 4319036.343, 103
Trd, 4319040.893, 104
Trd, 4319041.543, 103
Trd, 4319044.843, 101
Trd, 4319045.243, 101
Trd, 4319046.293, 101
Trd, 4319047.243, 101
Trd, 4319048.893, 101
Trd, 4319051.343, 99
Trd, 4319051.893, 99
Trd, 4319053.393, 99
Trd, 4319055.093, 99
Trd, 4319055.743, 98
Trd, 4319056.243, 99
Trd, 4319060.143, 98
Trd, 4319061.743, 98
Trd, 4319061.893, 97
Trd, 4319063.243, 96
Trd, 4319065.493, 96
Trd, 4319068.443, 95
Trd, 4319068.743, 96
Trd, 4319069.343, 95
Trd, 4319069.593, 96
Trd, 4319071.793, 99
Trd, 4319074.843, 102
Trd, 4319075.043, 101
Trd, 4319076.593, 100
Trd, 4319077.693, 99
Trd, 4319078.393, 98
Trd, 4319081.093, 97
Trd, 4319081.143, 97
Trd, 4319082.993, 98
Trd, 4319083.843, 98
Trd, 4319084.043, 98
Trd, 4319086.893, 98
Trd, 4319087.593, 97
Trd, 4319089.143, 99
Trd, 4319090.093, 102
Trd, 4319090.343, 101
Trd, 4319091.343, 101
Trd, 4319094.293, 99
Trd, 4319094.393, 98
Trd, 4319096.793, 99
Trd, 4319098.493, 99
Trd, 4319099.993, 100
Trd, 4319101.293, 99
Trd, 4319101.743, 99
Trd, 4319105.593, 99
Trd, 4319105.693, 98
Trd, 4319106.193, 98
Trd, 4319107.893, 98
Trd, 4319108.643, 97
Trd, 4319109.543, 94
Trd, 4319109.643, 95
Trd, 4319111.843, 94
Trd, 4319113.743, 97
Trd, 4319115.693, 96
Trd, 4319117.193, 96
Trd, 4319119.643, 96
Trd, 4319121.443, 96
Trd, 4319121.543, 95
Trd, 4319122.443, 97
Trd, 4319123.493, 97
Trd, 4319125.743, 96
Trd, 4319126.243, 95
Trd, 4319129.543, 95
Trd, 4319130.193, 95
Trd, 4319130.493, 95
Trd, 4319130.743, 93
Trd, 4319133.593, 96
Trd, 4319135.793, 96
Trd, 4319137.243, 96
Trd, 4319138.143, 96
Trd, 4319139.893, 95
Trd, 4319142.143, 95
Trd, 4319144.043, 94
Trd, 4319144.393, 94
Trd, 4319146.393, 94
Trd, 4319146.543, 94
Trd, 4319148.743, 94
Trd, 4319150.093, 94
Trd, 4319151.043, 96
Trd, 4319152.743, 97
Trd, 4319152.943, 95
Trd, 4319156.593, 95
Trd, 4319156.843, 95
Trd, 4319157.243, 95
Trd, 4319158.943, 94
Trd, 4319162.493, 93
Trd, 4319162.643, 94
Trd, 4319162.893, 93
Trd, 4319165.343, 94
Trd, 4319166.243, 94
Trd, 4319166.593, 94
Trd, 4319167.793, 95
Trd, 4319170.143, 102
Trd, 4319170.593, 102
Trd, 4319172.493, 102
Trd, 4319173.743, 102
Trd, 4319174.243, 102
Trd, 4319176.143, 104
Trd, 4319177.193, 104
Trd, 4319177.243, 103
Trd, 4319178.743, 104
Trd, 4319180.843, 97
Trd, 4319181.093, 95
Trd, 4319181.743, 96
Trd, 4319182.843, 97
Trd, 4319187.443, 96
Trd, 4319188.193, 97
Trd, 4319188.693, 97
Trd, 4319188.943, 97
Trd, 4319190.743, 97
Trd, 4319192.893, 97
Trd, 4319193.543, 96
Trd, 4319195.243, 96
Trd, 4319196.943, 96
Trd, 4319197.943, 95
Trd, 4319199.193, 95
Trd, 4319200.593, 95
Trd, 4319204.343, 95
Trd, 4319205.093, 95
Trd, 4319206.743, 96
Trd, 4319207.193, 97
Trd, 4319209.093, 96
Trd, 4319211.143, 97
Trd, 4319212.143, 97
Trd, 4319213.393, 95
Trd, 4319215.293, 94
Trd, 4319215.943, 95
Trd, 4319217.243, 94
Trd, 4319218.643, 93
Trd, 4319222.443, 94
Trd, 4319223.693, 94
Trd, 4319223.843, 93
Trd, 4319226.493, 94
Trd, 4319226.893, 94
Trd, 4319228.493, 94
Trd, 4319229.693, 95
Trd, 4319231.793, 94
Trd, 4319233.343, 94
Trd, 4319233.943, 95
Trd, 4319237.493, 95
Trd, 4319237.643, 96
Trd, 4319238.743, 96
Trd, 4319239.993, 96
Trd, 4319242.143, 95
Trd, 4319242.443, 94
Trd, 4319245.243, 97
Trd, 4319246.143, 97
Trd, 4319247.243, 96
Trd, 4319248.143, 96
Trd, 4319248.443, 95
Trd, 4319249.193, 96
Trd, 4319250.993, 96
Trd, 4319253.243, 96
Trd, 4319253.543, 95
Trd, 4319253.843, 95
Trd, 4319257.493, 96
Trd, 4319258.943, 96
Trd, 4319260.143, 97
Trd, 4319261.343, 97
Trd, 4319262.543, 96
Trd, 4319262.943, 95
Trd, 4319263.593, 96
Trd, 4319264.193, 97
Trd, 4319268.793, 102
Trd, 4319269.043, 102
Trd, 4319269.943, 101
Trd, 4319271.593, 100
Trd, 4319271.893, 100
Trd, 4319273.193, 100
Trd, 4319276.193, 96
Trd, 4319277.043, 97
Trd, 4319277.643, 95
Trd, 4319278.193, 97
Trd, 4319279.643, 95
Trd, 4319280.943, 95
Trd, 4319282.043, 94
Trd, 4319282.393, 93
Trd, 4319284.943, 94
Trd, 4319286.643, 94
Trd, 4319287.643, 94
Trd, 4319289.043, 92
Trd, 4319290.143, 92
Trd, 4319290.493, 92
Trd, 4319292.293, 93
Trd, 4319295.493, 92
Trd, 4319296.943, 92
Trd, 4319297.793, 93
Trd, 4319298.193, 95
Trd, 4319298.293, 94
Trd, 4319300.643, 95
Trd, 4319302.093, 98
Trd, 4319303.843, 100
Trd, 4319304.443, 99
Trd, 4319306.293, 99
Trd, 4319307.693, 99
Trd, 4319308.943, 99
Trd, 4319311.043, 98
Trd, 4319311.493, 99
Trd, 4319313.693, 98
Trd, 4319316.093, 97
Trd, 4319316.643, 95
Trd, 4319317.843, 97
Trd, 4319318.193, 97
Trd, 4319320.043, 95
Trd, 4319320.693, 95
Trd, 4319322.693, 96
Trd, 4319325.593, 96
Trd, 4319325.793, 94
Trd, 4319327.243, 93
Trd, 4319327.643, 93
Trd, 4319330.593, 93
Trd, 4319332.393, 93
Trd, 4319332.843, 92
Trd, 4319335.693, 91
Trd, 4319336.843, 90
Trd, 4319338.493, 91
Trd, 4319338.793, 90
Trd, 4319341.143, 91
Trd, 4319342.443, 95
Trd, 4319342.993, 94
Trd, 4319344.643, 93
Trd, 4319344.793, 93
Trd, 4319345.293, 92
Trd, 4319345.843, 92
Trd, 4319347.893, 92
Trd, 4319349.543, 94
Trd, 4319350.843, 93
Trd, 4319353.993, 91
Trd, 4319354.643, 91
Trd, 4319355.743, 92
Trd, 4319359.593, 95
Trd, 4319359.693, 96
Trd, 4319360.043, 96
Trd, 4319365.693, 97
Trd, 4319367.443, 96
Trd, 4319367.743, 96
Trd, 4319369.743, 96
Trd, 4319370.743, 95
Trd, 4319370.793, 95
Trd, 4319374.793, 99
Trd, 4319375.343, 99
Trd, 4319375.543, 99
Trd, 4319377.243, 97
Trd, 4319378.543, 92
Trd, 4319380.293, 96
Trd, 4319381.943, 97
Trd, 4319382.143, 96
Trd, 4319383.143, 95
Trd, 4319384.043, 94
Trd, 4319385.443, 92
Trd, 4319386.793, 94
Trd, 4319388.443, 94
Trd, 4319389.193, 94
Trd, 4319390.943, 95
Trd, 4319394.743, 95
Trd, 4319395.243, 94
Trd, 4319398.643, 93
Trd, 4319399.293, 93
Trd, 4319399.543, 93
Trd, 4319401.793, 92
Trd, 4319402.343, 93
Trd, 4319404.943, 91
Trd, 4319406.343, 90
Trd, 4319407.843, 90
Trd, 4319408.893, 91
Trd, 4319408.993, 91
Trd, 4319410.893, 93
Trd, 4319411.143, 93
Trd, 4319412.643, 96
Trd, 4319415.893, 98
Trd, 4319416.843, 98
Trd, 4319418.543, 98
Trd, 4319419.943, 97
Trd, 4319420.093, 97
Trd, 4319421.443, 97
Trd, 4319421.643, 96
Trd, 4319424.693, 97
Trd, 4319425.443, 97
Trd, 4319426.793, 95
Trd, 4319428.693, 94
Trd, 4319429.143, 94
Trd, 4319429.643, 95
Trd, 4319431.143, 96
Trd, 4319432.193, 96
Trd, 4319433.243, 95
Trd, 4319436.443, 95
Trd, 4319436.543, 94
Trd, 4319436.793, 94
Trd, 4319437.543, 94
Trd, 4319438.793, 95
Trd, 4319440.293, 95
Trd, 4319443.493, 95
Trd, 4319444.043, 96
Trd, 4319445.393, 95
Trd, 4319446.793, 94
Trd, 4319448.243, 94
Trd, 4319448.943, 94
Trd, 4319449.393, 94
Trd, 4319451.993, 93
Trd, 4319452.743, 93
Trd, 4319453.143, 95
Trd, 4319454.443, 97
Trd, 4319455.693, 96
Trd, 4319456.593, 95
Trd, 4319457.093, 96
Trd, 4319457.693, 97
Trd, 4319459.993, 97
Trd, 4319462.543, 96
Trd, 4319464.393, 96
Trd, 4319466.693, 96
Trd, 4319467.093, 97
Trd, 4319470.693, 97
Trd, 4319470.993, 96
Trd, 4319472.943, 97
Trd, 4319473.793, 96
Trd, 4319476.393, 94
Trd, 4319477.693, 93
Trd, 4319478.193, 92
Trd, 4319479.543, 91
Trd, 4319479.643, 91
Trd, 4319480.893, 90
Trd, 4319482.893, 89
Trd, 4319482.993, 88
Trd, 4319484.293, 87
Trd, 4319486.543, 88
Trd, 4319487.743, 87
Trd, 4319488.443, 87
Trd, 4319490.943, 88
Trd, 4319491.993, 88
Trd, 4319494.093, 88
Trd, 4319494.643, 88
Trd, 4319497.593, 87
Trd, 4319498.493, 88
Trd, 4319501.043, 87
Trd, 4319502.943, 88
Trd, 4319503.493, 87
Trd, 4319504.943, 88
Trd, 4319506.893, 88
Trd, 4319508.193, 89
Trd, 4319509.393, 89
Trd, 4319511.793, 95
Trd, 4319512.293, 97
Trd, 4319513.793, 99
Trd, 4319514.793, 98
Trd, 4319516.043, 98
Trd, 4319516.343, 97
Trd, 4319518.493, 96
Trd, 4319519.843, 96
Trd, 4319522.793, 95
Trd, 4319522.993, 95
Trd, 4319524.343, 94
Trd, 4319525.193, 94
Trd, 4319528.093, 93
Trd, 4319528.443, 93
Trd, 4319530.043, 92
Trd, 4319531.193, 93
Trd, 4319531.743, 94
Trd, 4319532.443, 94
Trd, 4319536.293, 92
Trd, 4319537.093, 94
Trd, 4319537.593, 94
Trd, 4319538.493, 94
Trd, 4319541.443, 93
Trd, 4319543.593, 92
Trd, 4319545.443, 93
Trd, 4319546.843, 95
Trd, 4319548.443, 94
Trd, 4319550.493, 94
Trd, 4319550.693, 94
Trd, 4319550.943, 94
Trd, 4319553.093, 93
Trd, 4319554.793, 92
Trd, 4319555.293, 93
Trd, 4319555.543, 94
Trd, 4319558.493, 96
Trd, 4319558.693, 96
Trd, 4319559.793, 97
Trd, 4319561.943, 99
Trd, 4319563.193, 98
Trd, 4319563.943, 99
Trd, 4319566.143, 97
Trd, 4319567.743, 98
Trd, 4319568.743, 98
Trd, 4319568.793, 97
Trd, 4319569.793, 100
Trd, 4319569.843, 100
Trd, 4319571.543, 100
Trd, 4319572.193, 100
Trd, 4319573.093, 99
Trd, 4319576.343, 100
Trd, 4319576.943, 98
Trd, 4319578.093, 99
Trd, 4319579.443, 98
Trd, 4319580.743, 96
Trd, 4319580.993, 96
Trd, 4319583.043, 98
Trd, 4319583.293, 97
Trd, 4319584.543, 93
Trd, 4319584.993, 93
Trd, 4319586.893, 94
Trd, 4319587.593, 95
Trd, 4319590.143, 98
Trd, 4319590.743, 97
Trd, 4319592.343, 98
Trd, 4319593.293, 97
Trd, 4319594.643, 96
Trd, 4319595.143, 97
Trd, 4319597.343, 96
Trd, 4319597.643, 94
Trd, 4319599.393, 94
Trd, 4319601.443, 94
Trd, 4319602.393, 94
Trd, 4319603.193, 95
Trd, 4319606.143, 93
Trd, 4319606.693, 94
Trd, 4319608.793, 94
Trd, 4319608.943, 94
Trd, 4319611.093, 93
Trd, 4319612.193, 94
Trd, 4319614.493, 94
Trd, 4319616.193, 93
Trd, 4319616.493, 93
Trd, 4319620.143, 93
Trd, 4319621.593, 94
Trd, 4319622.343, 95
Trd, 4319624.143, 93
Trd, 4319624.643, 93
Trd, 4319626.593, 93
Trd, 4319628.443, 94
Trd, 4319629.893, 94
Trd, 4319630.993, 95
Trd, 4319632.143, 94
Trd, 4319634.293, 94
Trd, 4319634.443, 94
Trd, 4319637.943, 94
Trd, 4319638.243, 93
Trd, 4319638.393, 93
Trd, 4319640.943, 94
Trd, 4319642.393, 94
Trd, 4319643.443, 93
Trd, 4319644.393, 94
Trd, 4319648.593, 94
Trd, 4319649.143, 93
Trd, 4319649.193, 94
Trd, 4319651.193, 94
Trd, 4319652.193, 94
Trd, 4319653.393, 94
Trd, 4319654.543, 96
Trd, 4319655.443, 96
Trd, 4319657.043, 95
Trd, 4319657.793, 96
Trd, 4319659.493, 94
Trd, 4319661.493, 93
Trd, 4319661.743, 93
Trd, 4319663.143, 94
Trd, 4319663.843, 94
Trd, 4319665.693, 93
Trd, 4319666.443, 93
Trd, 4319667.593, 94
Trd, 4319668.743, 93
Trd, 4319670.693, 92
Trd, 4319671.543, 92
Trd, 4319672.393, 93
Trd, 4319674.043, 93
Trd, 4319675.393, 93
Trd, 4319678.293, 93
Trd, 4319679.193, 93
Trd, 4319682.343, 92
Trd, 4319682.893, 93
Trd, 4319685.593, 92
Trd, 4319687.343, 92
Trd, 4319689.443, 92
Trd, 4319690.693, 91
Trd, 4319690.793, 91
Trd, 4319692.943, 92
Trd, 4319696.043, 93
Trd, 4319696.243, 93
Trd, 4319697.743, 94
Trd, 4319700.443, 97
Trd, 4319701.593, 97
Trd, 4319703.193, 100
Trd, 4319704.493, 100
Trd, 4319704.793, 99
Trd, 4319706.543, 100
Trd, 4319708.493, 100
Trd, 4319710.143, 101
Trd, 4319711.343, 100
Trd, 4319713.443, 100
Trd, 4319714.193, 100
Trd, 4319714.893, 99
Trd, 4319716.293, 100
Trd, 4319717.093, 99
Trd, 4319718.443, 98
Trd, 4319718.893, 98
Trd, 4319720.193, 98
Trd, 4319722.493, 101
Trd, 4319723.143, 101
Trd, 4319724.843, 98
Trd, 4319724.943, 97
Trd, 4319728.143, 102
Trd, 4319729.093, 102
Trd, 4319729.693, 102
Trd, 4319730.793, 101
Trd, 4319733.243, 102
Trd, 4319733.593, 101
Trd, 4319734.043, 101
Trd, 4319735.393, 101
Trd, 4319735.693, 100
Trd, 4319737.743, 100
Trd, 4319738.843, 100
Trd, 4319740.643, 100
Trd, 4319741.543, 100
Trd, 4319743.043, 99
Trd, 4319747.443, 99
Trd, 4319748.043, 98
Trd, 4319749.293, 100
Trd, 4319749.593, 98
Trd, 4319750.843, 99
Trd, 4319751.793, 98
Trd, 4319751.843, 98
Trd, 4319754.493, 99
Trd, 4319755.443, 99
Trd, 4319756.043, 99
Trd, 4319758.493, 97
Trd, 4319758.893, 96
Trd, 4319760.393, 96
Trd, 4319762.443, 97
Trd, 4319763.643, 96
Trd, 4319764.893, 95
Trd, 4319767.793, 94
Trd, 4319768.943, 93
Trd, 4319769.643, 95
Trd, 4319769.993, 94
Trd, 4319771.593, 92
Trd, 4319772.293, 91
Trd, 4319775.693, 93
Trd, 4319775.793, 92
Trd, 4319777.793, 92
Trd, 4319780.093, 93
Trd, 4319780.843, 95
Trd, 4319783.193, 92
Trd, 4319784.443, 93
Trd, 4319786.193, 92
Trd, 4319787.493, 92
Trd, 4319788.843, 91
Trd, 4319790.343, 91
Trd, 4319790.793, 92
Trd, 4319790.993, 92
Trd, 4319794.143, 92
Trd, 4319794.493, 92
Trd, 4319794.693, 91
Trd, 4319798.893, 90
Trd, 4319801.043, 91
Trd, 4319802.393, 91
Trd, 4319805.893, 90
Trd, 4319807.193, 91
Trd, 4319807.593, 91
Trd, 4319808.493, 91
Trd, 4319809.993, 92
Trd, 4319811.843, 95
Trd, 4319813.043, 95
Trd, 4319814.943, 99
Trd, 4319815.143, 97
Trd, 4319816.793, 99
Trd, 4319818.943, 99
Trd, 4319820.243, 100
Trd, 4319820.943, 100
Trd, 4319821.393, 99
Trd, 4319823.243, 99
Trd, 4319826.893, 100
Trd, 4319828.543, 99
Trd, 4319828.793, 100
Trd, 4319831.293, 99
Trd, 4319833.093, 98
Trd, 4319833.443, 99
Trd, 4319834.293, 98
Trd, 4319835.793, 98
Trd, 4319839.293, 97
Trd, 4319839.493, 96
Trd, 4319841.643, 96
Trd, 4319842.393, 96
Trd, 4319844.193, 96
Trd, 4319844.543, 96
Trd, 4319848.043, 97
Trd, 4319848.493, 97
Trd, 4319850.143, 99
Trd, 4319852.993, 99
Trd, 4319853.193, 98
Trd, 4319853.843, 97
Trd, 4319856.893, 97
Trd, 4319857.293, 98
Trd, 4319858.043, 97
Trd, 4319860.443, 98
Trd, 4319861.093, 98
Trd, 4319862.943, 97
Trd, 4319865.393, 98
Trd, 4319865.793, 97
Trd, 4319869.743, 96
Trd, 4319869.893, 96
Trd, 4319871.793, 96
Trd, 4319873.393, 95
Trd, 4319873.943, 96
Trd, 4319874.093, 95
Trd, 4319876.043, 94
Trd, 4319877.343, 95
Trd, 4319878.343, 94
Trd, 4319880.243, 94
Trd, 4319882.343, 95
Trd, 4319882.643, 95
Trd, 4319883.193, 94
Trd, 4319884.243, 93
Trd, 4319884.993, 93
Trd, 4319885.693, 94
Trd, 4319888.093, 95
Trd, 4319891.793, 95
Trd, 4319893.043, 96
Trd, 4319893.343, 98
Trd, 4319895.593, 97
Trd, 4319896.593, 96
Trd, 4319897.193, 95
Trd, 4319898.243, 96
Trd, 4319899.193, 96
Trd, 4319903.143, 95
Trd, 4319904.043, 95
Trd, 4319905.193, 95
Trd, 4319906.243, 95
Trd, 4319907.743, 94
Trd, 4319909.243, 94
Trd, 4319910.643, 93
Trd, 4319911.243, 94
Trd, 4319913.943, 95
Trd, 4319914.843, 95
Trd, 4319916.793, 95
Trd, 4319917.593, 94
Trd, 4319919.343, 94
Trd, 4319921.693, 93
Trd, 4319922.343, 93
Trd, 4319923.843, 93
Trd, 4319926.693, 94
Trd, 4319928.043, 93
Trd, 4319928.893, 92
Trd, 4319931.393, 92
Trd, 4319932.343, 91
Trd, 4319933.993, 94
Trd, 4319934.243, 93
Trd, 4319935.793, 95
Trd, 4319936.393, 95
Trd, 4319937.643, 95
Trd, 4319940.943, 97
Trd, 4319942.143, 98
Trd, 4319943.143, 98
Trd, 4319943.793, 98
Trd, 4319943.943, 98
Trd, 4319946.743, 101
Trd, 4319947.993, 102
Trd, 4319948.193, 102
Trd, 4319950.293, 104
Trd, 4319950.943, 104
Trd, 4319953.643, 100
Trd, 4319955.043, 96
Trd, 4319956.243, 97
Trd, 4319957.443, 95
Trd, 4319958.043, 94
Trd, 4319959.693, 92
Trd, 4319960.393, 93
Trd, 4319963.643, 100
Trd, 4319963.893, 98
Trd, 4319965.793, 100
Trd, 4319968.293, 99
Trd, 4319969.393, 99
Trd, 4319970.243, 99
Trd, 4319970.393, 98
Trd, 4319971.843, 100
Trd, 4319972.693, 97
Trd, 4319973.093, 97
Trd, 4319975.493, 98
Trd, 4319976.493, 97
Trd, 4319977.293, 97
Trd, 4319980.093, 98
Trd, 4319980.393, 98
Trd, 4319981.393, 96
Trd, 4319982.043, 97
Trd, 4319984.443, 96
Trd, 4319985.743, 96
Trd, 4319985.993, 95
Trd, 4319989.143, 96
Trd, 4319989.893, 97
Trd, 4319991.193, 94
Trd, 4319992.293, 93
Trd, 4319993.693, 95
Trd, 4319995.093, 95
Trd, 4319995.893, 94
Trd, 4319998.893, 94
Trd, 4319999.393, 93
