Trd, 4317834.843, 96
Trd, 4317835.143, 95
Trd, 4317837.143, 95
Trd, 4317838.043, 95
Trd, 4317839.593, 96
Trd, 4317839.893, 95
Trd, 4317842.893, 95
Trd, 4317842.993, 95
Trd, 4317844.043, 95
Trd, 4317845.843, 96
Trd, 4317847.193, 96
Trd, 4317848.793, 96
Trd, 4317850.643, 95
Trd, 4317851.293, 104
Trd, 4317852.343, 97
Trd, 4317852.593, 98
Trd, 4317854.193, 97
Trd, 4317855.343, 95
Trd, 4317856.193, 92
Trd, 4317857.343, 90
Trd, 4317859.943, 90
Trd, 4317860.443, 91
Trd, 4317860.943, 92
Trd, 4317863.743, 92
Trd, 4317864.743, 91
Trd, 4317864.993, 95
Trd, 4317866.193, 95
Trd, 4317866.843, 94
Trd, 4317869.443, 94
Trd, 4317869.793, 95
Trd, 4317870.793, 95
Trd, 4317871.843, 95
Trd, 4317872.243, 96
Trd, 4317872.693, 98
Trd, 4317874.293, 104
Trd, 4317877.193, 98
Trd, 4317878.093, 97
Trd, 4317878.243, 97
Trd, 4317879.093, 98
Trd, 4317880.943, 99
Trd, 4317883.443, 99
Trd, 4317884.843, 98
Trd, 4317885.143, 99
Trd, 4317887.993, 98
Trd, 4317891.893, 97
Trd, 4317892.293, 98
Trd, 4317896.343, 98
Trd, 4317897.793, 97
Trd, 4317897.893, 96
Trd, 4317898.193, 96
Trd, 4317899.093, 98
Trd, 4317900.543, 98
Trd, 4317901.643, 97
Trd, 4317902.643, 100
Trd, 4317903.143, 100
Trd, 4317904.993, 100
Trd, 4317907.693, 100
Trd, 4317908.443, 99
Trd, 4317909.443, 100
Trd, 4317910.043, 104
Trd, 4317912.543, 99
Trd, 4317913.943, 94
Trd, 4317914.693, 92
Trd, 4317916.343, 91
Trd, 4317917.743, 92
Trd, 4317918.293, 91
Trd, 4317918.543, 95
Trd, 4317920.443, 91
Trd, 4317921.093, 95
Trd, 4317923.093, 92
Trd, 4317923.993, 94
Trd, 4317924.993, 95
Trd, 4317926.043, 93
Trd, 4317926.893, 95
Trd, 4317927.893, 95
Trd, 4317930.343, 96
Trd, 4317931.143, 95
Trd, 4317933.193, 94
Trd, 4317933.743, 93
Trd, 4317933.993, 95
Trd, 4317934.543, 95
Trd, 4317935.643, 95
Trd, 4317937.943, 95
Trd, 4317939.093, 95
Trd, 4317940.643, 94
Trd, 4317941.943, 95
Trd, 4317944.093, 95
Trd, 4317944.193, 94
Trd, 4317945.293, 95
Trd, 4317946.043, 95
Trd, 4317948.543, 95
Trd, 4317949.293, 95
Trd, 4317950.693, 95
Trd, 4317951.393, 95
Trd, 4317952.943, 94
Trd, 4317954.443, 93
Trd, 4317955.443, 95
Trd, 4317955.793, 94
Trd, 4317958.643, 94
Trd, 4317960.293, 94
Trd, 4317960.493, 94
Trd, 4317961.493, 95
Trd, 4317963.443, 94
Trd, 4317964.243, 94
Trd, 4317965.143, 94
Trd, 4317967.393, 93
Trd, 4317970.043, 93
Trd, 4317970.293, 94
Trd, 4317971.593, 95
Trd, 4317973.743, 100
Trd, 4317975.293, 96
Trd, 4317975.493, 97
Trd, 4317978.243, 97
Trd, 4317979.393, 97
Trd, 4317980.543, 96
Trd, 4317982.493, 95
Trd, 4317984.293, 96
Trd, 4317984.743, 96
Trd, 4317985.193, 96
Trd, 4317986.893, 96
Trd, 4317990.143, 96
Trd, 4317990.643, 96
Trd, 4317993.193, 94
Trd, 4317993.693, 94
Trd, 4317994.543, 94
Trd, 4317997.343, 94
Trd, 4317997.643, 95
Trd, 4317997.943, 95
Trd, 4317999.343, 93
Trd, 4317999.393, 95
Trd, 4318002.943, 95
Trd, 4318004.543, 95
Trd, 4318005.893, 95
Trd, 4318007.843, 95
Trd, 4318009.543, 95
Trd, 4318010.793, 96
Trd, 4318014.443, 96
Trd, 4318014.893, 96
Trd, 4318016.543, 95
Trd, 4318020.143, 96
Trd, 4318020.793, 95
Trd, 4318021.643, 96
Trd, 4318022.643, 95
Trd, 4318024.743, 96
Trd, 4318025.293, 95
Trd, 4318026.593, 96
Trd, 4318029.493, 96
Trd, 4318029.993, 95
Trd, 4318030.543, 95
Trd, 4318032.543, 96
Trd, 4318032.643, 96
Trd, 4318035.293, 95
Trd, 4318036.693, 95
Trd, 4318038.593, 94
Trd, 4318039.593, 95
Trd, 4318040.193, 95
Trd, 4318041.093, 95
Trd, 4318044.543, 95
Trd, 4318045.043, 95
Trd, 4318047.943, 95
Trd, 4318048.843, 94
Trd, 4318050.543, 96
Trd, 4318051.543, 95
Trd, 4318052.593, 95
Trd, 4318054.443, 95
Trd, 4318056.193, 95
Trd, 4318056.293, 94
Trd, 4318056.793, 95
Trd, 4318058.243, 94
Trd, 4318062.193, 94
Trd, 4318062.693, 94
Trd, 4318063.443, 95
Trd, 4318066.143, 100
Trd, 4318067.043, 100
Trd, 4318067.093, 99
Trd, 4318068.243, 99
Trd, 4318069.393, 98
Trd, 4318071.043, 99
Trd, 4318071.643, 97
Trd, 4318075.143, 98
Trd, 4318076.343, 97
Trd, 4318080.393, 98
Trd, 4318083.043, 97
Trd, 4318083.643, 98
Trd, 4318084.693, 98
Trd, 4318085.343, 97
Trd, 4318090.393, 98
Trd, 4318092.543, 97
Trd, 4318092.743, 98
Trd, 4318093.543, 98
Trd, 4318094.643, 98
Trd, 4318097.943, 97
Trd, 4318100.743, 98
Trd, 4318100.993, 97
Trd, 4318105.743, 98
Trd, 4318105.993, 97
Trd, 4318108.743, 98
Trd, 4318110.793, 98
Trd, 4318112.093, 97
Trd, 4318112.893, 98
Trd, 4318114.043, 98
Trd, 4318114.793, 96
Trd, 4318119.193, 97
Trd, 4318119.543, 96
Trd, 4318122.093, 96
Trd, 4318123.293, 96
Trd, 4318124.393, 97
Trd, 4318126.243, 95
Trd, 4318126.643, 95
Trd, 4318128.993, 97
Trd, 4318131.543, 95
Trd, 4318134.343, 96
Trd, 4318134.943, 95
Trd, 4318137.693, 96
Trd, 4318137.743, 95
Trd, 4318138.443, 96
Trd, 4318140.543, 96
Trd, 4318142.093, 96
Trd, 4318142.893, 95
Trd, 4318148.993, 95
Trd, 4318149.093, 94
Trd, 4318149.293, 95
Trd, 4318150.843, 94
Trd, 4318152.393, 94
Trd, 4318152.743, 94
Trd, 4318154.443, 93
Trd, 4318155.143, 94
Trd, 4318156.193, 94
Trd, 4318159.143, 94
Trd, 4318159.593, 93
Trd, 4318159.993, 95
Trd, 4318161.843, 94
Trd, 4318161.893, 95
Trd, 4318162.493, 94
Trd, 4318165.493, 101
Trd, 4318166.193, 101
Trd, 4318166.543, 96
Trd, 4318169.043, 98
Trd, 4318171.543, 98
Trd, 4318173.743, 97
Trd, 4318178.543, 98
Trd, 4318179.843, 97
Trd, 4318180.193, 96
Trd, 4318180.843, 95
Trd, 4318182.543, 95
Trd, 4318184.893, 96
Trd, 4318185.193, 95
Trd, 4318185.493, 96
Trd, 4318186.143, 95
Trd, 4318188.043, 95
Trd, 4318189.093, 96
Trd, 4318190.543, 95
Trd, 4318191.043, 94
Trd, 4318192.843, 95
Trd, 4318195.243, 95
Trd, 4318197.593, 94
Trd, 4318198.393, 94
Trd, 4318201.093, 94
Trd, 4318201.193, 95
Trd, 4318201.393, 95
Trd, 4318202.693, 93
Trd, 4318204.893, 94
Trd, 4318206.093, 94
Trd, 4318208.493, 94
Trd, 4318211.393, 95
Trd, 4318212.743, 94
Trd, 4318214.493, 94
Trd, 4318215.743, 94
Trd, 4318220.293, 94
Trd, 4318220.593, 94
Trd, 4318221.193, 95
Trd, 4318223.443, 95
Trd, 4318224.393, 95
Trd, 4318225.343, 94
Trd, 4318227.093, 94
Trd, 4318228.943, 95
Trd, 4318229.743, 94
Trd, 4318230.993, 95
Trd, 4318233.643, 95
Trd, 4318235.493, 94
Trd, 4318236.593, 95
Trd, 4318236.743, 94
Trd, 4318238.243, 95
Trd, 4318240.193, 95
Trd, 4318241.093, 95
Trd, 4318241.893, 94
Trd, 4318245.793, 95
Trd, 4318246.393, 95
Trd, 4318246.543, 95
Trd, 4318246.993, 95
Trd, 4318248.243, 94
Trd, 4318248.643, 95
Trd, 4318250.443, 95
Trd, 4318252.693, 94
Trd, 4318254.993, 95
Trd, 4318255.693, 95
Trd, 4318257.443, 95
Trd, 4318257.693, 95
Trd, 4318258.743, 104
Trd, 4318260.593, 96
Trd, 4318262.243, 95
Trd, 4318264.643, 95
Trd, 4318265.743, 96
Trd, 4318267.643, 95
Trd, 4318268.543, 95
Trd, 4318268.643, 94
Trd, 4318268.693, 94
Trd, 4318270.093, 104
Trd, 4318271.743, 94
Trd, 4318274.093, 96
Trd, 4318274.343, 95
Trd, 4318277.593, 104
Trd, 4318278.143, 95
Trd, 4318280.243, 94
Trd, 4318280.743, 95
Trd, 4318281.643, 96
Trd, 4318283.943, 96
Trd, 4318284.693, 94
Trd, 4318286.093, 95
Trd, 4318287.193, 95
Trd, 4318288.993, 95
Trd, 4318292.043, 95
Trd, 4318293.393, 95
Trd, 4318293.593, 94
Trd, 4318294.693, 95
Trd, 4318295.593, 94
Trd, 4318297.693, 94
Trd, 4318298.243, 93
Trd, 4318299.243, 94
Trd, 4318299.543, 94
Trd, 4318300.943, 94
Trd, 4318303.843, 94
Trd, 4318305.643, 95
Trd, 4318307.743, 94
Trd, 4318308.493, 94
Trd, 4318309.743, 93
Trd, 4318310.743, 94
Trd, 4318310.993, 93
Trd, 4318311.893, 93
Trd, 4318314.743, 93
Trd, 4318315.943, 95
Trd, 4318316.893, 94
Trd, 4318318.043, 94
Trd, 4318319.193, 100
Trd, 4318322.743, 93
Trd, 4318323.293, 94
Trd, 4318324.343, 94
Trd, 4318325.393, 94
Trd, 4318327.543, 93
Trd, 4318329.793, 93
Trd, 4318331.943, 93
Trd, 4318332.043, 93
Trd, 4318333.243, 93
Trd, 4318334.993, 92
Trd, 4318338.943, 93
Trd, 4318339.943, 93
Trd, 4318342.043, 91
Trd, 4318342.843, 93
Trd, 4318343.043, 95
Trd, 4318346.043, 93
Trd, 4318346.293, 93
Trd, 4318347.793, 91
Trd, 4318348.493, 93
Trd, 4318349.243, 93
Trd, 4318353.093, 91
Trd, 4318353.143, 90
Trd, 4318353.393, 92
Trd, 4318353.593, 93
Trd, 4318356.793, 91
Trd, 4318360.093, 91
Trd, 4318362.593, 91
Trd, 4318363.293, 90
Trd, 4318363.543, 90
Trd, 4318365.143, 91
Trd, 4318366.893, 89
Trd, 4318368.943, 90
Trd, 4318370.593, 90
Trd, 4318370.693, 95
Trd, 4318373.093, 91
Trd, 4318373.993, 91
Trd, 4318374.693, 91
Trd, 4318375.393, 95
Trd, 4318377.893, 91
Trd, 4318380.193, 92
Trd, 4318382.593, 91
Trd, 4318383.643, 92
Trd, 4318383.843, 93
Trd, 4318384.443, 95
Trd, 4318386.893, 92
Trd, 4318387.393, 92
Trd, 4318390.193, 91
Trd, 4318390.543, 92
Trd, 4318391.143, 91
Trd, 4318391.893, 93
Trd, 4318392.893, 93
Trd, 4318394.193, 104
Trd, 4318396.543, 97
Trd, 4318397.493, 100
Trd, 4318397.593, 98
Trd, 4318398.343, 100
Trd, 4318399.743, 98
Trd, 4318402.043, 98
Trd, 4318402.793, 98
Trd, 4318404.343, 99
Trd, 4318404.793, 98
Trd, 4318407.243, 98
Trd, 4318407.893, 97
Trd, 4318408.143, 96
Trd, 4318408.243, 99
Trd, 4318410.943, 99
Trd, 4318414.893, 96
Trd, 4318417.493, 96
Trd, 4318418.643, 95
Trd, 4318418.843, 96
Trd, 4318419.893, 95
Trd, 4318421.493, 95
Trd, 4318421.743, 94
Trd, 4318423.443, 95
Trd, 4318424.893, 96
Trd, 4318426.093, 104
Trd, 4318426.843, 98
Trd, 4318427.943, 98
Trd, 4318428.593, 99
Trd, 4318429.493, 98
Trd, 4318429.643, 98
Trd, 4318431.943, 97
Trd, 4318434.493, 96
Trd, 4318434.543, 98
Trd, 4318437.093, 95
Trd, 4318438.293, 98
Trd, 4318439.243, 96
Trd, 4318440.943, 96
Trd, 4318441.693, 97
Trd, 4318442.893, 95
Trd, 4318443.943, 95
Trd, 4318444.043, 97
Trd, 4318445.493, 96
Trd, 4318445.693, 97
Trd, 4318448.493, 95
Trd, 4318450.543, 96
Trd, 4318452.643, 96
Trd, 4318454.743, 95
Trd, 4318455.443, 95
Trd, 4318455.893, 94
Trd, 4318456.493, 95
Trd, 4318459.543, 96
Trd, 4318459.693, 104
Trd, 4318463.343, 97
Trd, 4318463.793, 94
Trd, 4318464.043, 95
Trd, 4318465.493, 94
Trd, 4318467.193, 95
Trd, 4318469.093, 95
Trd, 4318469.543, 95
Trd, 4318471.993, 95
Trd, 4318472.243, 94
Trd, 4318473.793, 95
Trd, 4318474.493, 96
Trd, 4318474.893, 112
Trd, 4318475.643, 102
Trd, 4318476.243, 103
Trd, 4318479.093, 99
Trd, 4318479.693, 100
Trd, 4318482.843, 99
Trd, 4318482.893, 99
Trd, 4318487.743, 99
Trd, 4318488.193, 98
Trd, 4318490.143, 99
Trd, 4318493.243, 99
Trd, 4318493.543, 98
Trd, 4318493.643, 99
Trd, 4318497.293, 98
Trd, 4318500.893, 97
Trd, 4318501.843, 98
Trd, 4318504.743, 97
Trd, 4318504.843, 96
Trd, 4318506.243, 95
Trd, 4318506.693, 98
Trd, 4318508.043, 98
Trd, 4318509.093, 97
Trd, 4318510.893, 96
Trd, 4318514.093, 97
Trd, 4318515.093, 96
Trd, 4318515.493, 95
Trd, 4318516.893, 95
Trd, 4318518.643, 95
Trd, 4318518.743, 96
Trd, 4318520.793, 94
Trd, 4318520.843, 94
Trd, 4318521.993, 93
Trd, 4318525.793, 92
Trd, 4318526.093, 92
Trd, 4318526.393, 94
Trd, 4318528.443, 93
Trd, 4318529.743, 92
Trd, 4318530.793, 92
Trd, 4318532.193, 95
Trd, 4318533.793, 99
Trd, 4318534.543, 97
Trd, 4318534.643, 95
Trd, 4318537.293, 98
Trd, 4318537.743, 96
Trd, 4318540.393, 97
Trd, 4318541.593, 97
Trd, 4318543.543, 95
Trd, 4318544.543, 94
Trd, 4318544.743, 104
Trd, 4318547.043, 96
Trd, 4318549.993, 95
Trd, 4318550.293, 95
Trd, 4318552.093, 94
Trd, 4318552.793, 95
Trd, 4318553.743, 93
Trd, 4318554.993, 95
Trd, 4318555.643, 95
Trd, 4318556.693, 94
Trd, 4318558.093, 95
Trd, 4318560.843, 92
Trd, 4318561.543, 94
Trd, 4318561.643, 95
Trd, 4318563.893, 94
Trd, 4318564.343, 95
Trd, 4318567.843, 93
Trd, 4318568.343, 94
Trd, 4318569.693, 94
Trd, 4318569.943, 95
Trd, 4318570.093, 95
Trd, 4318575.393, 95
Trd, 4318575.993, 94
Trd, 4318578.393, 95
Trd, 4318581.193, 95
Trd, 4318582.193, 95
Trd, 4318582.993, 95
Trd, 4318583.143, 94
Trd, 4318584.293, 94
Trd, 4318585.343, 104
Trd, 4318586.493, 93
Trd, 4318587.693, 93
Trd, 4318588.343, 95
Trd, 4318592.293, 95
Trd, 4318592.743, 94
Trd, 4318593.093, 93
Trd, 4318593.793, 94
Trd, 4318595.343, 94
Trd, 4318595.743, 94
Trd, 4318596.893, 94
Trd, 4318597.443, 94
Trd, 4318598.593, 95
Trd, 4318600.593, 104
Trd, 4318601.393, 101
Trd, 4318602.993, 110
Trd, 4318603.793, 108
Trd, 4318604.193, 107
Trd, 4318606.193, 108
Trd, 4318607.893, 107
Trd, 4318609.993, 101
Trd, 4318610.943, 101
Trd, 4318611.193, 101
Trd, 4318611.843, 100
Trd, 4318615.293, 100
Trd, 4318616.343, 98
Trd, 4318619.043, 99
Trd, 4318620.043, 99
Trd, 4318622.893, 98
Trd, 4318624.493, 99
Trd, 4318625.143, 98
Trd, 4318627.593, 97
Trd, 4318630.993, 97
Trd, 4318633.093, 96
Trd, 4318633.393, 96
Trd, 4318634.043, 97
Trd, 4318635.743, 97
Trd, 4318640.793, 96
Trd, 4318642.193, 95
Trd, 4318642.343, 95
Trd, 4318643.543, 94
Trd, 4318643.993, 95
Trd, 4318645.493, 103
Trd, 4318650.093, 95
Trd, 4318651.043, 96
Trd, 4318652.743, 95
Trd, 4318652.893, 94
Trd, 4318655.193, 94
Trd, 4318656.193, 93
Trd, 4318657.193, 93
Trd, 4318657.643, 92
Trd, 4318659.993, 95
Trd, 4318661.393, 95
Trd, 4318662.043, 95
Trd, 4318662.593, 95
Trd, 4318663.293, 103
Trd, 4318666.743, 96
Trd, 4318667.943, 95
Trd, 4318668.843, 95
Trd, 4318670.793, 95
Trd, 4318672.543, 95
Trd, 4318673.743, 95
Trd, 4318675.543, 94
Trd, 4318677.893, 95
Trd, 4318678.343, 94
Trd, 4318681.343, 94
Trd, 4318682.443, 94
Trd, 4318683.893, 95
Trd, 4318684.743, 95
Trd, 4318689.493, 95
Trd, 4318689.693, 95
Trd, 4318690.343, 94
Trd, 4318690.693, 95
Trd, 4318692.343, 96
Trd, 4318693.093, 95
Trd, 4318694.043, 95
Trd, 4318694.843, 94
Trd, 4318695.793, 94
Trd, 4318697.793, 94
Trd, 4318698.643, 94
Trd, 4318699.543, 93
Trd, 4318699.993, 95
Trd, 4318701.843, 94
Trd, 4318702.843, 94
Trd, 4318706.693, 93
Trd, 4318707.243, 92
Trd, 4318707.343, 95
Trd, 4318709.043, 93
Trd, 4318710.993, 94
Trd, 4318711.493, 94
Trd, 4318715.293, 92
Trd, 4318715.493, 92
Trd, 4318715.793, 94
Trd, 4318717.093, 94
Trd, 4318717.393, 95
Trd, 4318718.743, 93
Trd, 4318720.193, 92
Trd, 4318720.793, 92
Trd, 4318721.793, 95
Trd, 4318722.293, 95
Trd, 4318722.743, 93
Trd, 4318724.693, 100
Trd, 4318725.343, 96
Trd, 4318726.993, 95
Trd, 4318728.093, 95
Trd, 4318729.343, 103
Trd, 4318729.593, 97
Trd, 4318730.193, 104
Trd, 4318732.393, 102
Trd, 4318733.843, 100
Trd, 4318734.143, 104
Trd, 4318735.893, 101
Trd, 4318736.793, 100
Trd, 4318738.243, 99
Trd, 4318739.643, 100
Trd, 4318743.093, 98
Trd, 4318743.293, 99
Trd, 4318744.043, 99
Trd, 4318746.293, 99
Trd, 4318748.743, 98
Trd, 4318752.943, 98
Trd, 4318754.843, 98
Trd, 4318754.993, 97
Trd, 4318755.693, 97
Trd, 4318757.843, 97
Trd, 4318759.093, 97
Trd, 4318759.443, 96
Trd, 4318761.443, 97
Trd, 4318762.643, 95
Trd, 4318762.993, 96
Trd, 4318767.043, 96
Trd, 4318768.093, 95
Trd, 4318768.393, 95
Trd, 4318768.993, 95
Trd, 4318770.293, 95
Trd, 4318771.643, 95
Trd, 4318773.343, 99
Trd, 4318773.593, 99
Trd, 4318774.343, 101
Trd, 4318776.893, 98
Trd, 4318779.143, 99
Trd, 4318779.943, 99
Trd, 4318781.543, 98
Trd, 4318782.693, 98
Trd, 4318783.793, 99
Trd, 4318786.193, 99
Trd, 4318788.493, 97
Trd, 4318789.993, 97
Trd, 4318790.243, 98
Trd, 4318791.643, 96
Trd, 4318794.093, 97
Trd, 4318794.743, 96
Trd, 4318795.593, 97
Trd, 4318796.243, 96
Trd, 4318798.443, 95
Trd, 4318799.093, 96
Trd, 4318801.293, 95
Trd, 4318802.043, 94
Trd, 4318802.693, 94
Trd, 4318804.943, 95
Trd, 4318806.493, 94
Trd, 4318806.543, 95
Trd, 4318807.793, 94
Trd, 4318809.243, 94
Trd, 4318809.493, 93
Trd, 4318810.793, 94
Trd, 4318811.943, 95
Trd, 4318813.093, 95
Trd, 4318814.443, 95
Trd, 4318815.743, 103
Trd, 4318816.193, 95
Trd, 4318819.843, 97
Trd, 4318821.293, 95
Trd, 4318821.693, 95
Trd, 4318823.043, 98
Trd, 4318824.843, 96
Trd, 4318825.393, 96
Trd, 4318826.643, 95
Trd, 4318827.743, 96
Trd, 4318828.043, 96
Trd, 4318828.593, 97
Trd, 4318831.893, 97
Trd, 4318833.843, 96
Trd, 4318835.043, 96
Trd, 4318838.193, 95
Trd, 4318840.193, 95
Trd, 4318841.943, 96
Trd, 4318842.243, 96
Trd, 4318842.543, 95
Trd, 4318844.493, 95
Trd, 4318844.993, 96
Trd, 4318846.343, 94
Trd, 4318847.193, 95
Trd, 4318849.093, 96
Trd, 4318851.493, 95
Trd, 4318852.143, 103
Trd, 4318855.043, 97
Trd, 4318855.493, 97
Trd, 4318858.243, 95
Trd, 4318858.343, 96
Trd, 4318858.843, 96
Trd, 4318859.893, 94
Trd, 4318859.993, 95
Trd, 4318861.343, 95
Trd, 4318863.993, 95
Trd, 4318866.243, 95
Trd, 4318867.043, 94
Trd, 4318867.393, 95
Trd, 4318869.293, 94
Trd, 4318870.393, 95
Trd, 4318871.193, 95
Trd, 4318873.043, 94
Trd, 4318874.293, 95
Trd, 4318874.643, 94
Trd, 4318875.743, 95
Trd, 4318876.943, 95
Trd, 4318879.393, 95
Trd, 4318879.593, 94
Trd, 4318882.893, 95
Trd, 4318883.343, 95
Trd, 4318884.643, 95
Trd, 4318884.743, 95
Trd, 4318885.843, 96
Trd, 4318886.693, 95
Trd, 4318889.343, 95
Trd, 4318890.243, 95
Trd, 4318890.493, 96
Trd, 4318891.893, 95
Trd, 4318893.193, 94
Trd, 4318893.893, 95
Trd, 4318896.143, 97
Trd, 4318896.493, 104
Trd, 4318898.643, 96
Trd, 4318899.393, 96
Trd, 4318900.293, 96
Trd, 4318901.293, 95
Trd, 4318901.393, 96
Trd, 4318905.443, 96
Trd, 4318909.293, 96
Trd, 4318909.693, 96
Trd, 4318912.093, 97
Trd, 4318914.143, 95
Trd, 4318914.443, 95
Trd, 4318915.443, 95
Trd, 4318917.443, 94
Trd, 4318918.493, 95
Trd, 4318920.443, 88
Trd, 4318921.393, 88
Trd, 4318922.243, 95
Trd, 4318923.093, 105
Trd, 4318923.493, 94
Trd, 4318925.343, 94
Trd, 4318927.443, 94
Trd, 4318927.743, 93
Trd, 4318928.193, 96
Trd, 4318929.843, 96
Trd, 4318931.243, 95
Trd, 4318931.343, 96
Trd, 4318932.943, 104
Trd, 4318935.693, 95
Trd, 4318936.443, 95
Trd, 4318937.543, 95
Trd, 4318938.243, 96
Trd, 4318939.743, 95
Trd, 4318942.593, 95
Trd, 4318943.993, 96
Trd, 4318946.693, 95
Trd, 4318949.943, 96
Trd, 4318950.043, 95
Trd, 4318950.893, 95
Trd, 4318951.293, 96
Trd, 4318951.943, 96
Trd, 4318953.193, 94
Trd, 4318953.593, 93
Trd, 4318954.343, 95
Trd, 4318958.843, 94
Trd, 4318960.843, 94
Trd, 4318962.143, 94
Trd, 4318963.693, 94
Trd, 4318965.243, 94
Trd, 4318965.343, 93
Trd, 4318967.043, 93
Trd, 4318967.293, 94
Trd, 4318970.143, 94
Trd, 4318972.643, 95
Trd, 4318974.493, 96
Trd, 4318975.493, 95
Trd, 4318976.943, 96
Trd, 4318979.393, 103
Trd, 4318981.693, 98
Trd, 4318983.743, 97
Trd, 4318985.743, 98
Trd, 4318988.393, 98
Trd, 4318991.293, 96
Trd, 4318992.043, 97
Trd, 4318993.493, 96
Trd, 4318997.343, 96
Trd, 4318998.443, 95
Trd, 4318998.643, 96
Trd, 4319001.193, 95
Trd, 4319005.793, 96
Trd, 4319006.943, 96
Trd, 4319007.343, 96
Trd, 4319009.593, 96
Trd, 4319010.943, 96
Trd, 4319012.243, 96
Trd, 4319012.643, 95
Trd, 4319012.793, 95
Trd, 4319013.893, 97
Trd, 4319017.193, 94
Trd, 4319019.393, 93
Trd, 4319019.643, 94
Trd, 4319023.443, 94
Trd, 4319025.093, 94
Trd, 4319026.893, 94
Trd, 4319027.743, 94
Trd, 4319028.843, 94
Trd, 4319031.643, 95
Trd, 4319032.343, 95
Trd, 4319034.743, 95
Trd, 4319035.643, 95
Trd, 4319035.943, 94
Trd, 4319036.143, 104
Trd, 4319038.943, 96
Trd, 4319039.593, 96
Trd, 4319040.293, 96
Trd, 4319042.243, 97
Trd, 4319046.443, 97
Trd, 4319046.943, 95
Trd, 4319047.793, 97
Trd, 4319050.193, 97
Trd, 4319050.693, 97
Trd, 4319051.643, 96
Trd, 4319055.643, 97
Trd, 4319057.843, 96
Trd, 4319058.593, 97
Trd, 4319061.743, 97
Trd, 4319062.743, 96
Trd, 4319063.843, 97
Trd, 4319064.043, 96
Trd, 4319066.743, 96
Trd, 4319067.493, 95
Trd, 4319068.843, 105
Trd, 4319070.393, 98
Trd, 4319071.543, 97
Trd, 4319074.593, 96
Trd, 4319076.493, 97
Trd, 4319078.543, 97
Trd, 4319078.793, 97
Trd, 4319082.443, 96
Trd, 4319084.343, 97
Trd, 4319087.243, 97
Trd, 4319087.643, 96
Trd, 4319090.343, 97
Trd, 4319091.043, 97
Trd, 4319091.193, 96
Trd, 4319091.593, 96
Trd, 4319093.743, 97
Trd, 4319094.343, 98
Trd, 4319095.843, 97
Trd, 4319097.543, 97
Trd, 4319097.993, 97
Trd, 4319098.943, 99
Trd, 4319101.543, 98
Trd, 4319102.743, 98
Trd, 4319106.193, 98
Trd, 4319106.593, 98
Trd, 4319109.843, 97
Trd, 4319111.593, 98
Trd, 4319113.643, 98
Trd, 4319114.543, 98
Trd, 4319115.043, 97
Trd, 4319120.743, 98
Trd, 4319121.093, 97
Trd, 4319121.543, 96
Trd, 4319121.993, 96
Trd, 4319123.243, 96
Trd, 4319123.793, 96
Trd, 4319125.593, 94
Trd, 4319126.743, 95
Trd, 4319127.243, 94
Trd, 4319127.943, 95
Trd, 4319128.093, 105
Trd, 4319131.893, 96
Trd, 4319132.343, 96
Trd, 4319133.493, 95
Trd, 4319135.493, 95
Trd, 4319137.893, 94
Trd, 4319139.143, 95
Trd, 4319140.093, 95
Trd, 4319142.343, 94
Trd, 4319143.343, 95
Trd, 4319145.393, 95
Trd, 4319145.543, 95
Trd, 4319145.943, 95
Trd, 4319147.043, 104
Trd, 4319147.843, 102
Trd, 4319149.443, 103
Trd, 4319150.643, 98
Trd, 4319152.343, 97
Trd, 4319153.243, 98
Trd, 4319155.643, 98
Trd, 4319156.493, 97
Trd, 4319159.193, 98
Trd, 4319160.443, 98
Trd, 4319164.543, 98
Trd, 4319164.893, 97
Trd, 4319168.193, 97
Trd, 4319168.793, 97
Trd, 4319169.843, 98
Trd, 4319171.543, 97
Trd, 4319171.843, 96
Trd, 4319176.993, 97
Trd, 4319179.493, 97
Trd, 4319181.143, 97
Trd, 4319181.793, 97
Trd, 4319183.093, 96
Trd, 4319183.943, 97
Trd, 4319186.793, 97
Trd, 4319187.293, 97
Trd, 4319190.493, 96
Trd, 4319192.143, 97
Trd, 4319193.243, 98
Trd, 4319193.893, 97
Trd, 4319196.043, 97
Trd, 4319197.293, 97
Trd, 4319198.843, 97
Trd, 4319199.143, 98
Trd, 4319204.593, 98
Trd, 4319205.593, 98
Trd, 4319207.393, 96
Trd, 4319208.493, 97
Trd, 4319212.343, 95
Trd, 4319212.893, 95
Trd, 4319213.043, 97
Trd, 4319213.443, 95
Trd, 4319216.143, 98
Trd, 4319216.793, 97
Trd, 4319217.093, 97
Trd, 4319217.193, 104
Trd, 4319218.393, 103
Trd, 4319220.493, 102
Trd, 4319222.143, 102
Trd, 4319222.893, 101
Trd, 4319223.693, 113
Trd, 4319226.843, 103
Trd, 4319227.593, 104
Trd, 4319228.293, 104
Trd, 4319229.643, 103
Trd, 4319230.493, 102
Trd, 4319231.343, 102
Trd, 4319233.443, 101
Trd, 4319236.343, 101
Trd, 4319238.843, 101
Trd, 4319239.143, 101
Trd, 4319240.893, 100
Trd, 4319241.043, 100
Trd, 4319241.243, 99
Trd, 4319244.343, 99
Trd, 4319245.093, 100
Trd, 4319247.443, 99
Trd, 4319247.793, 99
Trd, 4319248.393, 99
Trd, 4319250.743, 99
Trd, 4319251.843, 98
Trd, 4319255.843, 98
Trd, 4319256.093, 98
Trd, 4319256.493, 97
Trd, 4319256.993, 99
Trd, 4319259.343, 97
Trd, 4319262.893, 96
Trd, 4319263.343, 97
Trd, 4319269.943, 97
Trd, 4319271.043, 97
Trd, 4319271.243, 96
Trd, 4319272.993, 97
Trd, 4319276.843, 96
Trd, 4319277.593, 95
Trd, 4319277.943, 94
Trd, 4319278.493, 97
Trd, 4319282.093, 95
Trd, 4319282.143, 94
Trd, 4319284.593, 95
Trd, 4319285.443, 96
Trd, 4319287.693, 94
Trd, 4319288.443, 94
Trd, 4319290.943, 95
Trd, 4319291.743, 108
Trd, 4319292.293, 114
Trd, 4319293.643, 114
Trd, 4319294.593, 112
Trd, 4319294.943, 105
Trd, 4319296.093, 105
Trd, 4319300.243, 107
Trd, 4319300.443, 106
Trd, 4319301.693, 106
Trd, 4319303.643, 106
Trd, 4319304.093, 105
Trd, 4319307.293, 106
Trd, 4319309.093, 106
Trd, 4319310.893, 106
Trd, 4319312.343, 104
Trd, 4319313.393, 105
Trd, 4319316.943, 104
Trd, 4319317.193, 105
Trd, 4319319.393, 103
Trd, 4319320.143, 104
Trd, 4319325.643, 102
Trd, 4319326.293, 103
Trd, 4319327.093, 102
Trd, 4319327.243, 101
Trd, 4319329.443, 100
Trd, 4319332.843, 101
Trd, 4319333.493, 101
Trd, 4319336.693, 100
Trd, 4319336.843, 99
Trd, 4319336.893, 99
Trd, 4319337.743, 98
Trd, 4319338.893, 98
Trd, 4319340.893, 99
Trd, 4319341.793, 98
Trd, 4319343.743, 99
Trd, 4319345.043, 97
Trd, 4319345.193, 97
Trd, 4319348.093, 96
Trd, 4319349.243, 96
Trd, 4319353.193, 96
Trd, 4319353.543, 95
Trd, 4319354.043, 95
Trd, 4319355.793, 95
Trd, 4319355.893, 94
Trd, 4319358.543, 94
Trd, 4319360.793, 94
Trd, 4319360.943, 93
Trd, 4319361.693, 94
Trd, 4319364.093, 94
Trd, 4319365.893, 95
Trd, 4319366.893, 95
Trd, 4319368.443, 95
Trd, 4319368.793, 95
Trd, 4319368.943, 94
Trd, 4319370.493, 93
Trd, 4319371.343, 93
Trd, 4319371.593, 94
Trd, 4319372.043, 95
Trd, 4319374.993, 96
Trd, 4319377.443, 95
Trd, 4319379.543, 95
Trd, 4319382.143, 96
Trd, 4319383.143, 95
Trd, 4319384.293, 95
Trd, 4319384.643, 96
Trd, 4319386.293, 96
Trd, 4319388.893, 96
Trd, 4319392.693, 96
Trd, 4319393.393, 95
Trd, 4319393.993, 96
Trd, 4319395.993, 95
Trd, 4319398.593, 96
Trd, 4319401.693, 96
Trd, 4319401.793, 96
Trd, 4319403.243, 95
Trd, 4319405.743, 94
Trd, 4319406.843, 95
Trd, 4319407.193, 94
Trd, 4319408.993, 95
Trd, 4319409.293, 94
Trd, 4319410.943, 94
Trd, 4319410.993, 94
Trd, 4319413.893, 93
Trd, 4319414.243, 94
Trd, 4319416.293, 93
Trd, 4319416.493, 92
Trd, 4319419.643, 93
Trd, 4319421.293, 93
Trd, 4319421.693, 93
Trd, 4319424.293, 95
Trd, 4319425.893, 95
Trd, 4319427.543, 95
Trd, 4319428.093, 95
Trd, 4319429.093, 102
Trd, 4319431.793, 97
Trd, 4319432.093, 96
Trd, 4319432.743, 96
Trd, 4319437.643, 95
Trd, 4319438.593, 96
Trd, 4319439.643, 96
Trd, 4319443.243, 96
Trd, 4319443.293, 95
Trd, 4319444.843, 96
Trd, 4319447.543, 94
Trd, 4319449.043, 95
Trd, 4319449.543, 95
Trd, 4319452.893, 94
Trd, 4319453.543, 95
Trd, 4319454.243, 95
Trd, 4319456.493, 95
Trd, 4319458.743, 94
Trd, 4319461.093, 95
Trd, 4319462.643, 95
Trd, 4319463.043, 94
Trd, 4319463.143, 95
Trd, 4319466.893, 95
Trd, 4319467.193, 96
Trd, 4319468.893, 95
Trd, 4319469.193, 95
Trd, 4319469.643, 95
Trd, 4319470.043, 94
Trd, 4319472.293, 96
Trd, 4319473.693, 96
Trd, 4319475.843, 95
Trd, 4319476.543, 96
Trd, 4319479.693, 94
Trd, 4319480.443, 94
Trd, 4319482.343, 94
Trd, 4319482.593, 95
Trd, 4319482.693, 94
Trd, 4319483.293, 95
Trd, 4319486.943, 94
Trd, 4319488.393, 96
Trd, 4319490.443, 104
Trd, 4319490.693, 103
Trd, 4319491.093, 103
Trd, 4319491.143, 101
Trd, 4319493.543, 101
Trd, 4319494.193, 113
Trd, 4319495.893, 102
Trd, 4319497.293, 104
Trd, 4319498.193, 104
Trd, 4319501.143, 105
Trd, 4319502.993, 104
Trd, 4319503.093, 104
Trd, 4319506.793, 103
Trd, 4319510.743, 104
Trd, 4319512.143, 103
Trd, 4319512.243, 104
Trd, 4319514.243, 103
Trd, 4319514.443, 102
Trd, 4319516.443, 102
Trd, 4319517.893, 104
Trd, 4319518.793, 102
Trd, 4319521.793, 102
Trd, 4319522.593, 101
Trd, 4319522.843, 101
Trd, 4319525.843, 101
Trd, 4319526.793, 102
Trd, 4319528.243, 102
Trd, 4319529.193, 102
Trd, 4319529.893, 102
Trd, 4319531.793, 101
Trd, 4319532.593, 101
Trd, 4319533.193, 100
Trd, 4319533.243, 100
Trd, 4319535.943, 99
Trd, 4319536.993, 98
Trd, 4319537.843, 99
Trd, 4319538.693, 99
Trd, 4319541.543, 98
Trd, 4319542.393, 99
Trd, 4319542.893, 98
Trd, 4319545.943, 98
Trd, 4319547.743, 98
Trd, 4319548.993, 98
Trd, 4319549.793, 98
Trd, 4319550.643, 97
Trd, 4319554.743, 97
Trd, 4319554.793, 96
Trd, 4319554.993, 96
Trd, 4319557.193, 96
Trd, 4319558.243, 97
Trd, 4319560.793, 96
Trd, 4319564.093, 95
Trd, 4319564.343, 96
Trd, 4319566.143, 95
Trd, 4319568.993, 96
Trd, 4319571.043, 95
Trd, 4319573.193, 95
Trd, 4319573.693, 96
Trd, 4319575.443, 96
Trd, 4319575.543, 95
Trd, 4319577.093, 96
Trd, 4319580.593, 96
Trd, 4319581.393, 95
Trd, 4319583.193, 96
Trd, 4319583.543, 104
Trd, 4319584.943, 98
Trd, 4319586.893, 96
Trd, 4319587.093, 96
Trd, 4319588.493, 95
Trd, 4319589.093, 95
Trd, 4319589.893, 113
Trd, 4319589.993, 104
Trd, 4319593.093, 104
Trd, 4319593.743, 101
Trd, 4319594.993, 101
Trd, 4319596.443, 101
Trd, 4319597.043, 100
Trd, 4319597.593, 100
Trd, 4319597.993, 100
Trd, 4319599.243, 99
Trd, 4319601.643, 98
Trd, 4319602.643, 98
Trd, 4319603.393, 99
Trd, 4319604.343, 100
Trd, 4319606.843, 100
Trd, 4319608.843, 98
Trd, 4319609.943, 99
Trd, 4319612.993, 99
Trd, 4319613.693, 98
Trd, 4319614.793, 98
Trd, 4319615.093, 97
Trd, 4319619.643, 97
Trd, 4319619.793, 96
Trd, 4319619.993, 96
Trd, 4319622.443, 96
Trd, 4319624.293, 97
Trd, 4319627.193, 97
Trd, 4319628.693, 98
Trd, 4319629.443, 97
Trd, 4319632.893, 96
Trd, 4319634.293, 97
Trd, 4319637.293, 96
Trd, 4319637.893, 95
Trd, 4319639.293, 96
Trd, 4319640.643, 95
Trd, 4319641.443, 95
Trd, 4319644.193, 95
Trd, 4319645.393, 95
Trd, 4319645.743, 95
Trd, 4319647.093, 95
Trd, 4319650.093, 96
Trd, 4319651.293, 96
Trd, 4319652.643, 95
Trd, 4319653.493, 95
Trd, 4319656.143, 96
Trd, 4319656.443, 95
Trd, 4319662.143, 96
Trd, 4319662.743, 95
Trd, 4319663.393, 96
Trd, 4319666.743, 97
Trd, 4319666.993, 97
Trd, 4319668.543, 96
Trd, 4319670.143, 97
Trd, 4319670.643, 96
Trd, 4319671.593, 95
Trd, 4319675.443, 96
Trd, 4319679.343, 95
Trd, 4319682.793, 94
Trd, 4319683.043, 95
Trd, 4319685.293, 94
Trd, 4319685.343, 95
Trd, 4319687.193, 93
Trd, 4319687.343, 94
Trd, 4319688.243, 95
Trd, 4319689.043, 96
Trd, 4319690.343, 96
Trd, 4319692.143, 97
Trd, 4319693.693, 97
Trd, 4319693.943, 96
Trd, 4319695.543, 96
Trd, 4319698.793, 97
Trd, 4319700.193, 97
Trd, 4319701.393, 95
Trd, 4319702.193, 95
Trd, 4319703.893, 96
Trd, 4319705.043, 95
Trd, 4319706.493, 96
Trd, 4319707.243, 96
Trd, 4319710.343, 95
Trd, 4319712.743, 93
Trd, 4319713.043, 94
Trd, 4319713.393, 95
Trd, 4319716.193, 94
Trd, 4319716.643, 94
Trd, 4319718.393, 96
Trd, 4319720.743, 95
Trd, 4319720.993, 95
Trd, 4319722.193, 95
Trd, 4319723.793, 95
Trd, 4319725.343, 96
Trd, 4319725.543, 95
Trd, 4319728.693, 95
Trd, 4319730.243, 95
Trd, 4319731.793, 94
Trd, 4319731.843, 95
Trd, 4319735.143, 95
Trd, 4319735.493, 95
Trd, 4319735.593, 94
Trd, 4319737.293, 95
Trd, 4319739.493, 95
Trd, 4319741.143, 95
Trd, 4319742.493, 95
Trd, 4319743.143, 95
Trd, 4319746.343, 95
Trd, 4319747.893, 94
Trd, 4319748.643, 95
Trd, 4319748.793, 95
Trd, 4319753.293, 93
Trd, 4319753.393, 94
Trd, 4319753.543, 95
Trd, 4319755.743, 95
Trd, 4319756.493, 113
Trd, 4319756.843, 106
Trd, 4319757.743, 109
Trd, 4319758.893, 112
Trd, 4319759.943, 114
Trd, 4319760.243, 113
Trd, 4319762.193, 108
Trd, 4319763.793, 105
Trd, 4319765.443, 105
Trd, 4319766.043, 103
Trd, 4319767.643, 103
Trd, 4319768.993, 103
Trd, 4319769.493, 102
Trd, 4319769.643, 103
Trd, 4319770.493, 101
Trd, 4319775.143, 101
Trd, 4319778.543, 102
Trd, 4319779.143, 102
Trd, 4319781.643, 102
Trd, 4319782.643, 101
Trd, 4319785.293, 100
Trd, 4319787.593, 100
Trd, 4319791.343, 101
Trd, 4319791.393, 104
Trd, 4319793.343, 101
Trd, 4319793.443, 100
Trd, 4319794.293, 100
Trd, 4319796.093, 100
Trd, 4319797.343, 100
Trd, 4319799.543, 99
Trd, 4319800.893, 100
Trd, 4319804.043, 100
Trd, 4319805.643, 99
Trd, 4319808.143, 99
Trd, 4319810.843, 99
Trd, 4319812.043, 98
Trd, 4319813.393, 97
Trd, 4319813.893, 98
Trd, 4319816.643, 99
Trd, 4319818.143, 98
Trd, 4319819.793, 98
Trd, 4319823.093, 96
Trd, 4319823.393, 95
Trd, 4319823.493, 95
Trd, 4319826.043, 95
Trd, 4319827.543, 96
Trd, 4319827.593, 95
Trd, 4319827.993, 94
Trd, 4319828.193, 93
Trd, 4319830.093, 95
Trd, 4319830.443, 94
Trd, 4319831.293, 95
Trd, 4319832.793, 97
Trd, 4319835.843, 93
Trd, 4319836.393, 93
Trd, 4319836.843, 93
Trd, 4319838.293, 93
Trd, 4319839.693, 93
Trd, 4319841.843, 93
Trd, 4319841.893, 93
Trd, 4319843.843, 94
Trd, 4319844.943, 94
Trd, 4319847.043, 94
Trd, 4319849.843, 94
Trd, 4319850.843, 94
Trd, 4319852.043, 93
Trd, 4319852.193, 95
Trd, 4319853.543, 94
Trd, 4319854.743, 94
Trd, 4319856.843, 95
Trd, 4319859.043, 94
Trd, 4319859.793, 104
Trd, 4319860.543, 95
Trd, 4319863.043, 96
Trd, 4319865.543, 95
Trd, 4319867.693, 96
Trd, 4319867.943, 96
Trd, 4319868.143, 95
Trd, 4319869.443, 95
Trd, 4319869.793, 95
Trd, 4319870.693, 95
Trd, 4319874.043, 96
Trd, 4319877.243, 95
Trd, 4319878.443, 96
Trd, 4319881.293, 94
Trd, 4319881.443, 93
Trd, 4319881.593, 95
Trd, 4319882.593, 94
Trd, 4319883.893, 92
Trd, 4319886.743, 94
Trd, 4319887.943, 94
Trd, 4319888.143, 94
Trd, 4319888.993, 95
Trd, 4319892.243, 94
Trd, 4319894.243, 94
Trd, 4319895.743, 94
Trd, 4319896.193, 95
Trd, 4319898.293, 94
Trd, 4319899.743, 95
Trd, 4319900.243, 94
Trd, 4319902.143, 95
Trd, 4319905.343, 94
Trd, 4319905.793, 95
Trd, 4319905.993, 95
Trd, 4319908.093, 95
Trd, 4319909.643, 95
Trd, 4319909.743, 96
Trd, 4319911.443, 94
Trd, 4319912.143, 95
Trd, 4319914.443, 94
Trd, 4319914.893, 95
Trd, 4319916.493, 96
Trd, 4319919.943, 94
Trd, 4319921.493, 93
Trd, 4319922.043, 92
Trd, 4319922.193, 95
Trd, 4319922.743, 95
Trd, 4319925.693, 104
Trd, 4319926.493, 97
Trd, 4319928.043, 97
Trd, 4319929.393, 96
Trd, 4319929.993, 96
Trd, 4319931.643, 96
Trd, 4319932.993, 96
Trd, 4319937.193, 96
Trd, 4319937.893, 96
Trd, 4319938.193, 95
Trd, 4319938.593, 95
Trd, 4319938.843, 95
Trd, 4319940.443, 95
Trd, 4319941.843, 95
Trd, 4319943.243, 98
Trd, 4319945.643, 100
Trd, 4319946.593, 112
Trd, 4319946.743, 99
Trd, 4319948.743, 104
Trd, 4319950.243, 100
Trd, 4319951.443, 96
Trd, 4319952.393, 96
Trd, 4319953.693, 96
Trd, 4319954.743, 95
Trd, 4319956.243, 94
Trd, 4319957.343, 93
Trd, 4319958.143, 93
Trd, 4319959.143, 113
Trd, 4319960.293, 98
Trd, 4319960.343, 100
Trd, 4319961.093, 97
Trd, 4319963.193, 99
Trd, 4319963.743, 98
Trd, 4319966.893, 99
Trd, 4319967.343, 103
Trd, 4319971.693, 100
Trd, 4319974.293, 98
Trd, 4319977.893, 99
Trd, 4319978.593, 99
Trd, 4319980.093, 98
Trd, 4319982.943, 99
Trd, 4319983.393, 97
Trd, 4319986.043, 97
Trd, 4319986.293, 98
Trd, 4319990.393, 97
Trd, 4319991.593, 97
Trd, 4319991.693, 96
Trd, 4319993.643, 97
Trd, 4319997.943, 95
Trd, 4319998.393, 95
Trd, 4319999.093, 96
Trd, 4319999.643, 96
Trd, 4319999.693, 94
