Trd, 4317891.743, 98
Trd, 4317892.143, 110
Trd, 4317895.843, 98
Trd, 4317896.343, 102
Trd, 4317897.643, 102
Trd, 4317899.093, 100
Trd, 4317900.093, 97
Trd, 4317903.093, 101
Trd, 4317905.143, 101
Trd, 4317906.143, 101
Trd, 4317907.443, 101
Trd, 4317907.843, 96
Trd, 4317909.543, 100
Trd, 4317909.843, 95
Trd, 4317910.443, 100
Trd, 4317912.293, 96
Trd, 4317912.543, 100
Trd, 4317913.293, 87
Trd, 4317918.093, 100
Trd, 4317918.493, 94
Trd, 4317919.993, 100
Trd, 4317920.093, 104
Trd, 4317922.493, 95
Trd, 4317923.893, 97
Trd, 4317924.393, 97
Trd, 4317924.643, 96
Trd, 4317926.243, 113
Trd, 4317926.643, 100
Trd, 4317929.943, 95
Trd, 4317930.743, 100
Trd, 4317932.443, 100
Trd, 4317932.543, 99
Trd, 4317934.193, 100
Trd, 4317934.943, 97
Trd, 4317934.993, 106
Trd, 4317937.793, 97
Trd, 4317938.243, 102
Trd, 4317942.043, 100
Trd, 4317943.443, 100
Trd, 4317945.643, 99
Trd, 4317946.943, 100
Trd, 4317947.393, 96
Trd, 4317951.093, 100
Trd, 4317951.143, 100
Trd, 4317952.943, 102
Trd, 4317953.543, 104
Trd, 4317954.193, 100
Trd, 4317957.793, 102
Trd, 4317958.293, 103
Trd, 4317958.693, 103
Trd, 4317959.543, 95
Trd, 4317961.443, 100
Trd, 4317961.643, 95
Trd, 4317964.693, 99
Trd, 4317965.943, 99
Trd, 4317967.193, 99
Trd, 4317967.893, 99
Trd, 4317968.093, 98
Trd, 4317970.393, 96
Trd, 4317970.843, 98
Trd, 4317971.743, 114
Trd, 4317973.343, 110
Trd, 4317975.093, 106
Trd, 4317975.693, 102
Trd, 4317976.693, 93
Trd, 4317978.143, 100
Trd, 4317978.843, 98
Trd, 4317980.543, 95
Trd, 4317981.643, 96
Trd, 4317981.893, 91
Trd, 4317984.693, 95
Trd, 4317985.593, 95
Trd, 4317985.643, 101
Trd, 4317987.943, 98
Trd, 4317989.393, 98
Trd, 4317990.693, 97
Trd, 4317992.643, 98
Trd, 4317992.693, 95
Trd, 4317992.793, 94
Trd, 4317995.043, 99
Trd, 4317996.893, 99
Trd, 4317997.543, 95
Trd, 4317999.143, 97
Trd, 4318001.293, 99
Trd, 4318002.593, 98
Trd, 4318003.943, 99
Trd, 4318005.093, 113
Trd, 4318006.393, 97
Trd, 4318008.293, 100
Trd, 4318009.893, 101
Trd, 4318011.693, 100
Trd, 4318011.843, 94
Trd, 4318013.293, 95
Trd, 4318014.993, 95
Trd, 4318015.043, 96
Trd, 4318015.993, 95
Trd, 4318016.943, 104
Trd, 4318017.093, 93
Trd, 4318017.443, 94
Trd, 4318017.893, 86
Trd, 4318018.493, 90
Trd, 4318021.943, 92
Trd, 4318022.543, 92
Trd, 4318024.843, 95
Trd, 4318025.193, 95
Trd, 4318026.193, 93
Trd, 4318026.843, 95
Trd, 4318027.493, 114
Trd, 4318027.893, 113
Trd, 4318031.543, 104
Trd, 4318031.593, 102
Trd, 4318032.043, 99
Trd, 4318032.693, 105
Trd, 4318033.593, 105
Trd, 4318036.243, 102
Trd, 4318037.893, 103
Trd, 4318041.443, 103
Trd, 4318041.843, 101
Trd, 4318041.893, 100
Trd, 4318042.793, 103
Trd, 4318045.293, 103
Trd, 4318045.993, 95
Trd, 4318046.443, 102
Trd, 4318048.643, 100
Trd, 4318049.193, 102
Trd, 4318050.643, 99
Trd, 4318052.943, 100
Trd, 4318053.393, 100
Trd, 4318055.043, 100
Trd, 4318056.243, 100
Trd, 4318056.493, 97
Trd, 4318057.543, 100
Trd, 4318058.593, 100
Trd, 4318058.893, 96
Trd, 4318061.393, 100
Trd, 4318062.693, 100
Trd, 4318063.493, 101
Trd, 4318064.293, 101
Trd, 4318065.643, 101
Trd, 4318067.393, 97
Trd, 4318070.793, 100
Trd, 4318071.743, 113
Trd, 4318072.693, 101
Trd, 4318072.893, 105
Trd, 4318074.343, 97
Trd, 4318075.143, 94
Trd, 4318076.393, 92
Trd, 4318076.443, 103
Trd, 4318078.543, 96
Trd, 4318079.393, 96
Trd, 4318080.293, 95
Trd, 4318081.643, 95
Trd, 4318082.343, 102
Trd, 4318083.793, 104
Trd, 4318083.993, 114
Trd, 4318084.093, 94
Trd, 4318085.093, 92
Trd, 4318085.493, 92
Trd, 4318088.343, 94
Trd, 4318089.493, 94
Trd, 4318090.043, 95
Trd, 4318091.493, 96
Trd, 4318093.093, 104
Trd, 4318093.293, 113
Trd, 4318093.593, 96
Trd, 4318095.893, 114
Trd, 4318096.343, 113
Trd, 4318096.743, 100
Trd, 4318100.893, 105
Trd, 4318101.393, 106
Trd, 4318101.543, 104
Trd, 4318102.943, 106
Trd, 4318103.293, 96
Trd, 4318107.043, 106
Trd, 4318107.293, 106
Trd, 4318108.243, 100
Trd, 4318111.593, 101
Trd, 4318112.593, 104
Trd, 4318112.843, 105
Trd, 4318114.893, 104
Trd, 4318115.693, 104
Trd, 4318117.993, 102
Trd, 4318121.693, 94
Trd, 4318121.993, 104
Trd, 4318122.293, 104
Trd, 4318122.793, 97
Trd, 4318124.193, 94
Trd, 4318124.243, 104
Trd, 4318125.043, 104
Trd, 4318127.643, 104
Trd, 4318127.993, 105
Trd, 4318130.343, 101
Trd, 4318130.893, 105
Trd, 4318131.493, 101
Trd, 4318134.143, 101
Trd, 4318134.343, 103
Trd, 4318136.843, 103
Trd, 4318136.993, 103
Trd, 4318139.743, 103
Trd, 4318139.993, 100
Trd, 4318141.593, 103
Trd, 4318142.293, 103
Trd, 4318144.643, 104
Trd, 4318145.393, 103
Trd, 4318146.443, 102
Trd, 4318148.443, 104
Trd, 4318149.143, 103
Trd, 4318150.293, 102
Trd, 4318151.143, 102
Trd, 4318151.443, 100
Trd, 4318154.243, 102
Trd, 4318154.493, 102
Trd, 4318155.943, 102
Trd, 4318156.593, 100
Trd, 4318156.643, 103
Trd, 4318159.843, 100
Trd, 4318162.193, 99
Trd, 4318162.593, 102
Trd, 4318164.793, 99
Trd, 4318165.093, 94
Trd, 4318166.043, 99
Trd, 4318167.293, 99
Trd, 4318168.443, 99
Trd, 4318168.743, 99
Trd, 4318170.343, 104
Trd, 4318170.993, 114
Trd, 4318171.543, 106
Trd, 4318171.793, 103
Trd, 4318173.643, 104
Trd, 4318177.793, 105
Trd, 4318177.993, 109
Trd, 4318180.793, 96
Trd, 4318181.293, 102
Trd, 4318181.793, 102
Trd, 4318182.243, 95
Trd, 4318185.943, 100
Trd, 4318186.943, 99
Trd, 4318187.443, 100
Trd, 4318187.543, 105
Trd, 4318189.843, 101
Trd, 4318191.743, 101
Trd, 4318192.943, 101
Trd, 4318193.893, 101
Trd, 4318194.093, 100
Trd, 4318194.593, 94
Trd, 4318197.343, 100
Trd, 4318198.293, 100
Trd, 4318199.493, 100
Trd, 4318199.793, 96
Trd, 4318201.443, 101
Trd, 4318202.843, 98
Trd, 4318204.093, 100
Trd, 4318204.643, 102
Trd, 4318205.343, 104
Trd, 4318205.493, 107
Trd, 4318209.543, 99
Trd, 4318211.693, 103
Trd, 4318212.493, 103
Trd, 4318213.193, 99
Trd, 4318213.293, 94
Trd, 4318213.543, 103
Trd, 4318215.143, 97
Trd, 4318217.793, 95
Trd, 4318220.093, 97
Trd, 4318220.543, 98
Trd, 4318221.443, 94
Trd, 4318221.693, 86
Trd, 4318224.593, 97
Trd, 4318224.893, 96
Trd, 4318225.443, 97
Trd, 4318226.493, 107
Trd, 4318226.743, 94
Trd, 4318228.743, 101
Trd, 4318229.093, 107
Trd, 4318229.693, 115
Trd, 4318229.793, 113
Trd, 4318231.193, 107
Trd, 4318232.693, 92
Trd, 4318234.343, 99
Trd, 4318234.693, 90
Trd, 4318234.743, 99
Trd, 4318236.093, 98
Trd, 4318238.343, 94
Trd, 4318238.943, 98
Trd, 4318239.093, 104
Trd, 4318239.993, 113
Trd, 4318242.043, 108
Trd, 4318243.143, 102
Trd, 4318246.943, 98
Trd, 4318247.043, 97
Trd, 4318247.193, 94
Trd, 4318247.293, 99
Trd, 4318248.943, 89
Trd, 4318250.543, 99
Trd, 4318253.043, 95
Trd, 4318253.093, 94
Trd, 4318254.243, 93
Trd, 4318254.393, 94
Trd, 4318255.043, 93
Trd, 4318256.093, 95
Trd, 4318257.393, 92
Trd, 4318258.543, 95
Trd, 4318260.343, 95
Trd, 4318260.793, 95
Trd, 4318260.943, 104
Trd, 4318263.093, 100
Trd, 4318264.043, 99
Trd, 4318265.193, 98
Trd, 4318267.343, 100
Trd, 4318267.743, 101
Trd, 4318268.693, 102
Trd, 4318270.193, 100
Trd, 4318270.693, 98
Trd, 4318270.893, 103
Trd, 4318274.743, 98
Trd, 4318275.693, 103
Trd, 4318277.493, 102
Trd, 4318279.793, 101
Trd, 4318280.393, 100
Trd, 4318281.493, 100
Trd, 4318283.793, 100
Trd, 4318284.043, 100
Trd, 4318284.543, 97
Trd, 4318287.143, 98
Trd, 4318289.093, 95
Trd, 4318290.543, 101
Trd, 4318291.443, 101
Trd, 4318292.593, 100
Trd, 4318294.043, 101
Trd, 4318295.293, 104
Trd, 4318295.893, 104
Trd, 4318296.343, 100
Trd, 4318296.743, 95
Trd, 4318297.043, 116
Trd, 4318299.843, 102
Trd, 4318300.893, 101
Trd, 4318302.093, 102
Trd, 4318304.043, 102
Trd, 4318304.793, 104
Trd, 4318305.693, 104
Trd, 4318306.493, 76
Trd, 4318307.543, 96
Trd, 4318308.093, 103
Trd, 4318308.943, 89
Trd, 4318310.393, 96
Trd, 4318310.943, 88
Trd, 4318313.893, 95
Trd, 4318315.593, 94
Trd, 4318317.443, 95
Trd, 4318319.143, 95
Trd, 4318319.943, 95
Trd, 4318320.143, 116
Trd, 4318320.543, 96
Trd, 4318321.293, 104
Trd, 4318322.343, 105
Trd, 4318325.743, 103
Trd, 4318326.143, 104
Trd, 4318327.543, 101
Trd, 4318329.043, 102
Trd, 4318330.443, 103
Trd, 4318331.693, 100
Trd, 4318332.093, 96
Trd, 4318332.193, 103
Trd, 4318335.893, 98
Trd, 4318336.243, 100
Trd, 4318337.693, 100
Trd, 4318339.043, 101
Trd, 4318339.743, 104
Trd, 4318340.543, 101
Trd, 4318341.593, 86
Trd, 4318342.343, 98
Trd, 4318344.093, 93
Trd, 4318344.393, 96
Trd, 4318345.643, 116
Trd, 4318346.743, 99
Trd, 4318348.693, 101
Trd, 4318350.443, 103
Trd, 4318351.793, 93
Trd, 4318352.143, 102
Trd, 4318352.293, 103
Trd, 4318352.443, 76
Trd, 4318355.443, 100
Trd, 4318355.693, 97
Trd, 4318356.993, 99
Trd, 4318358.493, 98
Trd, 4318359.593, 99
Trd, 4318359.993, 99
Trd, 4318360.443, 106
Trd, 4318361.643, 103
Trd, 4318362.793, 97
Trd, 4318365.493, 95
Trd, 4318367.743, 99
Trd, 4318368.093, 98
Trd, 4318368.743, 99
Trd, 4318371.593, 98
Trd, 4318372.693, 98
Trd, 4318373.493, 97
Trd, 4318374.293, 96
Trd, 4318375.343, 113
Trd, 4318378.093, 98
Trd, 4318379.843, 97
Trd, 4318380.943, 100
Trd, 4318381.543, 99
Trd, 4318382.193, 97
Trd, 4318386.443, 99
Trd, 4318387.143, 99
Trd, 4318388.093, 99
Trd, 4318388.543, 99
Trd, 4318388.693, 96
Trd, 4318391.793, 104
Trd, 4318391.993, 94
Trd, 4318393.943, 100
Trd, 4318395.393, 98
Trd, 4318397.593, 99
Trd, 4318397.693, 100
Trd, 4318397.893, 98
Trd, 4318399.243, 104
Trd, 4318399.593, 122
Trd, 4318401.493, 96
Trd, 4318403.443, 104
Trd, 4318405.293, 100
Trd, 4318407.693, 102
Trd, 4318408.443, 102
Trd, 4318409.143, 102
Trd, 4318410.143, 102
Trd, 4318410.793, 100
Trd, 4318414.443, 103
Trd, 4318414.743, 104
Trd, 4318415.343, 113
Trd, 4318415.693, 114
Trd, 4318416.093, 103
Trd, 4318420.893, 104
Trd, 4318422.993, 106
Trd, 4318424.043, 103
Trd, 4318424.243, 100
Trd, 4318426.393, 103
Trd, 4318427.593, 102
Trd, 4318428.693, 94
Trd, 4318429.093, 103
Trd, 4318429.943, 103
Trd, 4318432.143, 103
Trd, 4318432.743, 101
Trd, 4318433.193, 99
Trd, 4318434.593, 103
Trd, 4318435.843, 102
Trd, 4318438.043, 102
Trd, 4318438.893, 104
Trd, 4318441.843, 104
Trd, 4318442.243, 113
Trd, 4318442.743, 101
Trd, 4318444.593, 101
Trd, 4318444.743, 102
Trd, 4318445.543, 95
Trd, 4318447.643, 101
Trd, 4318449.293, 101
Trd, 4318449.393, 99
Trd, 4318450.143, 104
Trd, 4318450.743, 111
Trd, 4318450.793, 94
Trd, 4318453.543, 101
Trd, 4318453.793, 100
Trd, 4318455.093, 103
Trd, 4318455.943, 116
Trd, 4318459.493, 107
Trd, 4318459.643, 103
Trd, 4318460.243, 107
Trd, 4318462.593, 106
Trd, 4318462.993, 105
Trd, 4318463.343, 104
Trd, 4318464.393, 105
Trd, 4318465.443, 105
Trd, 4318468.493, 105
Trd, 4318470.043, 105
Trd, 4318470.393, 104
Trd, 4318471.193, 105
Trd, 4318472.193, 104
Trd, 4318472.993, 104
Trd, 4318473.093, 103
Trd, 4318475.393, 79
Trd, 4318475.943, 102
Trd, 4318476.743, 97
Trd, 4318478.393, 97
Trd, 4318478.893, 105
Trd, 4318480.893, 95
Trd, 4318480.943, 92
Trd, 4318483.793, 95
Trd, 4318484.193, 95
Trd, 4318485.243, 96
Trd, 4318486.193, 95
Trd, 4318486.843, 105
Trd, 4318487.193, 99
Trd, 4318491.443, 106
Trd, 4318491.593, 102
Trd, 4318491.643, 99
Trd, 4318492.943, 103
Trd, 4318496.193, 99
Trd, 4318497.743, 96
Trd, 4318499.143, 97
Trd, 4318499.193, 100
Trd, 4318501.043, 99
Trd, 4318501.643, 99
Trd, 4318502.943, 99
Trd, 4318503.943, 98
Trd, 4318505.793, 112
Trd, 4318506.043, 97
Trd, 4318509.193, 101
Trd, 4318509.693, 99
Trd, 4318510.293, 101
Trd, 4318510.593, 103
Trd, 4318513.143, 104
Trd, 4318516.043, 103
Trd, 4318516.393, 102
Trd, 4318516.443, 100
Trd, 4318517.143, 102
Trd, 4318517.843, 94
Trd, 4318520.143, 97
Trd, 4318520.693, 99
Trd, 4318522.343, 95
Trd, 4318524.343, 97
Trd, 4318524.593, 95
Trd, 4318524.693, 94
Trd, 4318526.193, 96
Trd, 4318527.393, 97
Trd, 4318529.593, 97
Trd, 4318529.893, 95
Trd, 4318531.643, 97
Trd, 4318532.393, 95
Trd, 4318532.643, 97
Trd, 4318534.493, 97
Trd, 4318535.443, 97
Trd, 4318537.143, 97
Trd, 4318537.243, 94
Trd, 4318538.143, 95
Trd, 4318539.893, 87
Trd, 4318540.493, 78
Trd, 4318540.943, 87
Trd, 4318543.443, 84
Trd, 4318545.243, 105
Trd, 4318546.743, 91
Trd, 4318547.043, 92
Trd, 4318547.693, 91
Trd, 4318547.943, 92
Trd, 4318549.843, 91
Trd, 4318549.993, 95
Trd, 4318552.393, 94
Trd, 4318552.643, 95
Trd, 4318553.143, 96
Trd, 4318555.993, 95
Trd, 4318557.043, 96
Trd, 4318557.093, 96
Trd, 4318557.393, 93
Trd, 4318558.043, 78
Trd, 4318562.493, 94
Trd, 4318562.543, 96
Trd, 4318563.793, 95
Trd, 4318564.043, 106
Trd, 4318565.143, 122
Trd, 4318566.743, 101
Trd, 4318567.743, 102
Trd, 4318567.943, 106
Trd, 4318568.043, 101
Trd, 4318568.393, 106
Trd, 4318570.043, 103
Trd, 4318572.943, 102
Trd, 4318573.443, 102
Trd, 4318576.893, 102
Trd, 4318577.143, 101
Trd, 4318577.343, 94
Trd, 4318578.893, 103
Trd, 4318579.643, 102
Trd, 4318580.693, 103
Trd, 4318580.843, 104
Trd, 4318581.243, 101
Trd, 4318585.293, 104
Trd, 4318586.943, 104
Trd, 4318588.093, 101
Trd, 4318588.643, 101
Trd, 4318591.093, 101
Trd, 4318592.143, 104
Trd, 4318592.793, 100
Trd, 4318594.343, 104
Trd, 4318597.193, 104
Trd, 4318599.243, 104
Trd, 4318599.793, 99
Trd, 4318603.043, 104
Trd, 4318604.493, 101
Trd, 4318606.493, 104
Trd, 4318606.543, 104
Trd, 4318607.643, 99
Trd, 4318608.493, 105
Trd, 4318612.393, 105
Trd, 4318613.043, 101
Trd, 4318613.293, 104
Trd, 4318615.243, 103
Trd, 4318615.293, 104
Trd, 4318616.193, 104
Trd, 4318616.793, 104
Trd, 4318617.893, 101
Trd, 4318619.443, 94
Trd, 4318620.593, 94
Trd, 4318621.843, 104
Trd, 4318622.043, 105
Trd, 4318625.793, 99
Trd, 4318627.543, 98
Trd, 4318627.943, 101
Trd, 4318629.943, 101
Trd, 4318630.593, 95
Trd, 4318631.993, 94
Trd, 4318634.043, 99
Trd, 4318634.593, 99
Trd, 4318634.793, 100
Trd, 4318636.193, 99
Trd, 4318636.893, 99
Trd, 4318639.643, 99
Trd, 4318640.343, 99
Trd, 4318640.493, 98
Trd, 4318642.993, 97
Trd, 4318643.143, 99
Trd, 4318646.493, 105
Trd, 4318648.743, 99
Trd, 4318648.793, 101
Trd, 4318651.243, 100
Trd, 4318652.143, 101
Trd, 4318652.693, 99
Trd, 4318653.493, 98
Trd, 4318653.743, 93
Trd, 4318653.993, 97
Trd, 4318654.893, 86
Trd, 4318655.293, 94
Trd, 4318656.493, 97
Trd, 4318659.193, 96
Trd, 4318661.143, 96
Trd, 4318661.393, 96
Trd, 4318661.743, 95
Trd, 4318663.093, 105
Trd, 4318664.843, 100
Trd, 4318666.243, 98
Trd, 4318667.743, 98
Trd, 4318668.243, 98
Trd, 4318671.393, 98
Trd, 4318673.343, 97
Trd, 4318673.843, 96
Trd, 4318674.993, 97
Trd, 4318676.043, 95
Trd, 4318676.843, 96
Trd, 4318677.993, 113
Trd, 4318678.443, 95
Trd, 4318680.643, 95
Trd, 4318680.843, 94
Trd, 4318681.393, 108
Trd, 4318681.843, 81
Trd, 4318681.943, 117
Trd, 4318684.243, 96
Trd, 4318686.343, 98
Trd, 4318687.793, 101
Trd, 4318688.543, 99
Trd, 4318690.143, 101
Trd, 4318690.593, 100
Trd, 4318691.143, 107
Trd, 4318691.243, 113
Trd, 4318691.693, 94
Trd, 4318692.393, 106
Trd, 4318694.943, 99
Trd, 4318696.943, 97
Trd, 4318698.693, 98
Trd, 4318699.793, 98
Trd, 4318700.293, 98
Trd, 4318701.693, 99
Trd, 4318703.793, 105
Trd, 4318704.193, 94
Trd, 4318704.693, 99
Trd, 4318706.393, 113
Trd, 4318706.493, 104
Trd, 4318708.043, 105
Trd, 4318708.493, 104
Trd, 4318708.693, 131
Trd, 4318711.993, 104
Trd, 4318712.193, 104
Trd, 4318713.643, 104
Trd, 4318715.043, 113
Trd, 4318715.443, 104
Trd, 4318715.693, 99
Trd, 4318719.393, 105
Trd, 4318719.543, 104
Trd, 4318719.743, 108
Trd, 4318720.693, 108
Trd, 4318722.893, 104
Trd, 4318723.393, 107
Trd, 4318724.593, 107
Trd, 4318728.693, 107
Trd, 4318729.093, 105
Trd, 4318729.743, 107
Trd, 4318734.043, 106
Trd, 4318736.243, 104
Trd, 4318737.693, 105
Trd, 4318738.543, 105
Trd, 4318738.643, 104
Trd, 4318740.343, 102
Trd, 4318742.393, 102
Trd, 4318743.193, 96
Trd, 4318744.243, 101
Trd, 4318745.493, 99
Trd, 4318747.493, 99
Trd, 4318748.193, 98
Trd, 4318750.593, 99
Trd, 4318750.793, 99
Trd, 4318751.643, 96
Trd, 4318753.643, 98
Trd, 4318754.793, 98
Trd, 4318755.143, 98
Trd, 4318755.993, 104
Trd, 4318758.593, 98
Trd, 4318758.693, 102
Trd, 4318760.893, 102
Trd, 4318761.143, 93
Trd, 4318763.943, 95
Trd, 4318764.393, 94
Trd, 4318764.843, 98
Trd, 4318765.243, 98
Trd, 4318768.693, 104
Trd, 4318768.893, 100
Trd, 4318768.943, 99
Trd, 4318770.893, 102
Trd, 4318771.393, 101
Trd, 4318771.693, 113
Trd, 4318772.743, 92
Trd, 4318773.293, 116
Trd, 4318775.743, 100
Trd, 4318779.843, 79
Trd, 4318780.243, 80
Trd, 4318781.343, 113
Trd, 4318781.543, 121
Trd, 4318781.843, 122
Trd, 4318782.643, 104
Trd, 4318786.293, 109
Trd, 4318787.743, 104
Trd, 4318789.393, 105
Trd, 4318789.793, 103
Trd, 4318790.893, 104
Trd, 4318792.143, 104
Trd, 4318792.593, 102
Trd, 4318793.493, 104
Trd, 4318794.243, 107
Trd, 4318795.543, 76
Trd, 4318798.643, 88
Trd, 4318799.243, 100
Trd, 4318799.843, 89
Trd, 4318800.043, 101
Trd, 4318803.893, 99
Trd, 4318804.593, 97
Trd, 4318805.293, 100
Trd, 4318806.193, 96
Trd, 4318806.693, 100
Trd, 4318810.393, 99
Trd, 4318810.593, 97
Trd, 4318811.993, 100
Trd, 4318812.393, 96
Trd, 4318813.993, 99
Trd, 4318814.443, 104
Trd, 4318817.243, 95
Trd, 4318819.193, 100
Trd, 4318819.793, 98
Trd, 4318820.293, 100
Trd, 4318821.143, 100
Trd, 4318821.193, 100
Trd, 4318821.243, 119
Trd, 4318823.893, 100
Trd, 4318825.593, 104
Trd, 4318825.993, 101
Trd, 4318826.343, 104
Trd, 4318826.943, 104
Trd, 4318828.393, 103
Trd, 4318829.043, 101
Trd, 4318830.543, 102
Trd, 4318832.643, 102
Trd, 4318833.093, 100
Trd, 4318835.643, 97
Trd, 4318835.693, 96
Trd, 4318836.243, 102
Trd, 4318837.593, 101
Trd, 4318838.743, 102
Trd, 4318839.593, 102
Trd, 4318841.093, 99
Trd, 4318845.293, 101
Trd, 4318846.193, 98
Trd, 4318846.443, 94
Trd, 4318847.343, 101
Trd, 4318850.243, 101
Trd, 4318850.693, 100
Trd, 4318852.793, 101
Trd, 4318853.343, 102
Trd, 4318853.643, 77
Trd, 4318855.743, 102
Trd, 4318855.893, 102
Trd, 4318857.593, 101
Trd, 4318859.093, 102
Trd, 4318860.043, 99
Trd, 4318862.593, 101
Trd, 4318862.843, 100
Trd, 4318863.993, 101
Trd, 4318864.993, 98
Trd, 4318865.393, 104
Trd, 4318867.643, 98
Trd, 4318868.793, 95
Trd, 4318869.743, 99
Trd, 4318871.993, 99
Trd, 4318872.743, 98
Trd, 4318873.793, 98
Trd, 4318875.793, 99
Trd, 4318876.193, 100
Trd, 4318877.043, 96
Trd, 4318877.843, 94
Trd, 4318878.443, 99
Trd, 4318881.243, 100
Trd, 4318882.393, 100
Trd, 4318883.443, 102
Trd, 4318883.943, 105
Trd, 4318884.543, 99
Trd, 4318888.793, 99
Trd, 4318888.843, 101
Trd, 4318888.993, 101
Trd, 4318891.543, 102
Trd, 4318892.843, 101
Trd, 4318893.543, 100
Trd, 4318895.443, 104
Trd, 4318895.943, 101
Trd, 4318896.993, 102
Trd, 4318899.593, 103
Trd, 4318899.993, 103
Trd, 4318900.293, 104
Trd, 4318901.243, 103
Trd, 4318902.393, 104
Trd, 4318903.393, 104
Trd, 4318904.143, 104
Trd, 4318904.943, 101
Trd, 4318904.993, 86
Trd, 4318906.543, 104
Trd, 4318909.193, 102
Trd, 4318909.343, 103
Trd, 4318909.693, 99
Trd, 4318911.143, 99
Trd, 4318911.393, 104
Trd, 4318913.643, 98
Trd, 4318914.543, 103
Trd, 4318916.093, 103
Trd, 4318917.893, 100
Trd, 4318918.543, 100
Trd, 4318918.993, 94
Trd, 4318921.143, 100
Trd, 4318923.143, 97
Trd, 4318923.943, 94
Trd, 4318924.993, 99
Trd, 4318926.093, 97
Trd, 4318927.393, 99
Trd, 4318927.743, 99
Trd, 4318928.443, 104
Trd, 4318928.893, 121
Trd, 4318931.643, 97
Trd, 4318932.893, 104
Trd, 4318935.743, 104
Trd, 4318935.943, 104
Trd, 4318936.793, 113
Trd, 4318940.243, 104
Trd, 4318940.543, 103
Trd, 4318940.593, 104
Trd, 4318941.343, 104
Trd, 4318944.593, 103
Trd, 4318945.643, 94
Trd, 4318946.893, 104
Trd, 4318947.693, 99
Trd, 4318947.793, 105
Trd, 4318950.493, 102
Trd, 4318951.593, 102
Trd, 4318952.643, 103
Trd, 4318953.843, 101
Trd, 4318955.793, 102
Trd, 4318958.993, 102
Trd, 4318960.243, 101
Trd, 4318960.293, 99
Trd, 4318960.593, 102
Trd, 4318961.243, 94
Trd, 4318962.093, 101
Trd, 4318963.043, 101
Trd, 4318964.943, 101
Trd, 4318967.043, 102
Trd, 4318967.793, 102
Trd, 4318971.293, 103
Trd, 4318971.593, 103
Trd, 4318971.693, 100
Trd, 4318971.793, 104
Trd, 4318972.093, 94
Trd, 4318974.043, 95
Trd, 4318977.643, 97
Trd, 4318978.893, 101
Trd, 4318979.243, 101
Trd, 4318981.893, 101
Trd, 4318982.343, 103
Trd, 4318982.793, 105
Trd, 4318984.543, 102
Trd, 4318985.293, 95
Trd, 4318985.843, 95
Trd, 4318987.393, 113
Trd, 4318987.643, 107
Trd, 4318989.993, 106
Trd, 4318991.293, 105
Trd, 4318994.093, 95
Trd, 4318994.743, 103
Trd, 4318995.443, 104
Trd, 4318996.043, 105
Trd, 4318996.193, 117
Trd, 4318996.293, 93
Trd, 4318996.743, 122
Trd, 4318997.643, 87
Trd, 4318999.493, 102
Trd, 4319001.943, 103
Trd, 4319003.343, 100
Trd, 4319005.443, 98
Trd, 4319005.843, 103
Trd, 4319006.543, 104
Trd, 4319006.743, 99
Trd, 4319006.793, 104
Trd, 4319009.743, 113
Trd, 4319012.893, 105
Trd, 4319013.643, 104
Trd, 4319013.693, 104
Trd, 4319014.243, 105
Trd, 4319017.743, 103
Trd, 4319018.443, 105
Trd, 4319019.143, 105
Trd, 4319020.093, 102
Trd, 4319022.193, 105
Trd, 4319024.343, 105
Trd, 4319025.343, 105
Trd, 4319025.443, 104
Trd, 4319027.893, 102
Trd, 4319028.343, 96
Trd, 4319029.393, 105
Trd, 4319031.293, 105
Trd, 4319033.343, 106
Trd, 4319033.393, 101
Trd, 4319034.443, 102
Trd, 4319034.593, 95
Trd, 4319037.793, 101
Trd, 4319041.393, 102
Trd, 4319042.293, 102
Trd, 4319042.393, 102
Trd, 4319042.743, 101
Trd, 4319044.643, 98
Trd, 4319045.593, 101
Trd, 4319047.343, 104
Trd, 4319048.893, 113
Trd, 4319051.443, 106
Trd, 4319051.543, 108
Trd, 4319052.843, 111
Trd, 4319053.743, 109
Trd, 4319054.043, 122
Trd, 4319054.093, 108
Trd, 4319057.743, 107
Trd, 4319058.643, 109
Trd, 4319059.643, 106
Trd, 4319060.143, 109
Trd, 4319060.643, 104
Trd, 4319065.693, 109
Trd, 4319066.493, 108
Trd, 4319066.543, 105
Trd, 4319067.493, 109
Trd, 4319067.543, 109
Trd, 4319072.093, 110
Trd, 4319072.343, 109
Trd, 4319072.593, 109
Trd, 4319073.843, 108
Trd, 4319074.543, 115
Trd, 4319074.893, 106
Trd, 4319075.943, 96
Trd, 4319077.643, 106
Trd, 4319077.843, 106
Trd, 4319078.693, 104
Trd, 4319079.593, 105
Trd, 4319080.193, 105
Trd, 4319083.193, 105
Trd, 4319083.493, 104
Trd, 4319085.243, 105
Trd, 4319088.093, 105
Trd, 4319088.693, 105
Trd, 4319091.043, 105
Trd, 4319091.143, 104
Trd, 4319092.543, 94
Trd, 4319092.893, 95
Trd, 4319092.943, 86
Trd, 4319093.393, 97
Trd, 4319096.093, 97
Trd, 4319096.843, 89
Trd, 4319097.293, 97
Trd, 4319099.443, 95
Trd, 4319099.843, 96
Trd, 4319101.643, 96
Trd, 4319102.243, 97
Trd, 4319105.693, 96
Trd, 4319107.543, 98
Trd, 4319108.543, 98
Trd, 4319109.743, 98
Trd, 4319110.093, 99
Trd, 4319111.093, 99
Trd, 4319113.443, 76
Trd, 4319115.243, 98
Trd, 4319115.693, 99
Trd, 4319117.443, 96
Trd, 4319118.843, 100
Trd, 4319121.993, 99
Trd, 4319122.893, 99
Trd, 4319123.243, 93
Trd, 4319124.043, 86
Trd, 4319124.143, 104
Trd, 4319124.743, 101
Trd, 4319126.043, 100
Trd, 4319131.143, 98
Trd, 4319132.693, 99
Trd, 4319134.343, 99
Trd, 4319134.693, 100
Trd, 4319136.143, 105
Trd, 4319137.193, 102
Trd, 4319138.593, 103
Trd, 4319138.643, 102
Trd, 4319140.993, 99
Trd, 4319141.593, 102
Trd, 4319142.543, 101
Trd, 4319144.093, 101
Trd, 4319145.343, 98
Trd, 4319147.493, 105
Trd, 4319147.843, 95
Trd, 4319151.043, 101
Trd, 4319151.293, 102
Trd, 4319152.043, 104
Trd, 4319154.743, 113
Trd, 4319155.593, 97
Trd, 4319155.893, 94
Trd, 4319157.293, 107
Trd, 4319162.043, 104
Trd, 4319163.043, 104
Trd, 4319163.243, 102
Trd, 4319164.793, 103
Trd, 4319165.443, 104
Trd, 4319166.243, 116
Trd, 4319167.143, 93
Trd, 4319169.793, 104
Trd, 4319170.193, 103
Trd, 4319170.643, 104
Trd, 4319172.293, 104
Trd, 4319173.093, 101
Trd, 4319174.093, 100
Trd, 4319177.693, 104
Trd, 4319178.993, 98
Trd, 4319179.143, 96
Trd, 4319179.343, 98
Trd, 4319180.843, 98
Trd, 4319181.693, 98
Trd, 4319183.693, 104
Trd, 4319184.043, 99
Trd, 4319184.793, 101
Trd, 4319184.993, 97
Trd, 4319188.243, 98
Trd, 4319188.643, 97
Trd, 4319189.193, 100
Trd, 4319189.693, 101
Trd, 4319191.193, 101
Trd, 4319191.243, 97
Trd, 4319194.893, 96
Trd, 4319195.393, 100
Trd, 4319198.043, 100
Trd, 4319198.443, 99
Trd, 4319198.893, 100
Trd, 4319199.843, 96
Trd, 4319199.943, 99
Trd, 4319203.443, 81
Trd, 4319203.843, 93
Trd, 4319204.843, 95
Trd, 4319205.393, 104
Trd, 4319206.193, 94
Trd, 4319208.093, 97
Trd, 4319209.843, 99
Trd, 4319210.893, 98
Trd, 4319211.193, 101
Trd, 4319212.743, 104
Trd, 4319213.893, 97
Trd, 4319215.693, 96
Trd, 4319216.793, 101
Trd, 4319219.193, 100
Trd, 4319219.493, 101
Trd, 4319220.493, 96
Trd, 4319222.443, 101
Trd, 4319222.893, 100
Trd, 4319225.643, 101
Trd, 4319226.743, 99
Trd, 4319229.093, 100
Trd, 4319229.793, 101
Trd, 4319231.143, 102
Trd, 4319231.693, 99
Trd, 4319232.593, 104
Trd, 4319235.893, 99
Trd, 4319236.143, 98
Trd, 4319237.893, 98
Trd, 4319238.493, 99
Trd, 4319240.843, 99
Trd, 4319240.893, 100
Trd, 4319241.093, 97
Trd, 4319241.243, 104
Trd, 4319242.843, 72
Trd, 4319245.893, 91
Trd, 4319246.393, 89
Trd, 4319246.893, 86
Trd, 4319248.343, 88
Trd, 4319248.543, 88
Trd, 4319248.943, 104
Trd, 4319250.393, 91
Trd, 4319251.143, 97
Trd, 4319251.943, 92
Trd, 4319254.293, 93
Trd, 4319256.043, 95
Trd, 4319256.843, 104
Trd, 4319257.443, 94
Trd, 4319258.943, 95
Trd, 4319259.543, 97
Trd, 4319263.793, 96
Trd, 4319264.343, 95
Trd, 4319264.643, 95
Trd, 4319264.893, 96
Trd, 4319267.143, 96
Trd, 4319267.293, 94
Trd, 4319268.043, 96
Trd, 4319269.943, 96
Trd, 4319270.393, 96
Trd, 4319270.593, 97
Trd, 4319273.493, 97
Trd, 4319274.493, 97
Trd, 4319274.993, 97
Trd, 4319276.343, 96
Trd, 4319276.443, 98
Trd, 4319278.743, 94
Trd, 4319278.843, 98
Trd, 4319279.443, 98
Trd, 4319282.843, 97
Trd, 4319283.943, 95
Trd, 4319285.493, 98
Trd, 4319285.743, 99
Trd, 4319289.193, 95
Trd, 4319289.993, 97
Trd, 4319291.193, 97
Trd, 4319291.993, 97
Trd, 4319293.393, 97
Trd, 4319293.593, 97
Trd, 4319295.093, 97
Trd, 4319295.293, 96
Trd, 4319297.143, 97
Trd, 4319298.393, 97
Trd, 4319298.543, 98
Trd, 4319300.143, 98
Trd, 4319303.093, 98
Trd, 4319303.843, 98
Trd, 4319306.143, 97
Trd, 4319307.893, 99
Trd, 4319308.343, 104
Trd, 4319309.343, 100
Trd, 4319310.743, 110
Trd, 4319313.393, 103
Trd, 4319313.893, 101
Trd, 4319316.043, 100
Trd, 4319316.443, 102
Trd, 4319318.793, 101
Trd, 4319320.143, 100
Trd, 4319320.543, 100
Trd, 4319320.593, 104
Trd, 4319322.343, 97
Trd, 4319322.593, 101
Trd, 4319322.743, 94
Trd, 4319325.943, 101
Trd, 4319326.143, 101
Trd, 4319326.643, 100
Trd, 4319327.243, 93
Trd, 4319327.793, 101
Trd, 4319328.593, 104
Trd, 4319330.443, 83
Trd, 4319331.893, 97
Trd, 4319332.693, 103
Trd, 4319335.143, 97
Trd, 4319336.943, 98
Trd, 4319338.593, 98
Trd, 4319338.693, 98
Trd, 4319339.843, 94
Trd, 4319341.093, 99
Trd, 4319341.143, 113
Trd, 4319344.843, 101
Trd, 4319346.593, 100
Trd, 4319347.393, 99
Trd, 4319347.493, 104
Trd, 4319348.043, 94
Trd, 4319350.193, 102
Trd, 4319351.043, 99
Trd, 4319352.343, 100
Trd, 4319353.143, 103
Trd, 4319355.693, 104
Trd, 4319355.843, 102
Trd, 4319356.943, 104
Trd, 4319357.243, 102
Trd, 4319359.593, 100
Trd, 4319359.893, 100
Trd, 4319362.593, 101
Trd, 4319364.243, 103
Trd, 4319366.943, 100
Trd, 4319367.043, 101
Trd, 4319368.243, 104
Trd, 4319371.193, 103
Trd, 4319371.743, 103
Trd, 4319371.993, 105
Trd, 4319373.843, 113
Trd, 4319375.443, 108
Trd, 4319375.793, 109
Trd, 4319378.143, 104
Trd, 4319380.043, 107
Trd, 4319380.293, 105
Trd, 4319384.343, 107
Trd, 4319386.193, 107
Trd, 4319387.343, 94
Trd, 4319388.893, 96
Trd, 4319390.393, 95
Trd, 4319390.443, 94
Trd, 4319390.843, 94
Trd, 4319391.743, 106
Trd, 4319392.543, 97
Trd, 4319392.743, 93
Trd, 4319393.793, 97
Trd, 4319396.693, 94
Trd, 4319396.793, 92
Trd, 4319398.643, 92
Trd, 4319399.293, 94
Trd, 4319401.793, 92
Trd, 4319402.693, 94
Trd, 4319402.893, 96
Trd, 4319404.343, 95
Trd, 4319406.543, 96
Trd, 4319408.043, 95
Trd, 4319409.093, 97
Trd, 4319409.193, 100
Trd, 4319409.293, 93
Trd, 4319412.243, 106
Trd, 4319413.643, 99
Trd, 4319414.043, 96
Trd, 4319414.343, 98
Trd, 4319415.593, 98
Trd, 4319417.893, 97
Trd, 4319418.643, 98
Trd, 4319419.343, 96
Trd, 4319419.443, 98
Trd, 4319420.993, 98
Trd, 4319422.743, 97
Trd, 4319424.893, 95
Trd, 4319426.693, 96
Trd, 4319426.793, 95
Trd, 4319428.943, 95
Trd, 4319430.293, 94
Trd, 4319431.293, 94
Trd, 4319431.893, 96
Trd, 4319432.343, 107
Trd, 4319434.043, 98
Trd, 4319434.593, 94
Trd, 4319435.893, 98
Trd, 4319436.543, 101
Trd, 4319439.193, 96
Trd, 4319439.543, 98
Trd, 4319439.643, 107
Trd, 4319441.743, 99
Trd, 4319442.093, 100
Trd, 4319443.393, 113
Trd, 4319444.693, 106
Trd, 4319445.743, 100
Trd, 4319448.193, 101
Trd, 4319449.693, 103
Trd, 4319450.393, 103
Trd, 4319452.443, 101
Trd, 4319452.543, 103
Trd, 4319453.143, 94
Trd, 4319453.343, 103
Trd, 4319453.793, 104
Trd, 4319455.893, 100
Trd, 4319458.643, 103
Trd, 4319460.293, 104
Trd, 4319460.493, 103
Trd, 4319460.543, 131
Trd, 4319462.343, 114
Trd, 4319463.443, 114
Trd, 4319463.593, 113
Trd, 4319465.543, 99
Trd, 4319468.043, 94
Trd, 4319468.593, 103
Trd, 4319470.043, 91
Trd, 4319472.293, 95
Trd, 4319473.543, 93
Trd, 4319474.043, 92
Trd, 4319474.243, 99
Trd, 4319475.443, 96
Trd, 4319477.343, 107
Trd, 4319477.443, 100
Trd, 4319478.243, 100
Trd, 4319478.693, 98
Trd, 4319480.343, 100
Trd, 4319481.393, 92
Trd, 4319482.043, 97
Trd, 4319482.693, 100
Trd, 4319482.943, 94
Trd, 4319485.543, 95
Trd, 4319486.193, 97
Trd, 4319488.893, 96
Trd, 4319490.543, 96
Trd, 4319491.143, 96
Trd, 4319491.543, 96
Trd, 4319491.643, 104
Trd, 4319496.043, 97
Trd, 4319496.493, 98
Trd, 4319497.243, 97
Trd, 4319498.193, 96
Trd, 4319499.943, 98
Trd, 4319501.693, 105
Trd, 4319502.093, 98
Trd, 4319503.743, 100
Trd, 4319506.543, 100
Trd, 4319508.193, 100
Trd, 4319508.593, 99
Trd, 4319510.493, 101
Trd, 4319511.693, 99
Trd, 4319512.443, 100
Trd, 4319512.793, 104
Trd, 4319513.993, 99
Trd, 4319516.393, 99
Trd, 4319517.193, 101
Trd, 4319518.143, 101
Trd, 4319519.893, 101
Trd, 4319521.443, 101
Trd, 4319521.843, 101
Trd, 4319523.543, 104
Trd, 4319523.643, 101
Trd, 4319524.243, 113
Trd, 4319524.293, 100
Trd, 4319527.193, 105
Trd, 4319527.793, 104
Trd, 4319530.443, 101
Trd, 4319531.693, 99
Trd, 4319532.093, 98
Trd, 4319533.343, 101
Trd, 4319533.493, 94
Trd, 4319534.893, 100
Trd, 4319535.843, 100
Trd, 4319537.893, 104
Trd, 4319538.843, 101
Trd, 4319540.743, 101
Trd, 4319541.643, 101
Trd, 4319541.993, 102
Trd, 4319542.893, 102
Trd, 4319544.043, 104
Trd, 4319544.193, 102
Trd, 4319548.243, 96
Trd, 4319548.643, 103
Trd, 4319548.693, 99
Trd, 4319550.943, 103
Trd, 4319553.193, 103
Trd, 4319553.493, 103
Trd, 4319554.743, 103
Trd, 4319555.243, 103
Trd, 4319555.543, 102
Trd, 4319556.543, 99
Trd, 4319557.843, 102
Trd, 4319558.393, 104
Trd, 4319560.093, 96
Trd, 4319562.643, 98
Trd, 4319563.643, 95
Trd, 4319565.093, 96
Trd, 4319565.993, 96
Trd, 4319566.543, 96
Trd, 4319566.693, 96
Trd, 4319567.543, 104
Trd, 4319568.393, 94
Trd, 4319572.143, 95
Trd, 4319572.293, 87
Trd, 4319574.043, 95
Trd, 4319575.043, 95
Trd, 4319575.793, 95
Trd, 4319576.493, 92
Trd, 4319577.093, 91
Trd, 4319577.893, 86
Trd, 4319578.243, 95
Trd, 4319581.243, 94
Trd, 4319582.193, 96
Trd, 4319583.093, 101
Trd, 4319583.493, 92
Trd, 4319584.943, 97
Trd, 4319586.593, 97
Trd, 4319588.443, 93
Trd, 4319590.493, 104
Trd, 4319592.043, 100
Trd, 4319595.293, 99
Trd, 4319595.893, 99
Trd, 4319596.043, 99
Trd, 4319598.543, 101
Trd, 4319600.843, 100
Trd, 4319601.043, 99
Trd, 4319601.843, 101
Trd, 4319603.243, 97
Trd, 4319605.093, 105
Trd, 4319605.543, 101
Trd, 4319606.943, 100
Trd, 4319608.793, 101
Trd, 4319609.643, 101
Trd, 4319609.693, 96
Trd, 4319612.393, 99
Trd, 4319613.643, 101
Trd, 4319616.493, 101
Trd, 4319616.643, 101
Trd, 4319617.393, 97
Trd, 4319619.943, 113
Trd, 4319620.143, 105
Trd, 4319622.493, 105
Trd, 4319622.593, 125
Trd, 4319625.893, 106
Trd, 4319627.843, 110
Trd, 4319628.793, 105
Trd, 4319630.043, 104
Trd, 4319631.093, 104
Trd, 4319631.643, 103
Trd, 4319632.693, 103
Trd, 4319634.543, 103
Trd, 4319634.993, 103
Trd, 4319635.643, 102
Trd, 4319637.743, 103
Trd, 4319638.143, 89
Trd, 4319639.143, 105
Trd, 4319639.793, 104
Trd, 4319642.193, 103
Trd, 4319643.143, 100
Trd, 4319643.743, 102
Trd, 4319644.193, 104
Trd, 4319644.743, 104
Trd, 4319646.643, 101
Trd, 4319646.793, 104
Trd, 4319647.993, 100
Trd, 4319649.943, 101
Trd, 4319651.393, 102
Trd, 4319653.093, 102
Trd, 4319653.343, 101
Trd, 4319653.643, 104
Trd, 4319656.643, 104
Trd, 4319657.093, 104
Trd, 4319658.093, 105
Trd, 4319659.743, 94
Trd, 4319662.493, 105
Trd, 4319662.943, 104
Trd, 4319663.043, 122
Trd, 4319663.543, 109
Trd, 4319665.943, 110
Trd, 4319666.693, 100
Trd, 4319667.943, 103
Trd, 4319668.243, 101
Trd, 4319671.843, 102
Trd, 4319672.393, 103
Trd, 4319673.643, 103
Trd, 4319674.843, 103
Trd, 4319676.243, 100
Trd, 4319677.343, 104
Trd, 4319678.543, 95
Trd, 4319679.543, 93
Trd, 4319680.743, 89
Trd, 4319680.993, 104
Trd, 4319683.793, 95
Trd, 4319684.043, 90
Trd, 4319685.643, 94
Trd, 4319687.493, 97
Trd, 4319688.543, 95
Trd, 4319690.093, 105
Trd, 4319690.293, 94
Trd, 4319690.493, 118
Trd, 4319690.643, 113
Trd, 4319691.693, 110
Trd, 4319694.943, 98
Trd, 4319696.193, 101
Trd, 4319696.643, 104
Trd, 4319696.843, 102
Trd, 4319698.193, 110
Trd, 4319698.243, 102
Trd, 4319702.243, 98
Trd, 4319702.293, 103
Trd, 4319703.593, 97
Trd, 4319704.943, 101
Trd, 4319706.443, 101
Trd, 4319707.693, 102
Trd, 4319709.393, 102
Trd, 4319709.943, 105
Trd, 4319710.393, 103
Trd, 4319711.593, 104
Trd, 4319713.143, 105
Trd, 4319713.593, 116
Trd, 4319716.393, 86
Trd, 4319718.943, 107
Trd, 4319718.993, 107
Trd, 4319720.543, 105
Trd, 4319722.943, 104
Trd, 4319723.093, 107
Trd, 4319724.093, 101
Trd, 4319724.593, 105
Trd, 4319725.893, 104
Trd, 4319726.043, 105
Trd, 4319728.293, 103
Trd, 4319730.443, 104
Trd, 4319731.193, 104
Trd, 4319732.193, 101
Trd, 4319734.993, 103
Trd, 4319735.443, 103
Trd, 4319736.143, 100
Trd, 4319737.893, 102
Trd, 4319739.743, 102
Trd, 4319740.143, 102
Trd, 4319740.393, 104
Trd, 4319741.643, 99
Trd, 4319744.643, 100
Trd, 4319745.143, 101
Trd, 4319745.343, 104
Trd, 4319747.243, 102
Trd, 4319748.443, 97
Trd, 4319750.443, 95
Trd, 4319751.243, 102
Trd, 4319751.443, 102
Trd, 4319752.493, 102
Trd, 4319752.893, 97
Trd, 4319756.043, 98
Trd, 4319756.593, 99
Trd, 4319759.093, 99
Trd, 4319759.543, 104
Trd, 4319762.143, 115
Trd, 4319762.443, 113
Trd, 4319763.143, 109
Trd, 4319763.343, 118
Trd, 4319763.593, 104
Trd, 4319765.793, 100
Trd, 4319768.743, 99
Trd, 4319769.893, 99
Trd, 4319770.443, 99
Trd, 4319770.493, 100
Trd, 4319771.393, 99
Trd, 4319771.993, 104
Trd, 4319772.393, 124
Trd, 4319773.793, 94
Trd, 4319774.143, 79
Trd, 4319777.243, 95
Trd, 4319779.843, 79
Trd, 4319780.493, 95
Trd, 4319780.943, 95
Trd, 4319783.093, 91
Trd, 4319784.643, 95
Trd, 4319788.143, 94
Trd, 4319788.943, 95
Trd, 4319789.993, 95
Trd, 4319791.843, 95
Trd, 4319792.293, 96
Trd, 4319792.843, 96
Trd, 4319793.143, 108
Trd, 4319796.843, 98
Trd, 4319798.743, 95
Trd, 4319799.193, 98
Trd, 4319800.993, 95
Trd, 4319801.793, 94
Trd, 4319801.943, 95
Trd, 4319805.043, 94
Trd, 4319806.093, 96
Trd, 4319806.143, 95
Trd, 4319806.193, 93
Trd, 4319807.343, 108
Trd, 4319809.543, 76
Trd, 4319810.893, 101
Trd, 4319811.293, 106
Trd, 4319812.443, 91
Trd, 4319814.393, 94
Trd, 4319814.893, 100
Trd, 4319815.393, 98
Trd, 4319816.443, 98
Trd, 4319816.493, 104
Trd, 4319819.393, 87
Trd, 4319819.743, 100
Trd, 4319821.043, 87
Trd, 4319821.943, 99
Trd, 4319822.793, 99
Trd, 4319825.443, 99
Trd, 4319826.943, 98
Trd, 4319827.393, 96
Trd, 4319828.343, 104
Trd, 4319828.843, 95
Trd, 4319830.093, 98
Trd, 4319830.143, 99
Trd, 4319833.493, 99
Trd, 4319833.593, 98
Trd, 4319835.393, 99
Trd, 4319837.893, 104
Trd, 4319838.943, 102
Trd, 4319840.543, 101
Trd, 4319841.593, 103
Trd, 4319842.193, 101
Trd, 4319842.543, 101
Trd, 4319845.693, 100
Trd, 4319846.393, 96
Trd, 4319846.593, 101
Trd, 4319847.443, 101
Trd, 4319848.543, 101
Trd, 4319850.143, 99
Trd, 4319850.893, 105
Trd, 4319854.293, 101
Trd, 4319854.593, 101
Trd, 4319854.743, 98
Trd, 4319857.543, 101
Trd, 4319858.043, 100
Trd, 4319859.093, 101
Trd, 4319859.443, 101
Trd, 4319860.493, 100
Trd, 4319863.343, 101
Trd, 4319863.593, 102
Trd, 4319863.993, 97
Trd, 4319866.143, 97
Trd, 4319868.143, 97
Trd, 4319868.543, 96
Trd, 4319868.693, 98
Trd, 4319869.143, 105
Trd, 4319870.143, 94
Trd, 4319871.543, 96
Trd, 4319871.843, 94
Trd, 4319874.443, 99
Trd, 4319875.693, 106
Trd, 4319876.393, 102
Trd, 4319877.543, 101
Trd, 4319877.943, 95
Trd, 4319878.093, 102
Trd, 4319879.743, 113
Trd, 4319882.443, 99
Trd, 4319882.793, 99
Trd, 4319883.543, 98
Trd, 4319883.943, 95
Trd, 4319884.893, 99
Trd, 4319885.143, 105
Trd, 4319887.593, 100
Trd, 4319889.443, 95
Trd, 4319890.693, 94
Trd, 4319891.793, 96
Trd, 4319892.793, 100
Trd, 4319893.993, 100
Trd, 4319894.343, 99
Trd, 4319894.993, 100
Trd, 4319896.593, 115
Trd, 4319899.393, 99
Trd, 4319899.743, 102
Trd, 4319901.243, 101
Trd, 4319902.243, 96
Trd, 4319902.643, 105
Trd, 4319906.693, 101
Trd, 4319906.843, 101
Trd, 4319908.443, 101
Trd, 4319909.243, 99
Trd, 4319912.043, 101
Trd, 4319913.093, 101
Trd, 4319913.393, 99
Trd, 4319915.293, 98
Trd, 4319917.543, 101
Trd, 4319918.443, 102
Trd, 4319919.643, 104
Trd, 4319920.193, 102
Trd, 4319923.593, 101
Trd, 4319924.393, 102
Trd, 4319925.093, 103
Trd, 4319927.243, 86
Trd, 4319927.393, 95
Trd, 4319929.043, 93
Trd, 4319929.293, 95
Trd, 4319931.093, 87
Trd, 4319932.893, 103
Trd, 4319934.443, 96
Trd, 4319936.393, 96
Trd, 4319936.893, 96
Trd, 4319937.743, 104
Trd, 4319939.243, 94
Trd, 4319939.843, 99
Trd, 4319942.343, 104
Trd, 4319942.393, 102
Trd, 4319943.443, 101
Trd, 4319944.943, 102
Trd, 4319946.193, 102
Trd, 4319949.043, 103
Trd, 4319949.393, 103
Trd, 4319950.893, 94
Trd, 4319951.393, 98
Trd, 4319952.893, 95
Trd, 4319953.793, 97
Trd, 4319955.043, 94
Trd, 4319955.743, 104
Trd, 4319956.893, 99
Trd, 4319957.593, 100
Trd, 4319959.093, 100
Trd, 4319960.093, 99
Trd, 4319961.393, 98
Trd, 4319963.493, 99
Trd, 4319964.243, 96
Trd, 4319964.543, 99
Trd, 4319965.393, 99
Trd, 4319965.643, 95
Trd, 4319967.643, 94
Trd, 4319970.443, 98
Trd, 4319971.293, 98
Trd, 4319972.143, 98
Trd, 4319972.493, 104
Trd, 4319973.343, 97
Trd, 4319975.293, 96
Trd, 4319977.043, 100
Trd, 4319978.093, 94
Trd, 4319978.693, 98
Trd, 4319979.293, 95
Trd, 4319981.243, 95
Trd, 4319983.043, 94
Trd, 4319984.393, 95
Trd, 4319985.693, 95
Trd, 4319986.143, 94
Trd, 4319986.993, 95
Trd, 4319987.243, 94
Trd, 4319988.293, 96
Trd, 4319988.393, 95
Trd, 4319990.993, 93
Trd, 4319992.943, 95
Trd, 4319996.043, 95
Trd, 4319997.043, 95
Trd, 4319997.543, 93
Trd, 4319998.243, 96
Trd, 4319999.743, 95
Trd, 4319999.843, 95
