Trd, 4317943.793, 86
Trd, 4317944.843, 91
Trd, 4317945.843, 97
Trd, 4317947.643, 88
Trd, 4317948.743, 90
Trd, 4317950.143, 91
Trd, 4317950.743, 95
Trd, 4317952.793, 92
Trd, 4317953.043, 90
Trd, 4317953.343, 100
Trd, 4317954.543, 90
Trd, 4317955.643, 98
Trd, 4317959.193, 94
Trd, 4317959.893, 95
Trd, 4317960.893, 94
Trd, 4317961.093, 95
Trd, 4317961.243, 95
Trd, 4317963.143, 85
Trd, 4317964.043, 97
Trd, 4317964.243, 104
Trd, 4317965.043, 102
Trd, 4317965.743, 102
Trd, 4317967.143, 101
Trd, 4317967.743, 95
Trd, 4317967.943, 101
Trd, 4317969.993, 99
Trd, 4317970.043, 95
Trd, 4317970.293, 104
Trd, 4317971.943, 97
Trd, 4317972.643, 101
Trd, 4317973.143, 104
Trd, 4317974.093, 95
Trd, 4317975.143, 97
Trd, 4317976.143, 102
Trd, 4317977.043, 95
Trd, 4317977.843, 96
Trd, 4317978.443, 98
Trd, 4317980.143, 102
Trd, 4317980.293, 95
Trd, 4317982.743, 102
Trd, 4317983.693, 110
Trd, 4317984.243, 106
Trd, 4317984.893, 95
Trd, 4317985.943, 89
Trd, 4317986.893, 94
Trd, 4317987.293, 94
Trd, 4317988.943, 95
Trd, 4317990.393, 97
Trd, 4317991.343, 95
Trd, 4317992.743, 86
Trd, 4317992.943, 106
Trd, 4317995.293, 95
Trd, 4317995.543, 90
Trd, 4317995.593, 97
Trd, 4317996.093, 99
Trd, 4317998.243, 98
Trd, 4317999.343, 97
Trd, 4318000.043, 93
Trd, 4318001.693, 87
Trd, 4318002.293, 93
Trd, 4318002.443, 96
Trd, 4318005.543, 97
Trd, 4318005.893, 95
Trd, 4318006.843, 104
Trd, 4318008.543, 96
Trd, 4318010.743, 98
Trd, 4318011.343, 101
Trd, 4318012.943, 102
Trd, 4318013.843, 101
Trd, 4318014.643, 99
Trd, 4318014.993, 102
Trd, 4318015.343, 104
Trd, 4318016.793, 99
Trd, 4318018.893, 88
Trd, 4318019.143, 94
Trd, 4318020.893, 96
Trd, 4318021.193, 95
Trd, 4318022.043, 99
Trd, 4318022.143, 95
Trd, 4318022.943, 96
Trd, 4318023.593, 104
Trd, 4318023.843, 99
Trd, 4318025.693, 99
Trd, 4318026.843, 98
Trd, 4318027.443, 99
Trd, 4318028.293, 98
Trd, 4318031.243, 97
Trd, 4318031.693, 99
Trd, 4318031.943, 96
Trd, 4318032.393, 98
Trd, 4318033.593, 96
Trd, 4318034.343, 104
Trd, 4318036.943, 103
Trd, 4318037.943, 101
Trd, 4318039.893, 97
Trd, 4318040.093, 95
Trd, 4318040.393, 104
Trd, 4318040.593, 115
Trd, 4318042.043, 96
Trd, 4318042.743, 104
Trd, 4318044.643, 99
Trd, 4318045.593, 86
Trd, 4318045.743, 85
Trd, 4318047.793, 117
Trd, 4318048.743, 101
Trd, 4318050.743, 100
Trd, 4318050.993, 105
Trd, 4318052.793, 101
Trd, 4318054.093, 103
Trd, 4318054.593, 110
Trd, 4318054.643, 102
Trd, 4318055.593, 101
Trd, 4318055.793, 118
Trd, 4318057.793, 103
Trd, 4318059.793, 103
Trd, 4318060.893, 104
Trd, 4318061.293, 107
Trd, 4318061.493, 102
Trd, 4318067.343, 103
Trd, 4318068.293, 101
Trd, 4318068.993, 101
Trd, 4318071.593, 95
Trd, 4318071.943, 86
Trd, 4318072.143, 104
Trd, 4318072.643, 96
Trd, 4318073.993, 96
Trd, 4318076.743, 92
Trd, 4318076.843, 95
Trd, 4318077.993, 94
Trd, 4318078.993, 91
Trd, 4318079.393, 89
Trd, 4318079.543, 104
Trd, 4318081.043, 94
Trd, 4318081.793, 93
Trd, 4318082.993, 92
Trd, 4318086.393, 93
Trd, 4318086.543, 91
Trd, 4318087.793, 90
Trd, 4318089.993, 94
Trd, 4318091.143, 90
Trd, 4318092.293, 103
Trd, 4318092.543, 104
Trd, 4318094.693, 99
Trd, 4318095.343, 96
Trd, 4318096.043, 95
Trd, 4318096.243, 99
Trd, 4318098.043, 95
Trd, 4318098.143, 104
Trd, 4318098.543, 94
Trd, 4318101.543, 94
Trd, 4318101.793, 93
Trd, 4318102.743, 92
Trd, 4318103.343, 99
Trd, 4318103.543, 84
Trd, 4318104.693, 95
Trd, 4318105.693, 104
Trd, 4318107.243, 100
Trd, 4318107.693, 99
Trd, 4318108.593, 96
Trd, 4318108.993, 99
Trd, 4318110.893, 98
Trd, 4318111.743, 96
Trd, 4318111.893, 99
Trd, 4318112.293, 99
Trd, 4318115.193, 96
Trd, 4318115.543, 99
Trd, 4318115.643, 95
Trd, 4318117.493, 99
Trd, 4318118.343, 96
Trd, 4318119.243, 104
Trd, 4318119.443, 104
Trd, 4318120.493, 96
Trd, 4318122.943, 101
Trd, 4318123.143, 100
Trd, 4318125.093, 99
Trd, 4318128.343, 99
Trd, 4318129.843, 98
Trd, 4318130.793, 97
Trd, 4318131.293, 99
Trd, 4318132.743, 105
Trd, 4318133.943, 96
Trd, 4318135.043, 95
Trd, 4318135.243, 101
Trd, 4318136.893, 95
Trd, 4318137.543, 96
Trd, 4318138.793, 99
Trd, 4318141.893, 96
Trd, 4318142.843, 94
Trd, 4318143.993, 96
Trd, 4318144.443, 95
Trd, 4318145.593, 93
Trd, 4318146.043, 96
Trd, 4318148.743, 96
Trd, 4318149.143, 96
Trd, 4318149.643, 96
Trd, 4318151.343, 95
Trd, 4318152.743, 97
Trd, 4318153.743, 98
Trd, 4318154.493, 95
Trd, 4318155.793, 104
Trd, 4318155.993, 103
Trd, 4318157.343, 102
Trd, 4318157.393, 93
Trd, 4318158.443, 104
Trd, 4318159.443, 97
Trd, 4318160.443, 106
Trd, 4318160.743, 95
Trd, 4318163.193, 100
Trd, 4318165.043, 95
Trd, 4318166.493, 97
Trd, 4318167.393, 95
Trd, 4318169.793, 97
Trd, 4318169.893, 95
Trd, 4318170.393, 94
Trd, 4318170.493, 98
Trd, 4318171.193, 95
Trd, 4318172.143, 95
Trd, 4318173.743, 94
Trd, 4318174.043, 98
Trd, 4318174.543, 106
Trd, 4318177.843, 99
Trd, 4318179.343, 97
Trd, 4318179.943, 95
Trd, 4318180.193, 112
Trd, 4318180.843, 108
Trd, 4318181.193, 101
Trd, 4318182.093, 107
Trd, 4318185.093, 100
Trd, 4318185.343, 95
Trd, 4318186.293, 102
Trd, 4318186.693, 98
Trd, 4318187.293, 99
Trd, 4318187.643, 104
Trd, 4318188.693, 103
Trd, 4318193.043, 102
Trd, 4318193.493, 99
Trd, 4318194.293, 98
Trd, 4318195.493, 104
Trd, 4318195.543, 95
Trd, 4318196.693, 102
Trd, 4318198.793, 99
Trd, 4318199.293, 100
Trd, 4318201.993, 100
Trd, 4318202.643, 101
Trd, 4318203.343, 99
Trd, 4318204.793, 102
Trd, 4318206.693, 101
Trd, 4318208.243, 99
Trd, 4318209.043, 101
Trd, 4318209.243, 98
Trd, 4318211.293, 91
Trd, 4318211.693, 101
Trd, 4318212.343, 104
Trd, 4318212.443, 96
Trd, 4318214.493, 95
Trd, 4318215.593, 93
Trd, 4318216.893, 97
Trd, 4318218.143, 94
Trd, 4318218.193, 87
Trd, 4318218.943, 104
Trd, 4318220.193, 95
Trd, 4318221.793, 95
Trd, 4318222.443, 94
Trd, 4318222.893, 92
Trd, 4318223.843, 94
Trd, 4318225.043, 97
Trd, 4318226.593, 95
Trd, 4318228.093, 93
Trd, 4318228.543, 101
Trd, 4318230.893, 103
Trd, 4318233.043, 97
Trd, 4318233.143, 104
Trd, 4318233.793, 99
Trd, 4318234.243, 100
Trd, 4318234.793, 95
Trd, 4318235.143, 86
Trd, 4318236.093, 98
Trd, 4318238.393, 95
Trd, 4318239.693, 97
Trd, 4318239.843, 95
Trd, 4318241.043, 102
Trd, 4318241.193, 104
Trd, 4318242.443, 99
Trd, 4318244.343, 100
Trd, 4318245.493, 99
Trd, 4318245.643, 95
Trd, 4318247.243, 100
Trd, 4318248.143, 104
Trd, 4318248.993, 97
Trd, 4318249.193, 114
Trd, 4318250.943, 102
Trd, 4318251.193, 95
Trd, 4318252.493, 95
Trd, 4318252.993, 104
Trd, 4318255.143, 99
Trd, 4318256.443, 98
Trd, 4318257.593, 98
Trd, 4318258.543, 98
Trd, 4318258.643, 99
Trd, 4318259.793, 96
Trd, 4318260.843, 95
Trd, 4318261.443, 98
Trd, 4318264.893, 95
Trd, 4318265.393, 98
Trd, 4318265.443, 99
Trd, 4318265.593, 104
Trd, 4318267.043, 95
Trd, 4318270.293, 95
Trd, 4318271.043, 94
Trd, 4318272.293, 94
Trd, 4318272.493, 95
Trd, 4318272.943, 97
Trd, 4318274.293, 104
Trd, 4318275.043, 100
Trd, 4318275.143, 93
Trd, 4318276.343, 97
Trd, 4318278.293, 99
Trd, 4318279.293, 123
Trd, 4318279.893, 120
Trd, 4318280.943, 110
Trd, 4318281.293, 111
Trd, 4318281.743, 95
Trd, 4318283.543, 107
Trd, 4318283.593, 97
Trd, 4318284.643, 103
Trd, 4318285.943, 102
Trd, 4318287.643, 104
Trd, 4318287.793, 103
Trd, 4318288.693, 103
Trd, 4318288.993, 104
Trd, 4318289.893, 87
Trd, 4318292.393, 98
Trd, 4318292.793, 98
Trd, 4318295.693, 85
Trd, 4318295.793, 91
Trd, 4318297.343, 95
Trd, 4318297.943, 89
Trd, 4318299.043, 92
Trd, 4318300.043, 92
Trd, 4318300.993, 104
Trd, 4318302.843, 88
Trd, 4318303.193, 96
Trd, 4318305.043, 85
Trd, 4318306.243, 88
Trd, 4318307.843, 89
Trd, 4318308.343, 89
Trd, 4318310.093, 95
Trd, 4318310.393, 87
Trd, 4318310.443, 98
Trd, 4318313.493, 92
Trd, 4318315.493, 113
Trd, 4318316.143, 114
Trd, 4318317.793, 101
Trd, 4318318.743, 102
Trd, 4318319.543, 97
Trd, 4318320.443, 103
Trd, 4318323.243, 102
Trd, 4318323.393, 106
Trd, 4318323.893, 101
Trd, 4318325.743, 102
Trd, 4318326.793, 103
Trd, 4318328.493, 100
Trd, 4318329.043, 104
Trd, 4318329.243, 104
Trd, 4318330.293, 100
Trd, 4318332.343, 104
Trd, 4318333.543, 101
Trd, 4318333.593, 105
Trd, 4318334.893, 102
Trd, 4318335.893, 105
Trd, 4318338.443, 106
Trd, 4318338.543, 105
Trd, 4318341.593, 104
Trd, 4318342.493, 106
Trd, 4318344.043, 104
Trd, 4318345.243, 104
Trd, 4318345.293, 106
Trd, 4318349.243, 103
Trd, 4318350.143, 101
Trd, 4318352.043, 98
Trd, 4318352.493, 101
Trd, 4318352.793, 105
Trd, 4318353.593, 104
Trd, 4318353.843, 121
Trd, 4318354.593, 86
Trd, 4318356.443, 94
Trd, 4318357.293, 95
Trd, 4318358.743, 93
Trd, 4318359.243, 93
Trd, 4318359.893, 95
Trd, 4318359.943, 94
Trd, 4318362.193, 100
Trd, 4318363.893, 96
Trd, 4318364.193, 85
Trd, 4318365.793, 89
Trd, 4318366.193, 101
Trd, 4318367.493, 104
Trd, 4318370.693, 94
Trd, 4318370.893, 93
Trd, 4318370.993, 95
Trd, 4318371.443, 94
Trd, 4318373.343, 95
Trd, 4318373.943, 95
Trd, 4318378.693, 94
Trd, 4318378.993, 95
Trd, 4318379.293, 95
Trd, 4318379.793, 98
Trd, 4318380.243, 114
Trd, 4318381.693, 102
Trd, 4318382.493, 98
Trd, 4318383.843, 100
Trd, 4318385.193, 97
Trd, 4318385.993, 101
Trd, 4318387.793, 100
Trd, 4318387.993, 97
Trd, 4318390.643, 97
Trd, 4318392.093, 96
Trd, 4318392.393, 96
Trd, 4318392.493, 95
Trd, 4318392.543, 97
Trd, 4318393.243, 85
Trd, 4318395.743, 97
Trd, 4318396.243, 96
Trd, 4318397.793, 95
Trd, 4318397.843, 94
Trd, 4318398.993, 104
Trd, 4318400.493, 89
Trd, 4318400.693, 101
Trd, 4318402.643, 94
Trd, 4318403.343, 93
Trd, 4318403.443, 112
Trd, 4318403.843, 106
Trd, 4318404.693, 104
Trd, 4318405.243, 106
Trd, 4318406.493, 100
Trd, 4318408.193, 99
Trd, 4318409.043, 95
Trd, 4318409.593, 103
Trd, 4318411.443, 96
Trd, 4318414.593, 98
Trd, 4318414.793, 101
Trd, 4318415.343, 96
Trd, 4318415.993, 100
Trd, 4318417.093, 95
Trd, 4318417.743, 97
Trd, 4318420.093, 97
Trd, 4318420.993, 104
Trd, 4318421.443, 96
Trd, 4318421.543, 96
Trd, 4318423.593, 95
Trd, 4318423.643, 99
Trd, 4318424.393, 103
Trd, 4318424.643, 103
Trd, 4318426.243, 88
Trd, 4318428.893, 96
Trd, 4318428.993, 98
Trd, 4318430.143, 95
Trd, 4318430.343, 103
Trd, 4318431.443, 99
Trd, 4318433.793, 98
Trd, 4318434.593, 96
Trd, 4318435.093, 95
Trd, 4318436.393, 93
Trd, 4318436.893, 92
Trd, 4318437.843, 95
Trd, 4318438.443, 94
Trd, 4318439.043, 94
Trd, 4318439.693, 104
Trd, 4318441.143, 85
Trd, 4318442.243, 104
Trd, 4318442.443, 108
Trd, 4318442.793, 107
Trd, 4318445.843, 105
Trd, 4318446.493, 93
Trd, 4318448.393, 104
Trd, 4318448.593, 104
Trd, 4318450.093, 104
Trd, 4318450.743, 102
Trd, 4318450.943, 95
Trd, 4318452.543, 87
Trd, 4318452.993, 96
Trd, 4318454.143, 104
Trd, 4318454.393, 99
Trd, 4318455.043, 113
Trd, 4318455.943, 101
Trd, 4318457.193, 103
Trd, 4318458.193, 98
Trd, 4318459.293, 106
Trd, 4318462.343, 99
Trd, 4318463.343, 100
Trd, 4318463.643, 98
Trd, 4318465.343, 100
Trd, 4318465.443, 95
Trd, 4318468.443, 95
Trd, 4318468.693, 101
Trd, 4318469.493, 95
Trd, 4318469.893, 95
Trd, 4318470.543, 94
Trd, 4318472.793, 105
Trd, 4318473.093, 95
Trd, 4318473.343, 85
Trd, 4318473.493, 95
Trd, 4318474.393, 104
Trd, 4318474.643, 100
Trd, 4318477.193, 101
Trd, 4318479.143, 92
Trd, 4318479.243, 115
Trd, 4318480.393, 110
Trd, 4318481.093, 106
Trd, 4318483.043, 105
Trd, 4318483.143, 104
Trd, 4318484.393, 90
Trd, 4318486.793, 99
Trd, 4318487.693, 97
Trd, 4318489.143, 104
Trd, 4318489.343, 106
Trd, 4318489.393, 114
Trd, 4318489.643, 95
Trd, 4318490.143, 85
Trd, 4318491.993, 91
Trd, 4318494.343, 96
Trd, 4318494.493, 100
Trd, 4318495.343, 98
Trd, 4318497.443, 96
Trd, 4318498.093, 109
Trd, 4318498.393, 95
Trd, 4318499.443, 120
Trd, 4318499.893, 96
Trd, 4318499.993, 95
Trd, 4318500.243, 102
Trd, 4318501.193, 85
Trd, 4318501.543, 101
Trd, 4318504.243, 98
Trd, 4318505.093, 104
Trd, 4318505.543, 102
Trd, 4318506.593, 88
Trd, 4318506.893, 100
Trd, 4318509.693, 99
Trd, 4318509.993, 101
Trd, 4318510.543, 104
Trd, 4318510.943, 98
Trd, 4318513.043, 87
Trd, 4318513.743, 85
Trd, 4318513.893, 99
Trd, 4318514.543, 104
Trd, 4318514.793, 94
Trd, 4318516.593, 96
Trd, 4318517.543, 95
Trd, 4318521.393, 101
Trd, 4318521.893, 95
Trd, 4318522.143, 97
Trd, 4318523.143, 98
Trd, 4318524.593, 104
Trd, 4318524.943, 113
Trd, 4318525.493, 96
Trd, 4318527.243, 86
Trd, 4318527.643, 96
Trd, 4318527.793, 97
Trd, 4318528.643, 98
Trd, 4318530.543, 114
Trd, 4318531.443, 110
Trd, 4318532.493, 109
Trd, 4318533.693, 107
Trd, 4318534.393, 102
Trd, 4318535.193, 95
Trd, 4318536.143, 98
Trd, 4318536.993, 106
Trd, 4318539.593, 102
Trd, 4318540.293, 95
Trd, 4318542.443, 99
Trd, 4318542.743, 101
Trd, 4318543.093, 100
Trd, 4318543.543, 104
Trd, 4318545.143, 99
Trd, 4318546.643, 97
Trd, 4318546.943, 101
Trd, 4318547.493, 95
Trd, 4318547.743, 102
Trd, 4318549.093, 103
Trd, 4318550.693, 92
Trd, 4318551.793, 96
Trd, 4318553.043, 95
Trd, 4318553.843, 104
Trd, 4318556.043, 98
Trd, 4318556.843, 98
Trd, 4318557.893, 97
Trd, 4318560.743, 98
Trd, 4318560.993, 104
Trd, 4318561.143, 96
Trd, 4318561.743, 103
Trd, 4318563.743, 88
Trd, 4318564.293, 91
Trd, 4318565.643, 88
Trd, 4318566.493, 96
Trd, 4318567.243, 105
Trd, 4318568.793, 98
Trd, 4318570.843, 95
Trd, 4318571.493, 93
Trd, 4318571.543, 95
Trd, 4318572.693, 100
Trd, 4318573.093, 100
Trd, 4318573.493, 88
Trd, 4318574.293, 85
Trd, 4318575.943, 112
Trd, 4318576.743, 108
Trd, 4318577.393, 95
Trd, 4318578.493, 104
Trd, 4318579.543, 105
Trd, 4318580.693, 104
Trd, 4318581.343, 95
Trd, 4318581.543, 105
Trd, 4318584.443, 103
Trd, 4318584.543, 104
Trd, 4318585.743, 87
Trd, 4318586.843, 95
Trd, 4318587.693, 104
Trd, 4318588.943, 103
Trd, 4318589.593, 104
Trd, 4318590.693, 98
Trd, 4318592.493, 105
Trd, 4318593.193, 101
Trd, 4318593.793, 104
Trd, 4318595.243, 101
Trd, 4318596.743, 99
Trd, 4318596.843, 95
Trd, 4318597.593, 112
Trd, 4318598.343, 111
Trd, 4318599.793, 109
Trd, 4318600.993, 101
Trd, 4318602.093, 105
Trd, 4318603.543, 106
Trd, 4318604.293, 105
Trd, 4318605.243, 86
Trd, 4318605.943, 98
Trd, 4318606.893, 105
Trd, 4318607.793, 105
Trd, 4318607.893, 102
Trd, 4318608.993, 104
Trd, 4318609.693, 104
Trd, 4318610.793, 103
Trd, 4318611.543, 108
Trd, 4318614.793, 96
Trd, 4318615.393, 101
Trd, 4318616.193, 104
Trd, 4318616.293, 95
Trd, 4318616.743, 96
Trd, 4318617.343, 114
Trd, 4318618.893, 94
Trd, 4318620.943, 93
Trd, 4318621.293, 98
Trd, 4318622.743, 97
Trd, 4318623.093, 107
Trd, 4318623.293, 85
Trd, 4318626.893, 93
Trd, 4318627.443, 93
Trd, 4318627.693, 94
Trd, 4318627.993, 93
Trd, 4318630.043, 95
Trd, 4318630.543, 107
Trd, 4318631.693, 96
Trd, 4318633.643, 95
Trd, 4318633.893, 97
Trd, 4318634.143, 95
Trd, 4318634.743, 115
Trd, 4318638.293, 86
Trd, 4318638.793, 89
Trd, 4318638.993, 93
Trd, 4318639.993, 95
Trd, 4318641.093, 92
Trd, 4318642.393, 88
Trd, 4318643.393, 92
Trd, 4318644.993, 92
Trd, 4318645.543, 92
Trd, 4318648.143, 95
Trd, 4318649.243, 92
Trd, 4318649.793, 91
Trd, 4318652.493, 93
Trd, 4318652.643, 94
Trd, 4318653.643, 95
Trd, 4318655.493, 93
Trd, 4318656.043, 95
Trd, 4318657.343, 92
Trd, 4318658.843, 95
Trd, 4318659.143, 94
Trd, 4318659.893, 97
Trd, 4318660.543, 96
Trd, 4318660.643, 94
Trd, 4318662.293, 92
Trd, 4318665.043, 95
Trd, 4318666.143, 96
Trd, 4318667.293, 95
Trd, 4318667.893, 94
Trd, 4318668.943, 103
Trd, 4318670.343, 101
Trd, 4318672.043, 100
Trd, 4318672.693, 98
Trd, 4318673.943, 101
Trd, 4318675.243, 101
Trd, 4318676.893, 105
Trd, 4318677.593, 103
Trd, 4318678.043, 102
Trd, 4318678.593, 105
Trd, 4318679.543, 95
Trd, 4318681.443, 103
Trd, 4318682.643, 104
Trd, 4318684.943, 103
Trd, 4318684.993, 104
Trd, 4318686.743, 102
Trd, 4318687.443, 96
Trd, 4318689.243, 100
Trd, 4318689.543, 98
Trd, 4318690.993, 97
Trd, 4318692.493, 86
Trd, 4318693.793, 98
Trd, 4318694.193, 96
Trd, 4318694.393, 98
Trd, 4318695.143, 89
Trd, 4318695.243, 104
Trd, 4318697.693, 91
Trd, 4318698.193, 94
Trd, 4318700.443, 88
Trd, 4318701.593, 90
Trd, 4318702.393, 97
Trd, 4318703.393, 104
Trd, 4318704.643, 96
Trd, 4318705.993, 86
Trd, 4318706.443, 90
Trd, 4318708.143, 104
Trd, 4318709.993, 87
Trd, 4318710.493, 92
Trd, 4318711.243, 91
Trd, 4318711.693, 92
Trd, 4318711.893, 85
Trd, 4318712.143, 116
Trd, 4318716.043, 96
Trd, 4318716.193, 90
Trd, 4318719.593, 95
Trd, 4318721.043, 96
Trd, 4318721.193, 95
Trd, 4318721.393, 97
Trd, 4318723.843, 96
Trd, 4318725.043, 96
Trd, 4318727.243, 95
Trd, 4318727.693, 96
Trd, 4318728.743, 95
Trd, 4318730.293, 97
Trd, 4318731.243, 98
Trd, 4318731.293, 97
Trd, 4318732.893, 96
Trd, 4318733.543, 97
Trd, 4318736.393, 98
Trd, 4318737.743, 95
Trd, 4318738.643, 100
Trd, 4318739.693, 96
Trd, 4318741.343, 102
Trd, 4318741.593, 95
Trd, 4318742.643, 99
Trd, 4318744.793, 99
Trd, 4318745.443, 91
Trd, 4318746.643, 96
Trd, 4318747.443, 95
Trd, 4318748.243, 95
Trd, 4318749.343, 94
Trd, 4318749.543, 95
Trd, 4318750.893, 104
Trd, 4318751.193, 98
Trd, 4318752.243, 107
Trd, 4318752.793, 104
Trd, 4318755.643, 99
Trd, 4318755.893, 98
Trd, 4318757.793, 104
Trd, 4318757.843, 95
Trd, 4318758.143, 106
Trd, 4318761.343, 98
Trd, 4318762.643, 98
Trd, 4318764.143, 105
Trd, 4318765.593, 102
Trd, 4318766.243, 100
Trd, 4318766.543, 98
Trd, 4318769.893, 98
Trd, 4318770.593, 97
Trd, 4318770.693, 102
Trd, 4318771.343, 101
Trd, 4318772.143, 101
Trd, 4318773.443, 104
Trd, 4318776.143, 99
Trd, 4318776.343, 99
Trd, 4318777.093, 102
Trd, 4318777.343, 101
Trd, 4318780.393, 86
Trd, 4318780.443, 86
Trd, 4318780.793, 128
Trd, 4318781.693, 95
Trd, 4318782.493, 101
Trd, 4318783.693, 91
Trd, 4318785.193, 97
Trd, 4318786.393, 96
Trd, 4318787.293, 115
Trd, 4318788.043, 103
Trd, 4318789.493, 100
Trd, 4318789.993, 98
Trd, 4318791.293, 98
Trd, 4318791.593, 104
Trd, 4318792.843, 100
Trd, 4318793.343, 113
Trd, 4318794.543, 96
Trd, 4318795.093, 88
Trd, 4318795.793, 92
Trd, 4318796.343, 115
Trd, 4318798.243, 101
Trd, 4318799.543, 85
Trd, 4318799.693, 87
Trd, 4318802.443, 95
Trd, 4318803.343, 95
Trd, 4318803.743, 95
Trd, 4318805.543, 94
Trd, 4318806.193, 95
Trd, 4318806.493, 97
Trd, 4318808.443, 114
Trd, 4318808.943, 84
Trd, 4318811.043, 93
Trd, 4318811.343, 96
Trd, 4318812.743, 94
Trd, 4318813.643, 93
Trd, 4318815.943, 92
Trd, 4318817.193, 93
Trd, 4318817.693, 91
Trd, 4318817.943, 93
Trd, 4318819.693, 93
Trd, 4318820.093, 87
Trd, 4318820.993, 107
Trd, 4318821.643, 96
Trd, 4318824.743, 99
Trd, 4318825.243, 98
Trd, 4318825.493, 95
Trd, 4318827.343, 98
Trd, 4318828.443, 101
Trd, 4318828.793, 109
Trd, 4318828.943, 116
Trd, 4318829.643, 103
Trd, 4318829.793, 101
Trd, 4318831.143, 86
Trd, 4318832.143, 106
Trd, 4318833.393, 106
Trd, 4318835.193, 103
Trd, 4318835.443, 95
Trd, 4318837.243, 97
Trd, 4318838.143, 96
Trd, 4318838.943, 100
Trd, 4318839.943, 97
Trd, 4318842.193, 97
Trd, 4318842.343, 95
Trd, 4318842.693, 94
Trd, 4318844.593, 93
Trd, 4318845.693, 95
Trd, 4318845.943, 96
Trd, 4318847.343, 96
Trd, 4318849.593, 104
Trd, 4318849.793, 97
Trd, 4318851.293, 98
Trd, 4318852.093, 86
Trd, 4318852.543, 96
Trd, 4318854.343, 96
Trd, 4318854.443, 114
Trd, 4318855.293, 95
Trd, 4318856.543, 96
Trd, 4318859.043, 92
Trd, 4318860.443, 85
Trd, 4318861.043, 86
Trd, 4318861.643, 90
Trd, 4318863.943, 95
Trd, 4318865.993, 90
Trd, 4318866.343, 85
Trd, 4318868.493, 90
Trd, 4318869.343, 89
Trd, 4318870.793, 90
Trd, 4318871.193, 96
Trd, 4318871.643, 76
Trd, 4318872.693, 103
Trd, 4318873.093, 104
Trd, 4318874.443, 99
Trd, 4318874.743, 99
Trd, 4318875.993, 96
Trd, 4318876.193, 97
Trd, 4318877.393, 99
Trd, 4318879.893, 98
Trd, 4318880.143, 95
Trd, 4318881.243, 99
Trd, 4318883.193, 95
Trd, 4318883.693, 98
Trd, 4318885.893, 113
Trd, 4318887.193, 113
Trd, 4318888.543, 106
Trd, 4318889.093, 107
Trd, 4318889.143, 95
Trd, 4318890.093, 98
Trd, 4318891.393, 98
Trd, 4318891.843, 96
Trd, 4318893.243, 95
Trd, 4318893.843, 91
Trd, 4318894.493, 95
Trd, 4318896.343, 110
Trd, 4318897.193, 112
Trd, 4318897.643, 101
Trd, 4318897.743, 102
Trd, 4318898.243, 102
Trd, 4318900.143, 113
Trd, 4318902.093, 105
Trd, 4318902.693, 96
Trd, 4318904.643, 95
Trd, 4318905.393, 100
Trd, 4318907.993, 100
Trd, 4318908.243, 98
Trd, 4318909.393, 89
Trd, 4318910.493, 88
Trd, 4318911.193, 98
Trd, 4318912.243, 91
Trd, 4318913.693, 91
Trd, 4318915.843, 92
Trd, 4318916.343, 93
Trd, 4318918.693, 97
Trd, 4318918.743, 93
Trd, 4318920.693, 94
Trd, 4318920.993, 93
Trd, 4318922.493, 95
Trd, 4318922.793, 111
Trd, 4318923.643, 112
Trd, 4318923.943, 107
Trd, 4318924.643, 104
Trd, 4318926.593, 109
Trd, 4318928.593, 104
Trd, 4318929.893, 109
Trd, 4318930.293, 106
Trd, 4318930.393, 105
Trd, 4318932.693, 102
Trd, 4318933.443, 99
Trd, 4318934.593, 104
Trd, 4318936.293, 104
Trd, 4318937.543, 103
Trd, 4318937.643, 99
Trd, 4318938.843, 103
Trd, 4318938.943, 102
Trd, 4318940.843, 101
Trd, 4318941.443, 100
Trd, 4318941.993, 104
Trd, 4318942.743, 99
Trd, 4318944.143, 102
Trd, 4318945.693, 96
Trd, 4318946.443, 98
Trd, 4318949.493, 100
Trd, 4318950.693, 103
Trd, 4318951.043, 100
Trd, 4318951.543, 107
Trd, 4318951.743, 99
Trd, 4318952.493, 103
Trd, 4318952.793, 95
Trd, 4318953.943, 115
Trd, 4318955.993, 96
Trd, 4318956.843, 95
Trd, 4318957.593, 96
Trd, 4318959.093, 104
Trd, 4318961.593, 100
Trd, 4318962.093, 98
Trd, 4318964.093, 97
Trd, 4318964.793, 100
Trd, 4318964.843, 96
Trd, 4318964.943, 95
Trd, 4318965.593, 106
Trd, 4318966.743, 67
Trd, 4318968.093, 99
Trd, 4318968.293, 105
Trd, 4318969.643, 96
Trd, 4318971.393, 98
Trd, 4318973.443, 100
Trd, 4318973.543, 98
Trd, 4318973.693, 106
Trd, 4318976.093, 96
Trd, 4318976.343, 125
Trd, 4318977.343, 103
Trd, 4318977.393, 95
Trd, 4318981.793, 104
Trd, 4318983.643, 103
Trd, 4318983.793, 102
Trd, 4318984.793, 101
Trd, 4318985.343, 103
Trd, 4318985.943, 95
Trd, 4318988.143, 86
Trd, 4318989.793, 94
Trd, 4318990.993, 99
Trd, 4318991.443, 99
Trd, 4318993.443, 104
Trd, 4318993.893, 98
Trd, 4318994.193, 108
Trd, 4318995.843, 100
Trd, 4318998.043, 100
Trd, 4318999.043, 97
Trd, 4318999.243, 95
Trd, 4319002.293, 95
Trd, 4319002.543, 94
Trd, 4319002.893, 99
Trd, 4319005.293, 102
Trd, 4319006.193, 115
Trd, 4319006.543, 98
Trd, 4319008.793, 98
Trd, 4319008.893, 99
Trd, 4319010.493, 103
Trd, 4319011.043, 99
Trd, 4319011.243, 105
Trd, 4319014.293, 98
Trd, 4319014.543, 96
Trd, 4319015.393, 101
Trd, 4319017.193, 89
Trd, 4319018.143, 99
Trd, 4319020.193, 90
Trd, 4319021.543, 93
Trd, 4319021.593, 95
Trd, 4319023.743, 105
Trd, 4319023.993, 101
Trd, 4319024.593, 99
Trd, 4319026.343, 99
Trd, 4319026.643, 95
Trd, 4319027.343, 90
Trd, 4319032.293, 97
Trd, 4319032.393, 98
Trd, 4319033.893, 98
Trd, 4319033.943, 95
Trd, 4319035.893, 104
Trd, 4319036.543, 96
Trd, 4319037.293, 96
Trd, 4319038.293, 99
Trd, 4319039.493, 95
Trd, 4319040.643, 85
Trd, 4319040.943, 104
Trd, 4319042.543, 95
Trd, 4319043.993, 101
Trd, 4319046.093, 99
Trd, 4319047.493, 97
Trd, 4319049.743, 95
Trd, 4319049.943, 104
Trd, 4319050.193, 94
Trd, 4319050.643, 99
Trd, 4319053.143, 95
Trd, 4319054.193, 95
Trd, 4319055.193, 94
Trd, 4319055.543, 99
Trd, 4319057.243, 93
Trd, 4319060.793, 97
Trd, 4319061.493, 100
Trd, 4319062.043, 104
Trd, 4319062.243, 99
Trd, 4319063.343, 95
Trd, 4319064.943, 95
Trd, 4319064.993, 95
Trd, 4319065.443, 96
Trd, 4319066.093, 94
Trd, 4319066.743, 104
Trd, 4319068.093, 84
Trd, 4319069.193, 112
Trd, 4319070.343, 122
Trd, 4319071.093, 98
Trd, 4319071.993, 109
Trd, 4319072.943, 102
Trd, 4319073.343, 107
Trd, 4319073.843, 101
Trd, 4319074.093, 95
Trd, 4319076.043, 103
Trd, 4319077.393, 99
Trd, 4319078.043, 101
Trd, 4319079.643, 97
Trd, 4319079.843, 102
Trd, 4319079.893, 95
Trd, 4319080.593, 96
Trd, 4319081.043, 93
Trd, 4319082.743, 105
Trd, 4319084.193, 95
Trd, 4319084.993, 95
Trd, 4319086.043, 94
Trd, 4319086.743, 98
Trd, 4319087.143, 105
Trd, 4319088.843, 96
Trd, 4319090.443, 98
Trd, 4319090.993, 114
Trd, 4319092.043, 99
Trd, 4319094.043, 97
Trd, 4319095.493, 97
Trd, 4319097.893, 95
Trd, 4319098.043, 100
Trd, 4319098.293, 101
Trd, 4319099.393, 101
Trd, 4319101.093, 97
Trd, 4319101.393, 101
Trd, 4319102.293, 84
Trd, 4319103.843, 95
Trd, 4319105.243, 104
Trd, 4319106.843, 96
Trd, 4319107.543, 95
Trd, 4319108.193, 101
Trd, 4319108.993, 95
Trd, 4319109.543, 94
Trd, 4319109.893, 97
Trd, 4319111.843, 97
Trd, 4319112.493, 96
Trd, 4319115.093, 97
Trd, 4319116.293, 97
Trd, 4319117.043, 95
Trd, 4319117.443, 93
Trd, 4319118.993, 97
Trd, 4319119.693, 97
Trd, 4319120.643, 93
Trd, 4319122.693, 93
Trd, 4319123.693, 95
Trd, 4319124.493, 104
Trd, 4319126.743, 97
Trd, 4319126.793, 98
Trd, 4319127.843, 92
Trd, 4319129.793, 98
Trd, 4319130.743, 95
Trd, 4319131.793, 95
Trd, 4319132.593, 98
Trd, 4319134.393, 98
Trd, 4319134.843, 95
Trd, 4319136.343, 95
Trd, 4319136.743, 98
Trd, 4319137.943, 98
Trd, 4319138.543, 103
Trd, 4319141.093, 98
Trd, 4319141.343, 97
Trd, 4319142.243, 99
Trd, 4319143.043, 96
Trd, 4319144.143, 101
Trd, 4319144.543, 109
Trd, 4319145.693, 104
Trd, 4319147.443, 96
Trd, 4319148.793, 98
Trd, 4319148.943, 99
Trd, 4319149.443, 100
Trd, 4319151.443, 95
Trd, 4319151.843, 101
Trd, 4319152.693, 100
Trd, 4319153.993, 100
Trd, 4319155.143, 104
Trd, 4319155.843, 99
Trd, 4319155.893, 95
Trd, 4319158.293, 102
Trd, 4319159.043, 113
Trd, 4319159.793, 97
Trd, 4319164.593, 100
Trd, 4319164.693, 96
Trd, 4319164.793, 100
Trd, 4319165.843, 96
Trd, 4319167.643, 95
Trd, 4319167.943, 100
Trd, 4319168.443, 95
Trd, 4319169.743, 100
Trd, 4319170.693, 94
Trd, 4319172.193, 94
Trd, 4319173.093, 103
Trd, 4319174.793, 102
Trd, 4319176.593, 90
Trd, 4319177.143, 90
Trd, 4319179.093, 93
Trd, 4319180.793, 94
Trd, 4319181.143, 92
Trd, 4319181.343, 98
Trd, 4319181.743, 105
Trd, 4319182.393, 86
Trd, 4319186.293, 106
Trd, 4319187.543, 98
Trd, 4319187.643, 99
Trd, 4319188.443, 96
Trd, 4319189.943, 99
Trd, 4319190.893, 95
Trd, 4319190.993, 104
Trd, 4319192.843, 104
Trd, 4319193.393, 101
Trd, 4319195.543, 102
Trd, 4319196.793, 102
Trd, 4319197.893, 115
Trd, 4319199.943, 108
Trd, 4319200.243, 102
Trd, 4319200.893, 97
Trd, 4319202.743, 104
Trd, 4319203.593, 100
Trd, 4319203.893, 105
Trd, 4319204.193, 98
Trd, 4319205.343, 105
Trd, 4319206.843, 88
Trd, 4319210.093, 95
Trd, 4319210.243, 98
Trd, 4319210.593, 93
Trd, 4319210.693, 92
Trd, 4319213.193, 90
Trd, 4319213.243, 96
Trd, 4319214.643, 90
Trd, 4319215.093, 91
Trd, 4319215.943, 92
Trd, 4319216.993, 97
Trd, 4319217.693, 105
Trd, 4319217.793, 104
Trd, 4319219.543, 102
Trd, 4319222.593, 101
Trd, 4319222.693, 99
Trd, 4319224.843, 100
Trd, 4319225.293, 98
Trd, 4319226.043, 95
Trd, 4319226.293, 99
Trd, 4319229.843, 99
Trd, 4319230.343, 105
Trd, 4319231.093, 118
Trd, 4319232.243, 99
Trd, 4319232.393, 98
Trd, 4319232.843, 103
Trd, 4319236.743, 101
Trd, 4319237.093, 97
Trd, 4319237.293, 101
Trd, 4319237.493, 95
Trd, 4319239.393, 99
Trd, 4319241.093, 100
Trd, 4319241.893, 98
Trd, 4319242.493, 100
Trd, 4319244.493, 96
Trd, 4319244.693, 86
Trd, 4319245.893, 91
Trd, 4319248.593, 91
Trd, 4319248.643, 94
Trd, 4319249.993, 102
Trd, 4319250.193, 89
Trd, 4319252.243, 99
Trd, 4319252.293, 95
Trd, 4319253.293, 95
Trd, 4319254.943, 96
Trd, 4319255.643, 105
Trd, 4319256.293, 119
Trd, 4319256.743, 98
Trd, 4319257.993, 106
Trd, 4319258.343, 104
Trd, 4319259.793, 106
Trd, 4319262.543, 102
Trd, 4319263.093, 107
Trd, 4319264.693, 105
Trd, 4319266.293, 104
Trd, 4319266.543, 103
Trd, 4319266.643, 92
Trd, 4319267.193, 91
Trd, 4319267.843, 101
Trd, 4319271.243, 98
Trd, 4319271.743, 102
Trd, 4319272.543, 97
Trd, 4319274.543, 96
Trd, 4319274.793, 101
Trd, 4319275.143, 96
Trd, 4319276.193, 100
Trd, 4319277.293, 95
Trd, 4319277.843, 95
Trd, 4319280.293, 95
Trd, 4319281.493, 100
Trd, 4319282.343, 96
Trd, 4319283.543, 97
Trd, 4319283.893, 104
Trd, 4319286.893, 99
Trd, 4319287.343, 98
Trd, 4319288.393, 97
Trd, 4319288.493, 98
Trd, 4319288.543, 98
Trd, 4319288.643, 95
Trd, 4319291.043, 96
Trd, 4319291.443, 96
Trd, 4319292.943, 95
Trd, 4319293.743, 95
Trd, 4319294.543, 89
Trd, 4319294.893, 97
Trd, 4319296.093, 101
Trd, 4319296.893, 95
Trd, 4319300.543, 93
Trd, 4319301.393, 93
Trd, 4319301.593, 97
Trd, 4319302.293, 86
Trd, 4319303.043, 93
Trd, 4319303.443, 92
Trd, 4319304.993, 93
Trd, 4319305.093, 101
Trd, 4319307.743, 108
Trd, 4319308.893, 110
Trd, 4319310.043, 103
Trd, 4319310.243, 95
Trd, 4319312.443, 104
Trd, 4319312.593, 106
Trd, 4319313.843, 100
Trd, 4319315.193, 99
Trd, 4319316.393, 99
Trd, 4319318.043, 100
Trd, 4319319.043, 105
Trd, 4319319.843, 105
Trd, 4319321.893, 99
Trd, 4319323.043, 105
Trd, 4319324.143, 98
Trd, 4319324.743, 95
Trd, 4319325.143, 94
Trd, 4319326.443, 103
Trd, 4319327.993, 103
Trd, 4319328.193, 100
Trd, 4319329.493, 95
Trd, 4319330.893, 102
Trd, 4319331.643, 99
Trd, 4319333.343, 71
Trd, 4319334.143, 110
Trd, 4319334.893, 105
Trd, 4319335.543, 106
Trd, 4319336.993, 104
Trd, 4319338.243, 97
Trd, 4319339.893, 98
Trd, 4319340.943, 106
Trd, 4319341.793, 103
Trd, 4319342.093, 98
Trd, 4319343.043, 95
Trd, 4319343.543, 113
Trd, 4319344.343, 108
Trd, 4319345.193, 107
Trd, 4319346.743, 105
Trd, 4319348.243, 109
Trd, 4319349.893, 102
Trd, 4319351.243, 95
Trd, 4319352.293, 99
Trd, 4319354.243, 95
Trd, 4319354.493, 95
Trd, 4319356.093, 95
Trd, 4319357.243, 93
Trd, 4319357.393, 91
Trd, 4319357.893, 93
Trd, 4319359.643, 105
Trd, 4319360.593, 94
Trd, 4319361.643, 97
Trd, 4319362.793, 104
Trd, 4319363.493, 92
Trd, 4319365.443, 96
Trd, 4319365.593, 97
Trd, 4319366.893, 96
Trd, 4319368.743, 89
Trd, 4319370.143, 95
Trd, 4319370.193, 100
Trd, 4319371.093, 92
Trd, 4319374.093, 96
Trd, 4319374.243, 95
Trd, 4319376.843, 96
Trd, 4319377.243, 84
Trd, 4319377.293, 96
Trd, 4319378.293, 92
Trd, 4319380.943, 95
Trd, 4319380.993, 94
Trd, 4319381.793, 94
Trd, 4319382.293, 94
Trd, 4319383.193, 97
Trd, 4319384.293, 91
Trd, 4319386.043, 94
Trd, 4319386.943, 103
Trd, 4319387.093, 93
Trd, 4319387.943, 85
Trd, 4319388.743, 105
Trd, 4319392.143, 96
Trd, 4319392.843, 99
Trd, 4319393.193, 98
Trd, 4319393.693, 105
Trd, 4319394.243, 116
Trd, 4319395.643, 94
Trd, 4319397.793, 87
Trd, 4319399.193, 97
Trd, 4319399.293, 96
Trd, 4319399.343, 92
Trd, 4319400.093, 93
Trd, 4319400.693, 108
Trd, 4319403.543, 96
Trd, 4319404.993, 96
Trd, 4319405.343, 98
Trd, 4319405.793, 97
Trd, 4319405.893, 94
Trd, 4319407.643, 91
Trd, 4319409.393, 94
Trd, 4319409.593, 97
Trd, 4319412.343, 97
Trd, 4319413.793, 97
Trd, 4319414.443, 96
Trd, 4319415.443, 103
Trd, 4319415.793, 100
Trd, 4319415.943, 95
Trd, 4319417.993, 105
Trd, 4319419.193, 113
Trd, 4319421.243, 103
Trd, 4319422.593, 95
Trd, 4319422.993, 98
Trd, 4319425.093, 94
Trd, 4319428.943, 103
Trd, 4319429.243, 95
Trd, 4319430.343, 100
Trd, 4319431.043, 102
Trd, 4319431.093, 98
Trd, 4319433.493, 101
Trd, 4319434.343, 105
Trd, 4319434.443, 102
Trd, 4319435.143, 100
Trd, 4319435.443, 95
Trd, 4319438.093, 103
Trd, 4319438.343, 102
Trd, 4319440.343, 101
Trd, 4319440.743, 102
Trd, 4319442.893, 97
Trd, 4319443.243, 85
Trd, 4319443.743, 104
Trd, 4319445.643, 99
Trd, 4319446.593, 101
Trd, 4319448.293, 100
Trd, 4319449.643, 104
Trd, 4319449.793, 100
Trd, 4319450.293, 95
Trd, 4319451.193, 110
Trd, 4319454.043, 105
Trd, 4319454.893, 96
Trd, 4319456.243, 109
Trd, 4319456.893, 106
Trd, 4319457.543, 102
Trd, 4319458.343, 95
Trd, 4319459.193, 102
Trd, 4319462.143, 101
Trd, 4319462.943, 101
Trd, 4319463.693, 99
Trd, 4319465.093, 100
Trd, 4319465.743, 95
Trd, 4319467.843, 97
Trd, 4319468.643, 95
Trd, 4319469.043, 98
Trd, 4319469.393, 95
Trd, 4319470.743, 97
Trd, 4319471.093, 99
Trd, 4319472.943, 87
Trd, 4319474.193, 89
Trd, 4319475.043, 94
Trd, 4319477.093, 94
Trd, 4319477.943, 93
Trd, 4319478.143, 97
Trd, 4319480.143, 93
Trd, 4319480.393, 94
Trd, 4319481.843, 96
Trd, 4319482.093, 101
Trd, 4319483.593, 94
Trd, 4319486.493, 98
Trd, 4319486.843, 104
Trd, 4319487.043, 95
Trd, 4319488.343, 100
Trd, 4319488.393, 98
Trd, 4319490.443, 97
Trd, 4319492.093, 100
Trd, 4319492.943, 100
Trd, 4319493.393, 98
Trd, 4319493.893, 96
Trd, 4319495.793, 95
Trd, 4319496.393, 100
Trd, 4319498.743, 105
Trd, 4319498.993, 95
Trd, 4319500.193, 98
Trd, 4319500.643, 95
Trd, 4319501.243, 102
Trd, 4319502.543, 84
Trd, 4319504.143, 103
Trd, 4319505.693, 99
Trd, 4319506.493, 104
Trd, 4319506.643, 98
Trd, 4319507.393, 100
Trd, 4319509.443, 99
Trd, 4319509.543, 105
Trd, 4319510.593, 96
Trd, 4319513.493, 96
Trd, 4319514.493, 86
Trd, 4319514.693, 90
Trd, 4319515.793, 89
Trd, 4319516.943, 96
Trd, 4319518.943, 85
Trd, 4319520.043, 88
Trd, 4319521.543, 89
Trd, 4319522.293, 89
Trd, 4319523.043, 100
Trd, 4319523.743, 105
Trd, 4319524.293, 97
Trd, 4319525.393, 96
Trd, 4319526.543, 105
Trd, 4319526.693, 95
Trd, 4319528.543, 84
Trd, 4319531.193, 99
Trd, 4319531.293, 95
Trd, 4319532.143, 99
Trd, 4319532.743, 95
Trd, 4319533.643, 103
Trd, 4319535.593, 100
Trd, 4319535.993, 95
Trd, 4319536.743, 94
Trd, 4319540.493, 95
Trd, 4319542.243, 95
Trd, 4319542.293, 98
Trd, 4319543.593, 96
Trd, 4319545.143, 96
Trd, 4319546.443, 95
Trd, 4319547.543, 98
Trd, 4319548.043, 113
Trd, 4319550.343, 95
Trd, 4319552.043, 96
Trd, 4319555.143, 95
Trd, 4319556.493, 96
Trd, 4319556.843, 96
Trd, 4319557.243, 94
Trd, 4319557.443, 105
Trd, 4319558.593, 99
Trd, 4319560.643, 95
Trd, 4319561.443, 102
Trd, 4319562.343, 101
Trd, 4319562.393, 100
Trd, 4319562.643, 105
Trd, 4319563.693, 102
Trd, 4319566.193, 96
Trd, 4319566.343, 87
Trd, 4319568.943, 101
Trd, 4319569.543, 93
Trd, 4319570.343, 87
Trd, 4319571.543, 76
Trd, 4319571.743, 91
Trd, 4319574.693, 100
Trd, 4319575.493, 112
Trd, 4319575.693, 112
Trd, 4319577.143, 112
Trd, 4319577.293, 109
Trd, 4319577.693, 114
Trd, 4319578.543, 109
Trd, 4319580.693, 95
Trd, 4319582.243, 97
Trd, 4319583.193, 97
Trd, 4319584.493, 95
Trd, 4319584.893, 97
Trd, 4319585.093, 104
Trd, 4319588.193, 103
Trd, 4319588.293, 98
Trd, 4319590.193, 99
Trd, 4319590.793, 101
Trd, 4319592.843, 98
Trd, 4319593.193, 100
Trd, 4319593.693, 95
Trd, 4319594.243, 101
Trd, 4319594.793, 97
Trd, 4319596.593, 102
Trd, 4319596.643, 104
Trd, 4319597.793, 99
Trd, 4319598.343, 99
Trd, 4319600.893, 91
Trd, 4319602.443, 98
Trd, 4319603.293, 96
Trd, 4319604.593, 98
Trd, 4319604.993, 105
Trd, 4319605.343, 104
Trd, 4319605.493, 96
Trd, 4319605.993, 95
Trd, 4319607.143, 96
Trd, 4319608.593, 110
Trd, 4319612.393, 97
Trd, 4319612.693, 99
Trd, 4319613.143, 97
Trd, 4319614.293, 107
Trd, 4319614.543, 104
Trd, 4319615.493, 113
Trd, 4319616.443, 111
Trd, 4319617.593, 91
Trd, 4319618.493, 95
Trd, 4319618.993, 91
Trd, 4319621.743, 104
Trd, 4319621.793, 106
Trd, 4319622.193, 107
Trd, 4319622.943, 101
Trd, 4319623.693, 95
Trd, 4319625.693, 98
Trd, 4319626.043, 95
Trd, 4319627.893, 108
Trd, 4319629.293, 103
Trd, 4319631.043, 101
Trd, 4319631.093, 104
Trd, 4319631.593, 104
Trd, 4319631.943, 102
Trd, 4319632.393, 103
Trd, 4319633.143, 95
Trd, 4319634.643, 103
Trd, 4319634.693, 100
Trd, 4319635.193, 106
Trd, 4319637.143, 95
Trd, 4319638.143, 95
Trd, 4319638.993, 93
Trd, 4319640.443, 94
Trd, 4319641.643, 95
Trd, 4319642.493, 95
Trd, 4319644.843, 93
Trd, 4319646.143, 95
Trd, 4319646.843, 95
Trd, 4319647.793, 93
Trd, 4319649.293, 92
Trd, 4319649.493, 102
Trd, 4319650.443, 96
Trd, 4319650.643, 107
Trd, 4319652.293, 100
Trd, 4319653.393, 97
Trd, 4319656.143, 97
Trd, 4319658.293, 97
Trd, 4319658.793, 96
Trd, 4319659.193, 95
Trd, 4319660.293, 97
Trd, 4319660.543, 95
Trd, 4319663.593, 97
Trd, 4319663.643, 95
Trd, 4319664.443, 94
Trd, 4319664.493, 97
Trd, 4319666.843, 98
Trd, 4319667.393, 109
Trd, 4319667.593, 99
Trd, 4319669.393, 100
Trd, 4319669.543, 118
Trd, 4319670.093, 95
Trd, 4319671.043, 95
Trd, 4319671.993, 84
Trd, 4319673.343, 93
Trd, 4319673.593, 95
Trd, 4319674.243, 96
Trd, 4319676.443, 103
Trd, 4319678.093, 104
Trd, 4319678.543, 101
Trd, 4319679.243, 97
Trd, 4319679.893, 92
Trd, 4319680.743, 95
Trd, 4319681.893, 88
Trd, 4319683.043, 95
Trd, 4319683.693, 101
Trd, 4319684.343, 99
Trd, 4319685.543, 95
Trd, 4319688.443, 100
Trd, 4319688.893, 98
Trd, 4319689.443, 104
Trd, 4319691.193, 98
Trd, 4319692.293, 97
Trd, 4319692.443, 100
Trd, 4319693.843, 97
Trd, 4319694.743, 96
Trd, 4319696.043, 106
Trd, 4319696.593, 103
Trd, 4319697.343, 102
Trd, 4319697.793, 112
Trd, 4319698.443, 103
Trd, 4319698.543, 95
Trd, 4319698.793, 122
Trd, 4319703.443, 105
Trd, 4319704.393, 108
Trd, 4319705.743, 102
Trd, 4319706.993, 106
Trd, 4319707.393, 102
Trd, 4319709.143, 102
Trd, 4319709.743, 108
Trd, 4319711.143, 100
Trd, 4319713.043, 95
Trd, 4319713.343, 104
Trd, 4319714.593, 94
Trd, 4319715.243, 93
Trd, 4319716.693, 92
Trd, 4319718.493, 92
Trd, 4319720.143, 102
Trd, 4319720.743, 94
Trd, 4319721.093, 104
Trd, 4319722.743, 97
Trd, 4319724.643, 92
Trd, 4319725.143, 95
Trd, 4319725.793, 96
Trd, 4319727.193, 104
Trd, 4319729.393, 104
Trd, 4319730.343, 115
Trd, 4319731.293, 103
Trd, 4319731.993, 102
Trd, 4319732.993, 101
Trd, 4319733.143, 103
Trd, 4319733.243, 129
Trd, 4319734.393, 113
Trd, 4319734.993, 109
Trd, 4319736.293, 95
Trd, 4319738.243, 107
Trd, 4319738.843, 105
Trd, 4319739.493, 102
Trd, 4319741.743, 100
Trd, 4319741.993, 101
Trd, 4319742.743, 95
Trd, 4319743.243, 97
Trd, 4319743.793, 99
Trd, 4319743.843, 105
Trd, 4319745.743, 98
Trd, 4319746.493, 95
Trd, 4319748.993, 100
Trd, 4319750.143, 98
Trd, 4319750.193, 100
Trd, 4319751.193, 98
Trd, 4319753.393, 105
Trd, 4319754.243, 105
Trd, 4319754.693, 109
Trd, 4319755.193, 103
Trd, 4319756.393, 103
Trd, 4319757.543, 99
Trd, 4319758.243, 90
Trd, 4319758.593, 98
Trd, 4319760.743, 99
Trd, 4319762.093, 95
Trd, 4319762.993, 98
Trd, 4319763.593, 98
Trd, 4319763.943, 85
Trd, 4319764.643, 104
Trd, 4319765.743, 95
Trd, 4319766.743, 96
Trd, 4319768.543, 86
Trd, 4319769.543, 83
Trd, 4319769.943, 87
Trd, 4319770.443, 86
Trd, 4319772.843, 95
Trd, 4319773.643, 91
Trd, 4319775.093, 97
Trd, 4319775.343, 105
Trd, 4319776.693, 95
Trd, 4319777.243, 102
Trd, 4319777.793, 99
Trd, 4319780.593, 98
Trd, 4319782.593, 100
Trd, 4319782.793, 97
Trd, 4319783.143, 104
Trd, 4319783.743, 83
Trd, 4319785.193, 124
Trd, 4319785.543, 108
Trd, 4319786.093, 106
Trd, 4319787.043, 109
Trd, 4319787.093, 95
Trd, 4319788.693, 106
Trd, 4319791.443, 107
Trd, 4319792.343, 108
Trd, 4319793.643, 104
Trd, 4319794.143, 95
Trd, 4319794.993, 101
Trd, 4319795.443, 100
Trd, 4319796.293, 106
Trd, 4319797.443, 95
Trd, 4319799.293, 102
Trd, 4319799.543, 105
Trd, 4319799.593, 113
Trd, 4319801.543, 102
Trd, 4319801.893, 89
Trd, 4319802.293, 88
Trd, 4319803.043, 87
Trd, 4319805.543, 98
Trd, 4319806.543, 94
Trd, 4319806.943, 90
Trd, 4319807.393, 107
Trd, 4319807.643, 98
Trd, 4319809.443, 92
Trd, 4319810.793, 96
Trd, 4319810.943, 94
Trd, 4319812.743, 95
Trd, 4319815.193, 95
Trd, 4319815.343, 95
Trd, 4319817.543, 95
Trd, 4319818.093, 95
Trd, 4319820.243, 96
Trd, 4319820.343, 95
Trd, 4319822.193, 95
Trd, 4319823.243, 95
Trd, 4319823.993, 94
Trd, 4319825.243, 92
Trd, 4319826.943, 92
Trd, 4319827.293, 104
Trd, 4319827.393, 91
Trd, 4319829.943, 102
Trd, 4319830.043, 104
Trd, 4319830.193, 101
Trd, 4319830.993, 96
Trd, 4319831.843, 97
Trd, 4319834.743, 92
Trd, 4319835.393, 110
Trd, 4319835.443, 88
Trd, 4319837.243, 95
Trd, 4319837.293, 94
Trd, 4319837.793, 97
Trd, 4319840.243, 93
Trd, 4319840.793, 92
Trd, 4319842.893, 92
Trd, 4319845.393, 91
Trd, 4319845.593, 89
Trd, 4319845.843, 92
Trd, 4319846.843, 92
Trd, 4319847.143, 99
Trd, 4319849.993, 92
Trd, 4319852.443, 90
Trd, 4319852.543, 90
Trd, 4319852.893, 90
Trd, 4319854.093, 90
Trd, 4319854.843, 96
Trd, 4319855.793, 99
Trd, 4319857.293, 106
Trd, 4319857.843, 114
Trd, 4319861.093, 95
Trd, 4319861.943, 94
Trd, 4319862.743, 95
Trd, 4319864.443, 101
Trd, 4319864.643, 93
Trd, 4319866.043, 90
Trd, 4319867.243, 93
Trd, 4319867.943, 94
Trd, 4319868.643, 93
Trd, 4319868.793, 93
Trd, 4319869.943, 96
Trd, 4319871.343, 107
Trd, 4319871.593, 113
Trd, 4319872.943, 105
Trd, 4319873.393, 100
Trd, 4319875.593, 102
Trd, 4319877.393, 104
Trd, 4319877.743, 106
Trd, 4319878.143, 101
Trd, 4319879.093, 93
Trd, 4319880.393, 95
Trd, 4319881.393, 101
Trd, 4319882.043, 100
Trd, 4319882.593, 99
Trd, 4319883.343, 97
Trd, 4319884.593, 98
Trd, 4319885.993, 100
Trd, 4319887.443, 101
Trd, 4319887.943, 103
Trd, 4319889.743, 103
Trd, 4319890.293, 108
Trd, 4319892.043, 95
Trd, 4319892.143, 96
Trd, 4319892.243, 104
Trd, 4319894.893, 96
Trd, 4319896.743, 99
Trd, 4319896.993, 101
Trd, 4319897.193, 98
Trd, 4319899.543, 98
Trd, 4319899.943, 100
Trd, 4319901.643, 96
Trd, 4319903.593, 99
Trd, 4319905.143, 101
Trd, 4319906.593, 104
Trd, 4319907.393, 103
Trd, 4319907.693, 95
Trd, 4319908.093, 102
Trd, 4319909.093, 107
Trd, 4319909.943, 102
Trd, 4319910.643, 98
Trd, 4319911.143, 100
Trd, 4319912.543, 86
Trd, 4319914.343, 100
Trd, 4319915.143, 96
Trd, 4319915.693, 100
Trd, 4319916.143, 100
Trd, 4319917.393, 106
Trd, 4319918.043, 93
Trd, 4319919.743, 99
Trd, 4319920.743, 99
Trd, 4319921.693, 108
Trd, 4319921.993, 104
Trd, 4319923.693, 101
Trd, 4319924.443, 104
Trd, 4319925.093, 97
Trd, 4319925.943, 95
Trd, 4319926.843, 88
Trd, 4319928.743, 93
Trd, 4319929.693, 92
Trd, 4319929.943, 91
Trd, 4319931.843, 104
Trd, 4319932.243, 99
Trd, 4319932.543, 96
Trd, 4319933.443, 85
Trd, 4319935.593, 94
Trd, 4319936.343, 95
Trd, 4319938.143, 95
Trd, 4319938.593, 100
Trd, 4319939.493, 96
Trd, 4319939.643, 85
Trd, 4319941.493, 89
Trd, 4319941.543, 90
Trd, 4319943.193, 93
Trd, 4319943.943, 93
Trd, 4319946.893, 93
Trd, 4319946.943, 92
Trd, 4319947.493, 94
Trd, 4319948.243, 90
Trd, 4319949.493, 95
Trd, 4319949.643, 104
Trd, 4319951.443, 95
Trd, 4319953.593, 99
Trd, 4319954.893, 97
Trd, 4319955.343, 95
Trd, 4319957.293, 98
Trd, 4319957.993, 102
Trd, 4319958.043, 94
Trd, 4319958.743, 92
Trd, 4319960.843, 92
Trd, 4319962.643, 91
Trd, 4319963.543, 98
Trd, 4319964.943, 97
Trd, 4319965.193, 100
Trd, 4319968.043, 103
Trd, 4319968.143, 104
Trd, 4319969.693, 103
Trd, 4319970.093, 105
Trd, 4319970.243, 100
Trd, 4319970.993, 101
Trd, 4319971.843, 95
Trd, 4319973.993, 98
Trd, 4319976.443, 103
Trd, 4319978.243, 103
Trd, 4319978.993, 100
Trd, 4319980.093, 102
Trd, 4319980.243, 86
Trd, 4319980.893, 105
Trd, 4319981.493, 93
Trd, 4319982.043, 84
Trd, 4319983.143, 97
Trd, 4319984.993, 97
Trd, 4319985.993, 105
Trd, 4319986.493, 98
Trd, 4319986.943, 100
Trd, 4319987.743, 97
Trd, 4319989.593, 100
Trd, 4319991.393, 100
Trd, 4319993.993, 96
Trd, 4319994.343, 95
Trd, 4319994.493, 83
Trd, 4319994.593, 100
Trd, 4319995.943, 92
Trd, 4319996.493, 100
Trd, 4319997.293, 100
Trd, 4319999.493, 95
