Trd, 4317855.793, 92
Trd, 4317857.893, 91
Trd, 4317859.943, 94
Trd, 4317861.143, 95
Trd, 4317861.593, 90
Trd, 4317863.093, 85
Trd, 4317864.043, 95
Trd, 4317865.793, 95
Trd, 4317866.843, 84
Trd, 4317867.093, 103
Trd, 4317868.943, 96
Trd, 4317872.693, 95
Trd, 4317873.943, 94
Trd, 4317879.293, 94
Trd, 4317880.093, 95
Trd, 4317881.543, 96
Trd, 4317882.443, 96
Trd, 4317882.943, 99
Trd, 4317884.643, 101
Trd, 4317884.943, 100
Trd, 4317886.793, 100
Trd, 4317886.843, 98
Trd, 4317888.193, 98
Trd, 4317890.993, 95
Trd, 4317892.393, 97
Trd, 4317892.443, 95
Trd, 4317893.643, 96
Trd, 4317898.143, 97
Trd, 4317898.693, 94
Trd, 4317898.993, 93
Trd, 4317900.343, 96
Trd, 4317901.943, 95
Trd, 4317902.393, 96
Trd, 4317904.643, 96
Trd, 4317904.893, 104
Trd, 4317905.193, 98
Trd, 4317906.493, 104
Trd, 4317906.793, 99
Trd, 4317908.243, 111
Trd, 4317908.693, 101
Trd, 4317911.593, 93
Trd, 4317914.643, 99
Trd, 4317915.193, 99
Trd, 4317916.393, 95
Trd, 4317918.093, 99
Trd, 4317918.543, 94
Trd, 4317920.343, 99
Trd, 4317920.443, 92
Trd, 4317922.093, 96
Trd, 4317922.793, 91
Trd, 4317923.893, 95
Trd, 4317927.193, 95
Trd, 4317928.393, 93
Trd, 4317929.243, 95
Trd, 4317931.293, 95
Trd, 4317931.593, 95
Trd, 4317932.543, 92
Trd, 4317933.443, 95
Trd, 4317938.743, 95
Trd, 4317942.593, 95
Trd, 4317942.743, 94
Trd, 4317943.843, 99
Trd, 4317946.693, 109
Trd, 4317947.293, 97
Trd, 4317948.143, 97
Trd, 4317949.993, 96
Trd, 4317951.443, 95
Trd, 4317952.493, 93
Trd, 4317953.143, 95
Trd, 4317953.543, 103
Trd, 4317957.493, 94
Trd, 4317959.593, 97
Trd, 4317959.843, 104
Trd, 4317961.343, 97
Trd, 4317961.393, 99
Trd, 4317963.443, 96
Trd, 4317965.593, 95
Trd, 4317966.093, 96
Trd, 4317966.543, 94
Trd, 4317968.043, 89
Trd, 4317969.293, 96
Trd, 4317970.743, 90
Trd, 4317971.243, 94
Trd, 4317972.293, 96
Trd, 4317976.243, 96
Trd, 4317977.143, 98
Trd, 4317979.443, 96
Trd, 4317981.143, 96
Trd, 4317982.293, 95
Trd, 4317984.743, 98
Trd, 4317984.943, 108
Trd, 4317985.393, 97
Trd, 4317989.093, 94
Trd, 4317990.143, 95
Trd, 4317990.293, 96
Trd, 4317992.243, 95
Trd, 4317995.993, 95
Trd, 4317996.293, 96
Trd, 4317996.543, 95
Trd, 4317996.943, 95
Trd, 4317997.693, 94
Trd, 4318000.193, 102
Trd, 4318001.193, 100
Trd, 4318003.293, 92
Trd, 4318003.993, 95
Trd, 4318004.643, 96
Trd, 4318005.993, 96
Trd, 4318008.143, 96
Trd, 4318008.943, 92
Trd, 4318009.093, 98
Trd, 4318012.793, 95
Trd, 4318014.243, 94
Trd, 4318018.693, 96
Trd, 4318018.993, 95
Trd, 4318019.143, 96
Trd, 4318020.843, 95
Trd, 4318021.543, 93
Trd, 4318022.993, 96
Trd, 4318026.543, 96
Trd, 4318026.693, 93
Trd, 4318027.893, 96
Trd, 4318028.393, 97
Trd, 4318030.593, 96
Trd, 4318030.793, 97
Trd, 4318031.343, 93
Trd, 4318033.693, 92
Trd, 4318035.643, 96
Trd, 4318037.893, 104
Trd, 4318039.643, 94
Trd, 4318040.143, 94
Trd, 4318041.443, 96
Trd, 4318044.043, 95
Trd, 4318044.693, 93
Trd, 4318046.193, 96
Trd, 4318046.693, 96
Trd, 4318048.143, 101
Trd, 4318048.693, 95
Trd, 4318049.293, 96
Trd, 4318050.293, 94
Trd, 4318052.193, 98
Trd, 4318055.343, 99
Trd, 4318055.593, 92
Trd, 4318056.543, 104
Trd, 4318056.993, 100
Trd, 4318059.043, 99
Trd, 4318060.943, 99
Trd, 4318062.393, 99
Trd, 4318062.793, 95
Trd, 4318064.193, 99
Trd, 4318065.543, 98
Trd, 4318065.893, 99
Trd, 4318066.093, 93
Trd, 4318069.543, 100
Trd, 4318069.793, 96
Trd, 4318070.793, 95
Trd, 4318071.493, 98
Trd, 4318073.843, 98
Trd, 4318076.343, 98
Trd, 4318077.593, 103
Trd, 4318077.793, 103
Trd, 4318079.143, 99
Trd, 4318079.643, 99
Trd, 4318080.293, 104
Trd, 4318080.493, 94
Trd, 4318083.243, 102
Trd, 4318086.343, 101
Trd, 4318086.493, 99
Trd, 4318086.843, 93
Trd, 4318087.743, 99
Trd, 4318089.643, 78
Trd, 4318090.193, 88
Trd, 4318092.793, 91
Trd, 4318093.293, 87
Trd, 4318094.543, 91
Trd, 4318096.243, 91
Trd, 4318097.443, 98
Trd, 4318097.793, 88
Trd, 4318099.943, 100
Trd, 4318100.893, 104
Trd, 4318101.543, 96
Trd, 4318102.043, 94
Trd, 4318103.343, 98
Trd, 4318103.843, 85
Trd, 4318104.793, 93
Trd, 4318105.093, 92
Trd, 4318105.793, 93
Trd, 4318107.293, 104
Trd, 4318109.543, 92
Trd, 4318111.343, 91
Trd, 4318112.493, 94
Trd, 4318113.543, 96
Trd, 4318114.993, 96
Trd, 4318116.693, 95
Trd, 4318117.343, 97
Trd, 4318117.793, 90
Trd, 4318120.593, 95
Trd, 4318120.993, 96
Trd, 4318122.343, 94
Trd, 4318127.243, 91
Trd, 4318128.793, 93
Trd, 4318131.293, 92
Trd, 4318131.943, 92
Trd, 4318132.093, 89
Trd, 4318132.143, 99
Trd, 4318135.493, 96
Trd, 4318138.143, 91
Trd, 4318138.843, 94
Trd, 4318141.943, 88
Trd, 4318142.693, 94
Trd, 4318145.193, 94
Trd, 4318146.443, 91
Trd, 4318147.593, 94
Trd, 4318148.393, 103
Trd, 4318150.043, 95
Trd, 4318151.943, 98
Trd, 4318152.143, 93
Trd, 4318154.293, 95
Trd, 4318156.643, 94
Trd, 4318160.493, 93
Trd, 4318160.593, 95
Trd, 4318161.993, 98
Trd, 4318163.693, 95
Trd, 4318164.393, 89
Trd, 4318164.643, 96
Trd, 4318165.243, 92
Trd, 4318165.693, 96
Trd, 4318166.343, 95
Trd, 4318166.993, 104
Trd, 4318170.893, 97
Trd, 4318172.293, 96
Trd, 4318172.993, 94
Trd, 4318174.343, 97
Trd, 4318175.143, 104
Trd, 4318175.343, 96
Trd, 4318178.643, 103
Trd, 4318180.493, 93
Trd, 4318181.443, 95
Trd, 4318183.293, 100
Trd, 4318184.343, 96
Trd, 4318184.643, 96
Trd, 4318186.543, 97
Trd, 4318190.243, 95
Trd, 4318190.393, 97
Trd, 4318193.093, 95
Trd, 4318194.593, 97
Trd, 4318195.693, 86
Trd, 4318197.993, 96
Trd, 4318199.293, 92
Trd, 4318200.843, 92
Trd, 4318201.443, 93
Trd, 4318205.743, 93
Trd, 4318206.393, 92
Trd, 4318207.343, 93
Trd, 4318207.693, 92
Trd, 4318207.843, 98
Trd, 4318208.443, 93
Trd, 4318209.893, 95
Trd, 4318210.993, 91
Trd, 4318211.093, 104
Trd, 4318212.243, 92
Trd, 4318212.643, 95
Trd, 4318213.593, 104
Trd, 4318215.043, 113
Trd, 4318216.093, 92
Trd, 4318218.643, 98
Trd, 4318220.143, 98
Trd, 4318220.993, 96
Trd, 4318222.943, 93
Trd, 4318223.243, 99
Trd, 4318224.893, 90
Trd, 4318226.643, 94
Trd, 4318230.843, 94
Trd, 4318231.093, 93
Trd, 4318232.243, 97
Trd, 4318232.943, 97
Trd, 4318233.393, 97
Trd, 4318234.943, 95
Trd, 4318237.093, 104
Trd, 4318237.643, 93
Trd, 4318239.493, 99
Trd, 4318240.493, 92
Trd, 4318240.893, 91
Trd, 4318242.293, 93
Trd, 4318244.143, 95
Trd, 4318244.543, 90
Trd, 4318245.043, 93
Trd, 4318247.893, 93
Trd, 4318248.643, 92
Trd, 4318249.493, 111
Trd, 4318250.743, 96
Trd, 4318254.443, 94
Trd, 4318255.593, 94
Trd, 4318257.093, 91
Trd, 4318257.293, 104
Trd, 4318259.643, 96
Trd, 4318264.043, 91
Trd, 4318264.643, 95
Trd, 4318267.843, 89
Trd, 4318267.993, 97
Trd, 4318270.943, 94
Trd, 4318271.393, 94
Trd, 4318271.843, 93
Trd, 4318272.843, 91
Trd, 4318275.493, 96
Trd, 4318278.693, 94
Trd, 4318279.143, 94
Trd, 4318279.993, 94
Trd, 4318280.843, 96
Trd, 4318281.393, 92
Trd, 4318283.143, 92
Trd, 4318285.193, 96
Trd, 4318288.743, 95
Trd, 4318291.743, 92
Trd, 4318292.193, 95
Trd, 4318293.393, 91
Trd, 4318294.943, 96
Trd, 4318296.093, 89
Trd, 4318297.493, 88
Trd, 4318298.143, 88
Trd, 4318299.243, 94
Trd, 4318299.443, 94
Trd, 4318302.593, 84
Trd, 4318303.543, 86
Trd, 4318304.443, 89
Trd, 4318306.743, 91
Trd, 4318308.543, 90
Trd, 4318310.343, 91
Trd, 4318310.693, 89
Trd, 4318312.393, 95
Trd, 4318313.093, 98
Trd, 4318316.093, 94
Trd, 4318316.943, 91
Trd, 4318317.743, 90
Trd, 4318319.693, 100
Trd, 4318320.893, 92
Trd, 4318321.443, 89
Trd, 4318322.993, 99
Trd, 4318326.193, 92
Trd, 4318326.493, 96
Trd, 4318327.493, 93
Trd, 4318328.343, 93
Trd, 4318331.443, 92
Trd, 4318333.443, 93
Trd, 4318333.543, 92
Trd, 4318333.943, 91
Trd, 4318334.843, 94
Trd, 4318336.293, 93
Trd, 4318337.043, 95
Trd, 4318339.993, 96
Trd, 4318340.193, 91
Trd, 4318340.643, 113
Trd, 4318341.743, 93
Trd, 4318345.143, 92
Trd, 4318345.643, 95
Trd, 4318346.593, 85
Trd, 4318346.943, 98
Trd, 4318349.093, 104
Trd, 4318351.793, 96
Trd, 4318351.843, 94
Trd, 4318352.943, 96
Trd, 4318356.643, 95
Trd, 4318358.193, 93
Trd, 4318358.793, 95
Trd, 4318358.843, 93
Trd, 4318362.243, 94
Trd, 4318362.943, 98
Trd, 4318365.143, 95
Trd, 4318365.343, 104
Trd, 4318368.543, 95
Trd, 4318368.593, 93
Trd, 4318370.243, 96
Trd, 4318370.993, 95
Trd, 4318371.443, 92
Trd, 4318372.643, 91
Trd, 4318374.493, 95
Trd, 4318375.993, 94
Trd, 4318377.543, 91
Trd, 4318379.693, 94
Trd, 4318380.243, 94
Trd, 4318383.743, 96
Trd, 4318384.993, 97
Trd, 4318385.593, 95
Trd, 4318385.643, 94
Trd, 4318386.293, 102
Trd, 4318388.643, 96
Trd, 4318389.343, 88
Trd, 4318391.743, 91
Trd, 4318392.543, 96
Trd, 4318393.993, 94
Trd, 4318394.593, 100
Trd, 4318397.093, 93
Trd, 4318397.293, 92
Trd, 4318398.593, 97
Trd, 4318401.593, 91
Trd, 4318403.343, 92
Trd, 4318406.143, 89
Trd, 4318407.293, 92
Trd, 4318409.043, 99
Trd, 4318410.343, 92
Trd, 4318413.143, 90
Trd, 4318413.443, 91
Trd, 4318414.543, 90
Trd, 4318416.093, 92
Trd, 4318418.143, 96
Trd, 4318420.743, 101
Trd, 4318421.093, 95
Trd, 4318421.693, 92
Trd, 4318423.843, 94
Trd, 4318424.093, 95
Trd, 4318425.543, 103
Trd, 4318427.043, 109
Trd, 4318429.643, 103
Trd, 4318430.243, 97
Trd, 4318432.943, 100
Trd, 4318433.993, 102
Trd, 4318434.943, 95
Trd, 4318436.243, 100
Trd, 4318436.893, 91
Trd, 4318439.243, 93
Trd, 4318439.543, 92
Trd, 4318440.743, 91
Trd, 4318442.193, 96
Trd, 4318443.743, 89
Trd, 4318444.593, 94
Trd, 4318444.743, 85
Trd, 4318445.893, 83
Trd, 4318449.693, 94
Trd, 4318451.193, 94
Trd, 4318453.143, 93
Trd, 4318453.543, 93
Trd, 4318454.993, 93
Trd, 4318455.993, 81
Trd, 4318456.543, 91
Trd, 4318458.543, 97
Trd, 4318460.493, 88
Trd, 4318461.793, 98
Trd, 4318463.143, 93
Trd, 4318464.693, 94
Trd, 4318466.643, 94
Trd, 4318468.993, 101
Trd, 4318469.293, 94
Trd, 4318469.443, 93
Trd, 4318470.993, 102
Trd, 4318471.043, 98
Trd, 4318472.893, 99
Trd, 4318473.893, 86
Trd, 4318475.393, 95
Trd, 4318477.643, 85
Trd, 4318477.793, 110
Trd, 4318478.493, 96
Trd, 4318479.893, 97
Trd, 4318480.993, 101
Trd, 4318481.143, 86
Trd, 4318482.593, 105
Trd, 4318485.043, 95
Trd, 4318486.793, 103
Trd, 4318487.293, 98
Trd, 4318490.843, 96
Trd, 4318491.293, 98
Trd, 4318492.943, 96
Trd, 4318497.193, 98
Trd, 4318498.193, 98
Trd, 4318498.693, 90
Trd, 4318500.743, 93
Trd, 4318501.243, 96
Trd, 4318503.593, 95
Trd, 4318503.993, 92
Trd, 4318505.643, 98
Trd, 4318506.393, 104
Trd, 4318507.793, 111
Trd, 4318508.293, 108
Trd, 4318509.643, 104
Trd, 4318510.343, 90
Trd, 4318510.893, 103
Trd, 4318511.843, 99
Trd, 4318512.893, 93
Trd, 4318514.193, 95
Trd, 4318514.993, 99
Trd, 4318517.543, 104
Trd, 4318520.493, 94
Trd, 4318522.093, 94
Trd, 4318523.593, 93
Trd, 4318523.793, 95
Trd, 4318524.043, 96
Trd, 4318526.193, 90
Trd, 4318527.693, 90
Trd, 4318527.793, 104
Trd, 4318528.843, 95
Trd, 4318530.943, 88
Trd, 4318532.243, 91
Trd, 4318533.193, 91
Trd, 4318534.043, 99
Trd, 4318534.093, 97
Trd, 4318535.893, 104
Trd, 4318536.693, 100
Trd, 4318537.043, 98
Trd, 4318538.743, 95
Trd, 4318539.593, 96
Trd, 4318540.293, 96
Trd, 4318542.093, 100
Trd, 4318544.693, 98
Trd, 4318544.843, 93
Trd, 4318547.893, 91
Trd, 4318549.093, 97
Trd, 4318551.093, 94
Trd, 4318552.193, 100
Trd, 4318552.743, 91
Trd, 4318553.393, 94
Trd, 4318556.493, 94
Trd, 4318557.993, 94
Trd, 4318560.343, 93
Trd, 4318560.543, 93
Trd, 4318561.443, 99
Trd, 4318563.893, 91
Trd, 4318565.443, 91
Trd, 4318567.943, 94
Trd, 4318569.143, 94
Trd, 4318570.393, 94
Trd, 4318572.143, 90
Trd, 4318572.443, 89
Trd, 4318574.643, 94
Trd, 4318574.693, 88
Trd, 4318576.093, 85
Trd, 4318576.293, 94
Trd, 4318578.643, 85
Trd, 4318579.193, 92
Trd, 4318581.743, 84
Trd, 4318582.943, 89
Trd, 4318586.043, 89
Trd, 4318587.343, 101
Trd, 4318588.093, 96
Trd, 4318588.793, 104
Trd, 4318590.043, 94
Trd, 4318591.193, 91
Trd, 4318592.343, 91
Trd, 4318592.943, 85
Trd, 4318593.593, 96
Trd, 4318593.943, 91
Trd, 4318594.993, 93
Trd, 4318595.993, 97
Trd, 4318596.643, 104
Trd, 4318596.793, 95
Trd, 4318597.793, 94
Trd, 4318601.293, 97
Trd, 4318601.893, 96
Trd, 4318603.443, 95
Trd, 4318603.643, 96
Trd, 4318604.743, 95
Trd, 4318605.393, 93
Trd, 4318606.843, 102
Trd, 4318608.893, 98
Trd, 4318609.193, 104
Trd, 4318610.293, 98
Trd, 4318611.093, 96
Trd, 4318612.693, 95
Trd, 4318613.293, 83
Trd, 4318614.543, 88
Trd, 4318617.693, 98
Trd, 4318617.993, 98
Trd, 4318618.543, 98
Trd, 4318619.193, 94
Trd, 4318619.493, 94
Trd, 4318619.993, 98
Trd, 4318621.643, 101
Trd, 4318622.793, 99
Trd, 4318623.343, 98
Trd, 4318625.693, 102
Trd, 4318628.593, 91
Trd, 4318629.343, 97
Trd, 4318629.543, 97
Trd, 4318629.843, 104
Trd, 4318631.443, 97
Trd, 4318632.343, 102
Trd, 4318636.743, 102
Trd, 4318637.793, 95
Trd, 4318638.293, 98
Trd, 4318638.593, 101
Trd, 4318641.193, 95
Trd, 4318642.593, 99
Trd, 4318642.693, 94
Trd, 4318643.493, 99
Trd, 4318644.743, 106
Trd, 4318645.343, 85
Trd, 4318648.743, 94
Trd, 4318649.193, 98
Trd, 4318650.643, 98
Trd, 4318652.493, 96
Trd, 4318653.643, 97
Trd, 4318654.393, 94
Trd, 4318657.193, 98
Trd, 4318658.643, 95
Trd, 4318658.693, 90
Trd, 4318661.743, 93
Trd, 4318662.243, 90
Trd, 4318662.743, 93
Trd, 4318663.593, 86
Trd, 4318665.143, 95
Trd, 4318666.543, 94
Trd, 4318667.043, 104
Trd, 4318668.793, 95
Trd, 4318669.043, 97
Trd, 4318669.643, 85
Trd, 4318671.693, 100
Trd, 4318673.343, 103
Trd, 4318673.593, 101
Trd, 4318677.243, 98
Trd, 4318677.743, 95
Trd, 4318677.793, 94
Trd, 4318680.193, 97
Trd, 4318681.893, 109
Trd, 4318683.693, 106
Trd, 4318685.043, 103
Trd, 4318685.343, 101
Trd, 4318688.093, 101
Trd, 4318689.593, 97
Trd, 4318689.743, 104
Trd, 4318689.893, 113
Trd, 4318691.993, 93
Trd, 4318693.393, 94
Trd, 4318694.593, 100
Trd, 4318697.893, 99
Trd, 4318698.643, 95
Trd, 4318704.243, 94
Trd, 4318704.543, 96
Trd, 4318704.843, 93
Trd, 4318707.993, 96
Trd, 4318708.693, 95
Trd, 4318709.293, 93
Trd, 4318711.143, 95
Trd, 4318712.693, 92
Trd, 4318713.193, 91
Trd, 4318715.193, 93
Trd, 4318715.593, 93
Trd, 4318716.543, 90
Trd, 4318717.943, 97
Trd, 4318719.243, 93
Trd, 4318719.593, 93
Trd, 4318721.443, 104
Trd, 4318721.893, 92
Trd, 4318723.843, 94
Trd, 4318724.643, 90
Trd, 4318724.893, 81
Trd, 4318727.393, 86
Trd, 4318727.943, 98
Trd, 4318729.393, 85
Trd, 4318729.893, 91
Trd, 4318730.493, 92
Trd, 4318731.043, 104
Trd, 4318732.493, 91
Trd, 4318734.493, 95
Trd, 4318735.693, 93
Trd, 4318735.893, 83
Trd, 4318736.993, 96
Trd, 4318738.493, 89
Trd, 4318738.743, 96
Trd, 4318742.843, 94
Trd, 4318746.043, 93
Trd, 4318747.193, 90
Trd, 4318747.293, 93
Trd, 4318747.593, 93
Trd, 4318748.343, 90
Trd, 4318751.043, 93
Trd, 4318753.443, 90
Trd, 4318756.493, 92
Trd, 4318756.993, 92
Trd, 4318757.243, 92
Trd, 4318758.743, 95
Trd, 4318759.693, 92
Trd, 4318761.293, 83
Trd, 4318763.793, 92
Trd, 4318764.093, 93
Trd, 4318764.793, 101
Trd, 4318766.693, 111
Trd, 4318766.893, 91
Trd, 4318767.793, 107
Trd, 4318769.443, 95
Trd, 4318770.293, 98
Trd, 4318771.193, 100
Trd, 4318773.543, 104
Trd, 4318773.943, 105
Trd, 4318776.243, 99
Trd, 4318776.893, 95
Trd, 4318777.793, 95
Trd, 4318777.993, 94
Trd, 4318780.743, 91
Trd, 4318781.293, 95
Trd, 4318785.543, 92
Trd, 4318786.193, 94
Trd, 4318786.443, 92
Trd, 4318786.893, 91
Trd, 4318788.293, 103
Trd, 4318788.693, 104
Trd, 4318789.693, 99
Trd, 4318790.093, 97
Trd, 4318791.993, 94
Trd, 4318793.743, 92
Trd, 4318795.143, 97
Trd, 4318795.843, 93
Trd, 4318801.443, 99
Trd, 4318802.243, 98
Trd, 4318802.993, 99
Trd, 4318805.743, 85
Trd, 4318806.493, 96
Trd, 4318807.593, 94
Trd, 4318809.243, 104
Trd, 4318809.593, 98
Trd, 4318810.543, 98
Trd, 4318811.493, 95
Trd, 4318813.293, 103
Trd, 4318814.843, 110
Trd, 4318815.843, 109
Trd, 4318816.443, 106
Trd, 4318816.743, 112
Trd, 4318816.993, 97
Trd, 4318818.043, 104
Trd, 4318819.143, 98
Trd, 4318819.893, 94
Trd, 4318820.893, 102
Trd, 4318822.643, 98
Trd, 4318823.093, 101
Trd, 4318825.293, 96
Trd, 4318826.643, 92
Trd, 4318827.943, 100
Trd, 4318830.393, 99
Trd, 4318830.893, 89
Trd, 4318831.743, 97
Trd, 4318832.093, 90
Trd, 4318833.293, 95
Trd, 4318834.093, 88
Trd, 4318834.193, 102
Trd, 4318836.043, 103
Trd, 4318837.393, 102
Trd, 4318841.843, 100
Trd, 4318841.893, 98
Trd, 4318842.493, 96
Trd, 4318842.893, 97
Trd, 4318843.893, 94
Trd, 4318845.943, 95
Trd, 4318846.693, 99
Trd, 4318848.643, 84
Trd, 4318850.443, 94
Trd, 4318851.843, 93
Trd, 4318853.993, 94
Trd, 4318854.293, 94
Trd, 4318856.643, 93
Trd, 4318858.093, 93
Trd, 4318858.493, 94
Trd, 4318859.893, 94
Trd, 4318859.943, 87
Trd, 4318860.893, 99
Trd, 4318862.043, 89
Trd, 4318862.443, 103
Trd, 4318864.843, 96
Trd, 4318865.743, 93
Trd, 4318865.943, 95
Trd, 4318869.143, 94
Trd, 4318869.443, 96
Trd, 4318873.093, 92
Trd, 4318875.943, 95
Trd, 4318877.143, 90
Trd, 4318879.143, 95
Trd, 4318880.543, 87
Trd, 4318882.793, 95
Trd, 4318883.693, 97
Trd, 4318884.893, 101
Trd, 4318886.343, 100
Trd, 4318888.343, 99
Trd, 4318890.143, 104
Trd, 4318890.193, 95
Trd, 4318893.093, 98
Trd, 4318893.293, 94
Trd, 4318893.393, 99
Trd, 4318896.393, 93
Trd, 4318898.143, 94
Trd, 4318898.543, 97
Trd, 4318899.893, 96
Trd, 4318900.743, 96
Trd, 4318903.193, 95
Trd, 4318903.693, 97
Trd, 4318905.043, 93
Trd, 4318906.793, 95
Trd, 4318907.643, 86
Trd, 4318908.543, 99
Trd, 4318910.643, 97
Trd, 4318911.943, 98
Trd, 4318913.043, 110
Trd, 4318914.043, 106
Trd, 4318914.743, 106
Trd, 4318915.443, 94
Trd, 4318916.593, 84
Trd, 4318918.743, 90
Trd, 4318918.943, 93
Trd, 4318920.193, 89
Trd, 4318922.343, 92
Trd, 4318923.743, 88
Trd, 4318927.243, 92
Trd, 4318928.993, 93
Trd, 4318931.193, 88
Trd, 4318932.443, 92
Trd, 4318934.543, 97
Trd, 4318935.093, 95
Trd, 4318936.543, 96
Trd, 4318936.593, 95
Trd, 4318938.793, 94
Trd, 4318939.493, 98
Trd, 4318939.943, 94
Trd, 4318942.543, 95
Trd, 4318944.393, 97
Trd, 4318944.493, 87
Trd, 4318946.043, 96
Trd, 4318946.743, 90
Trd, 4318949.593, 101
Trd, 4318949.893, 94
Trd, 4318951.793, 88
Trd, 4318951.893, 94
Trd, 4318955.843, 92
Trd, 4318956.593, 96
Trd, 4318957.243, 91
Trd, 4318958.043, 94
Trd, 4318959.243, 91
Trd, 4318959.893, 95
Trd, 4318960.693, 95
Trd, 4318962.943, 95
Trd, 4318965.343, 94
Trd, 4318967.293, 93
Trd, 4318967.693, 93
Trd, 4318967.743, 94
Trd, 4318970.593, 98
Trd, 4318972.993, 100
Trd, 4318973.293, 98
Trd, 4318975.993, 98
Trd, 4318976.493, 94
Trd, 4318977.793, 95
Trd, 4318977.993, 96
Trd, 4318979.693, 85
Trd, 4318981.943, 93
Trd, 4318982.693, 88
Trd, 4318984.693, 94
Trd, 4318985.043, 93
Trd, 4318989.843, 93
Trd, 4318989.943, 89
Trd, 4318991.993, 90
Trd, 4318992.743, 93
Trd, 4318994.293, 90
Trd, 4318995.493, 100
Trd, 4318995.893, 99
Trd, 4318999.143, 97
Trd, 4318999.193, 98
Trd, 4319003.093, 95
Trd, 4319005.543, 97
Trd, 4319005.993, 92
Trd, 4319007.243, 96
Trd, 4319008.893, 98
Trd, 4319009.643, 96
Trd, 4319011.343, 96
Trd, 4319013.493, 96
Trd, 4319014.693, 97
Trd, 4319015.543, 94
Trd, 4319017.893, 100
Trd, 4319018.293, 100
Trd, 4319020.943, 101
Trd, 4319021.093, 99
Trd, 4319021.343, 93
Trd, 4319022.043, 100
Trd, 4319023.093, 98
Trd, 4319026.493, 97
Trd, 4319026.743, 94
Trd, 4319027.293, 92
Trd, 4319030.593, 95
Trd, 4319031.843, 96
Trd, 4319032.243, 95
Trd, 4319034.493, 96
Trd, 4319036.143, 101
Trd, 4319037.243, 94
Trd, 4319038.543, 100
Trd, 4319040.043, 99
Trd, 4319041.543, 98
Trd, 4319041.943, 95
Trd, 4319043.693, 106
Trd, 4319044.293, 104
Trd, 4319044.943, 109
Trd, 4319047.043, 101
Trd, 4319049.193, 94
Trd, 4319050.943, 98
Trd, 4319051.443, 92
Trd, 4319052.993, 98
Trd, 4319055.543, 95
Trd, 4319055.993, 93
Trd, 4319056.643, 84
Trd, 4319059.343, 95
Trd, 4319061.343, 95
Trd, 4319064.293, 97
Trd, 4319064.593, 89
Trd, 4319064.993, 95
Trd, 4319065.993, 103
Trd, 4319066.943, 103
Trd, 4319067.593, 97
Trd, 4319068.843, 101
Trd, 4319070.193, 110
Trd, 4319070.793, 107
Trd, 4319071.343, 101
Trd, 4319072.893, 104
Trd, 4319074.693, 100
Trd, 4319076.593, 112
Trd, 4319077.493, 102
Trd, 4319078.393, 103
Trd, 4319079.743, 105
Trd, 4319080.843, 101
Trd, 4319084.593, 93
Trd, 4319085.293, 97
Trd, 4319085.693, 98
Trd, 4319087.293, 100
Trd, 4319088.743, 98
Trd, 4319089.343, 96
Trd, 4319092.093, 97
Trd, 4319093.043, 96
Trd, 4319094.193, 95
Trd, 4319094.943, 96
Trd, 4319095.193, 94
Trd, 4319100.493, 95
Trd, 4319101.543, 96
Trd, 4319103.693, 96
Trd, 4319104.393, 93
Trd, 4319107.293, 99
Trd, 4319108.143, 101
Trd, 4319108.593, 99
Trd, 4319109.243, 83
Trd, 4319109.693, 102
Trd, 4319109.793, 77
Trd, 4319112.993, 92
Trd, 4319115.743, 97
Trd, 4319116.893, 91
Trd, 4319118.993, 92
Trd, 4319119.043, 97
Trd, 4319120.243, 97
Trd, 4319120.543, 100
Trd, 4319122.593, 97
Trd, 4319122.643, 104
Trd, 4319123.643, 93
Trd, 4319124.843, 100
Trd, 4319127.943, 98
Trd, 4319130.393, 95
Trd, 4319130.443, 98
Trd, 4319131.293, 94
Trd, 4319134.293, 95
Trd, 4319134.993, 94
Trd, 4319138.743, 101
Trd, 4319139.743, 101
Trd, 4319140.093, 100
Trd, 4319142.243, 94
Trd, 4319142.893, 101
Trd, 4319143.993, 93
Trd, 4319144.243, 96
Trd, 4319145.693, 96
Trd, 4319146.543, 85
Trd, 4319147.043, 96
Trd, 4319149.943, 92
Trd, 4319152.243, 99
Trd, 4319152.593, 100
Trd, 4319152.943, 97
Trd, 4319153.893, 104
Trd, 4319154.343, 97
Trd, 4319155.043, 94
Trd, 4319159.743, 94
Trd, 4319159.993, 96
Trd, 4319160.143, 96
Trd, 4319161.243, 96
Trd, 4319162.243, 95
Trd, 4319162.943, 93
Trd, 4319163.393, 96
Trd, 4319166.893, 93
Trd, 4319168.893, 100
Trd, 4319169.043, 95
Trd, 4319169.293, 92
Trd, 4319169.993, 91
Trd, 4319170.693, 103
Trd, 4319173.493, 95
Trd, 4319174.293, 84
Trd, 4319174.493, 97
Trd, 4319175.043, 82
Trd, 4319178.443, 97
Trd, 4319180.093, 96
Trd, 4319181.443, 94
Trd, 4319182.143, 97
Trd, 4319182.993, 95
Trd, 4319183.693, 104
Trd, 4319184.493, 97
Trd, 4319185.843, 104
Trd, 4319186.993, 111
Trd, 4319188.343, 99
Trd, 4319192.893, 93
Trd, 4319193.293, 97
Trd, 4319194.143, 97
Trd, 4319197.593, 97
Trd, 4319198.993, 94
Trd, 4319200.043, 93
Trd, 4319200.143, 98
Trd, 4319202.093, 97
Trd, 4319204.193, 98
Trd, 4319206.143, 94
Trd, 4319206.593, 96
Trd, 4319206.893, 92
Trd, 4319207.993, 96
Trd, 4319208.893, 96
Trd, 4319209.143, 91
Trd, 4319211.593, 96
Trd, 4319213.643, 97
Trd, 4319214.143, 95
Trd, 4319215.193, 96
Trd, 4319217.493, 96
Trd, 4319219.593, 101
Trd, 4319220.693, 81
Trd, 4319221.493, 93
Trd, 4319222.893, 100
Trd, 4319224.343, 96
Trd, 4319226.343, 95
Trd, 4319227.343, 93
Trd, 4319228.893, 98
Trd, 4319231.243, 92
Trd, 4319232.193, 96
Trd, 4319235.143, 90
Trd, 4319235.393, 97
Trd, 4319239.143, 95
Trd, 4319239.793, 97
Trd, 4319240.343, 93
Trd, 4319241.193, 93
Trd, 4319241.443, 96
Trd, 4319243.143, 96
Trd, 4319244.493, 93
Trd, 4319245.043, 96
Trd, 4319247.293, 95
Trd, 4319247.393, 93
Trd, 4319249.043, 101
Trd, 4319250.493, 113
Trd, 4319251.343, 109
Trd, 4319252.993, 95
Trd, 4319255.193, 98
Trd, 4319257.793, 98
Trd, 4319257.893, 100
Trd, 4319258.793, 96
Trd, 4319259.743, 97
Trd, 4319262.043, 95
Trd, 4319264.043, 99
Trd, 4319265.443, 96
Trd, 4319265.543, 97
Trd, 4319266.493, 93
Trd, 4319268.193, 98
Trd, 4319269.293, 112
Trd, 4319270.943, 103
Trd, 4319272.643, 110
Trd, 4319273.343, 107
Trd, 4319276.643, 92
Trd, 4319276.993, 95
Trd, 4319277.593, 96
Trd, 4319281.093, 98
Trd, 4319281.793, 97
Trd, 4319282.693, 96
Trd, 4319283.693, 97
Trd, 4319288.743, 96
Trd, 4319289.343, 95
Trd, 4319289.643, 93
Trd, 4319290.693, 93
Trd, 4319292.693, 80
Trd, 4319294.143, 81
Trd, 4319294.243, 94
Trd, 4319294.493, 107
Trd, 4319297.093, 100
Trd, 4319297.543, 100
Trd, 4319300.693, 99
Trd, 4319300.943, 94
Trd, 4319303.093, 94
Trd, 4319303.643, 96
Trd, 4319305.343, 98
Trd, 4319305.893, 96
Trd, 4319307.093, 93
Trd, 4319311.243, 94
Trd, 4319311.843, 96
Trd, 4319311.943, 98
Trd, 4319312.943, 101
Trd, 4319313.193, 94
Trd, 4319313.893, 104
Trd, 4319316.443, 99
Trd, 4319317.243, 81
Trd, 4319319.943, 97
Trd, 4319322.093, 98
Trd, 4319322.893, 95
Trd, 4319324.393, 95
Trd, 4319325.943, 96
Trd, 4319327.293, 95
Trd, 4319327.793, 96
Trd, 4319330.243, 94
Trd, 4319331.243, 96
Trd, 4319331.443, 97
Trd, 4319332.293, 98
Trd, 4319333.143, 93
Trd, 4319334.093, 102
Trd, 4319336.193, 109
Trd, 4319336.343, 96
Trd, 4319337.493, 98
Trd, 4319340.893, 94
Trd, 4319341.593, 97
Trd, 4319343.643, 92
Trd, 4319346.493, 96
Trd, 4319348.193, 92
Trd, 4319349.093, 90
Trd, 4319354.193, 100
Trd, 4319355.193, 94
Trd, 4319356.543, 92
Trd, 4319356.593, 91
Trd, 4319356.793, 94
Trd, 4319359.793, 94
Trd, 4319363.293, 94
Trd, 4319364.043, 91
Trd, 4319366.293, 94
Trd, 4319366.393, 94
Trd, 4319366.943, 91
Trd, 4319368.193, 96
Trd, 4319370.543, 86
Trd, 4319371.243, 87
Trd, 4319372.843, 93
Trd, 4319376.543, 93
Trd, 4319378.643, 95
Trd, 4319379.393, 94
Trd, 4319380.843, 92
Trd, 4319381.093, 85
Trd, 4319381.143, 95
Trd, 4319381.593, 95
Trd, 4319382.893, 93
Trd, 4319383.993, 100
Trd, 4319384.943, 93
Trd, 4319385.193, 91
Trd, 4319385.943, 111
Trd, 4319386.843, 111
Trd, 4319388.243, 109
Trd, 4319391.543, 108
Trd, 4319392.493, 105
Trd, 4319393.193, 103
Trd, 4319396.193, 101
Trd, 4319398.443, 106
Trd, 4319401.243, 97
Trd, 4319402.043, 98
Trd, 4319403.443, 100
Trd, 4319405.043, 98
Trd, 4319405.793, 97
Trd, 4319406.493, 96
Trd, 4319408.693, 93
Trd, 4319408.743, 85
Trd, 4319409.493, 112
Trd, 4319410.943, 97
Trd, 4319412.093, 104
Trd, 4319412.143, 98
Trd, 4319413.943, 99
Trd, 4319416.093, 99
Trd, 4319416.743, 94
Trd, 4319417.043, 95
Trd, 4319417.743, 98
Trd, 4319420.093, 97
Trd, 4319420.843, 99
Trd, 4319421.543, 96
Trd, 4319425.093, 97
Trd, 4319425.943, 94
Trd, 4319426.343, 97
Trd, 4319428.393, 94
Trd, 4319429.793, 94
Trd, 4319429.943, 92
Trd, 4319430.793, 101
Trd, 4319432.193, 83
Trd, 4319436.243, 92
Trd, 4319436.593, 86
Trd, 4319438.743, 99
Trd, 4319438.843, 104
Trd, 4319439.493, 95
Trd, 4319441.893, 95
Trd, 4319442.293, 103
Trd, 4319442.493, 94
Trd, 4319444.093, 104
Trd, 4319444.193, 104
Trd, 4319446.843, 102
Trd, 4319447.693, 97
Trd, 4319449.093, 105
Trd, 4319452.093, 93
Trd, 4319452.143, 91
Trd, 4319453.443, 99
Trd, 4319453.743, 97
Trd, 4319455.293, 83
Trd, 4319455.693, 84
Trd, 4319459.293, 87
Trd, 4319460.443, 92
Trd, 4319462.893, 91
Trd, 4319463.743, 90
Trd, 4319465.093, 91
Trd, 4319467.343, 92
Trd, 4319470.143, 90
Trd, 4319470.843, 91
Trd, 4319470.993, 89
Trd, 4319472.293, 87
Trd, 4319472.393, 91
Trd, 4319473.043, 91
Trd, 4319477.043, 96
Trd, 4319479.093, 91
Trd, 4319479.443, 96
Trd, 4319480.093, 94
Trd, 4319481.743, 102
Trd, 4319482.243, 91
Trd, 4319482.843, 101
Trd, 4319483.293, 104
Trd, 4319483.943, 99
Trd, 4319485.793, 99
Trd, 4319490.143, 96
Trd, 4319490.543, 97
Trd, 4319493.243, 98
Trd, 4319493.693, 96
Trd, 4319493.793, 94
Trd, 4319495.693, 98
Trd, 4319496.193, 104
Trd, 4319497.943, 95
Trd, 4319499.493, 94
Trd, 4319499.843, 96
Trd, 4319501.243, 93
Trd, 4319502.743, 91
Trd, 4319502.843, 89
Trd, 4319506.793, 95
Trd, 4319507.393, 95
Trd, 4319508.743, 95
Trd, 4319509.343, 95
Trd, 4319513.493, 95
Trd, 4319514.143, 93
Trd, 4319515.193, 102
Trd, 4319515.843, 104
Trd, 4319518.593, 96
Trd, 4319521.043, 97
Trd, 4319521.943, 99
Trd, 4319522.293, 97
Trd, 4319524.943, 98
Trd, 4319525.393, 95
Trd, 4319527.243, 98
Trd, 4319527.893, 96
Trd, 4319529.293, 97
Trd, 4319530.143, 94
Trd, 4319530.243, 85
Trd, 4319530.743, 104
Trd, 4319531.643, 103
Trd, 4319532.793, 90
Trd, 4319536.393, 97
Trd, 4319536.443, 99
Trd, 4319539.743, 92
Trd, 4319540.643, 97
Trd, 4319541.243, 84
Trd, 4319542.193, 89
Trd, 4319543.243, 104
Trd, 4319546.743, 89
Trd, 4319547.043, 92
Trd, 4319549.493, 88
Trd, 4319552.343, 89
Trd, 4319553.593, 87
Trd, 4319555.043, 85
Trd, 4319555.143, 89
Trd, 4319557.093, 95
Trd, 4319557.443, 94
Trd, 4319558.743, 94
Trd, 4319560.493, 95
Trd, 4319560.993, 88
Trd, 4319561.693, 91
Trd, 4319563.043, 89
Trd, 4319565.843, 90
Trd, 4319567.143, 89
Trd, 4319567.993, 93
Trd, 4319568.493, 94
Trd, 4319568.893, 100
Trd, 4319569.293, 84
Trd, 4319570.443, 83
Trd, 4319571.593, 90
Trd, 4319571.793, 85
Trd, 4319574.793, 84
Trd, 4319575.693, 101
Trd, 4319576.043, 104
Trd, 4319576.243, 96
Trd, 4319577.643, 109
Trd, 4319578.493, 105
Trd, 4319578.743, 102
Trd, 4319583.393, 94
Trd, 4319584.043, 97
Trd, 4319584.243, 99
Trd, 4319584.543, 102
Trd, 4319585.393, 92
Trd, 4319585.593, 100
Trd, 4319589.943, 94
Trd, 4319590.893, 99
Trd, 4319595.393, 98
Trd, 4319597.393, 95
Trd, 4319598.493, 98
Trd, 4319600.593, 95
Trd, 4319601.293, 94
Trd, 4319601.443, 97
Trd, 4319602.143, 92
Trd, 4319603.093, 97
Trd, 4319606.743, 93
Trd, 4319606.893, 94
Trd, 4319608.493, 90
Trd, 4319608.893, 94
Trd, 4319611.993, 94
Trd, 4319612.093, 89
Trd, 4319613.493, 89
Trd, 4319614.693, 93
Trd, 4319616.293, 100
Trd, 4319617.143, 84
Trd, 4319618.693, 93
Trd, 4319620.793, 101
Trd, 4319621.593, 94
Trd, 4319621.993, 83
Trd, 4319624.343, 96
Trd, 4319624.493, 97
Trd, 4319625.393, 94
Trd, 4319626.393, 92
Trd, 4319627.493, 100
Trd, 4319628.743, 95
Trd, 4319631.493, 96
Trd, 4319633.143, 99
Trd, 4319633.593, 98
Trd, 4319634.393, 99
Trd, 4319634.443, 93
Trd, 4319638.443, 91
Trd, 4319639.143, 98
Trd, 4319640.893, 92
Trd, 4319642.743, 90
Trd, 4319643.043, 95
Trd, 4319643.543, 104
Trd, 4319644.493, 95
Trd, 4319647.993, 95
Trd, 4319649.243, 99
Trd, 4319650.343, 108
Trd, 4319652.993, 106
Trd, 4319653.543, 105
Trd, 4319654.693, 98
Trd, 4319656.293, 99
Trd, 4319656.943, 87
Trd, 4319659.743, 88
Trd, 4319660.793, 96
Trd, 4319660.893, 98
Trd, 4319664.393, 104
Trd, 4319664.443, 103
Trd, 4319666.943, 94
Trd, 4319666.993, 95
Trd, 4319669.143, 95
Trd, 4319669.393, 93
Trd, 4319669.493, 95
Trd, 4319670.493, 101
Trd, 4319671.343, 96
Trd, 4319673.593, 94
Trd, 4319674.243, 96
Trd, 4319675.943, 85
Trd, 4319677.143, 99
Trd, 4319678.543, 95
Trd, 4319680.093, 95
Trd, 4319682.643, 94
Trd, 4319682.793, 95
Trd, 4319682.993, 94
Trd, 4319685.643, 93
Trd, 4319685.743, 95
Trd, 4319686.043, 100
Trd, 4319689.193, 95
Trd, 4319689.743, 95
Trd, 4319689.943, 92
Trd, 4319690.293, 91
Trd, 4319691.843, 104
Trd, 4319693.543, 98
Trd, 4319694.543, 97
Trd, 4319695.843, 96
Trd, 4319697.893, 83
Trd, 4319698.343, 94
Trd, 4319701.043, 90
Trd, 4319701.693, 89
Trd, 4319705.493, 93
Trd, 4319706.743, 93
Trd, 4319707.743, 104
Trd, 4319709.943, 93
Trd, 4319710.143, 100
Trd, 4319710.643, 99
Trd, 4319711.993, 99
Trd, 4319712.343, 85
Trd, 4319714.293, 90
Trd, 4319716.193, 99
Trd, 4319717.443, 98
Trd, 4319720.593, 97
Trd, 4319721.493, 95
Trd, 4319722.343, 94
Trd, 4319724.943, 96
Trd, 4319726.143, 93
Trd, 4319728.793, 91
Trd, 4319730.093, 101
Trd, 4319731.793, 90
Trd, 4319732.893, 84
Trd, 4319733.043, 92
Trd, 4319734.993, 104
Trd, 4319736.793, 89
Trd, 4319739.143, 93
Trd, 4319739.943, 97
Trd, 4319740.343, 104
Trd, 4319744.093, 97
Trd, 4319744.143, 94
Trd, 4319745.193, 94
Trd, 4319748.143, 92
Trd, 4319748.243, 104
Trd, 4319748.493, 99
Trd, 4319750.043, 96
Trd, 4319755.193, 91
Trd, 4319755.493, 96
Trd, 4319759.293, 96
Trd, 4319759.393, 90
Trd, 4319761.893, 94
Trd, 4319761.943, 89
Trd, 4319762.093, 100
Trd, 4319762.493, 107
Trd, 4319764.243, 98
Trd, 4319764.843, 96
Trd, 4319766.443, 96
Trd, 4319767.743, 92
Trd, 4319767.893, 96
Trd, 4319772.693, 94
Trd, 4319773.193, 96
Trd, 4319773.343, 95
Trd, 4319776.343, 93
Trd, 4319778.743, 93
Trd, 4319780.793, 95
Trd, 4319782.043, 91
Trd, 4319783.093, 95
Trd, 4319784.043, 93
Trd, 4319787.443, 92
Trd, 4319788.943, 95
Trd, 4319790.193, 91
Trd, 4319790.443, 95
Trd, 4319791.093, 98
Trd, 4319796.593, 90
Trd, 4319796.793, 95
Trd, 4319796.943, 95
Trd, 4319797.393, 98
Trd, 4319798.293, 96
Trd, 4319799.393, 100
Trd, 4319801.243, 104
Trd, 4319801.393, 102
Trd, 4319805.343, 94
Trd, 4319805.793, 100
Trd, 4319806.543, 97
Trd, 4319807.543, 96
Trd, 4319808.543, 97
Trd, 4319810.293, 96
Trd, 4319811.143, 95
Trd, 4319811.243, 97
Trd, 4319815.143, 93
Trd, 4319815.643, 97
Trd, 4319816.943, 98
Trd, 4319821.093, 95
Trd, 4319821.643, 94
Trd, 4319822.043, 83
Trd, 4319823.343, 97
Trd, 4319827.493, 104
Trd, 4319827.943, 97
Trd, 4319827.993, 95
Trd, 4319828.493, 94
Trd, 4319830.393, 95
Trd, 4319831.943, 98
Trd, 4319833.243, 95
Trd, 4319834.093, 88
Trd, 4319835.543, 94
Trd, 4319838.843, 92
Trd, 4319841.593, 93
Trd, 4319842.343, 94
Trd, 4319843.343, 94
Trd, 4319843.393, 93
Trd, 4319844.143, 101
Trd, 4319844.943, 94
Trd, 4319847.493, 95
Trd, 4319849.443, 95
Trd, 4319850.243, 94
Trd, 4319851.043, 95
Trd, 4319854.343, 95
Trd, 4319854.593, 94
Trd, 4319856.893, 95
Trd, 4319856.943, 93
Trd, 4319857.093, 98
Trd, 4319857.293, 89
Trd, 4319860.643, 90
Trd, 4319863.443, 91
Trd, 4319863.793, 94
Trd, 4319864.643, 94
Trd, 4319866.043, 97
Trd, 4319866.743, 90
Trd, 4319868.743, 89
Trd, 4319868.943, 94
Trd, 4319870.193, 96
Trd, 4319870.743, 104
Trd, 4319871.843, 95
Trd, 4319872.993, 95
Trd, 4319875.143, 94
Trd, 4319877.993, 94
Trd, 4319878.743, 100
Trd, 4319879.643, 100
Trd, 4319880.193, 97
Trd, 4319880.343, 99
Trd, 4319882.443, 99
Trd, 4319885.093, 97
Trd, 4319886.693, 93
Trd, 4319888.493, 94
Trd, 4319889.343, 94
Trd, 4319891.093, 96
Trd, 4319893.743, 94
Trd, 4319894.393, 93
Trd, 4319897.843, 95
Trd, 4319898.693, 92
Trd, 4319898.893, 94
Trd, 4319898.943, 102
Trd, 4319901.343, 93
Trd, 4319903.293, 83
Trd, 4319903.493, 93
Trd, 4319905.243, 93
Trd, 4319908.243, 93
Trd, 4319909.293, 89
Trd, 4319911.993, 103
Trd, 4319912.493, 102
Trd, 4319912.993, 101
Trd, 4319913.343, 99
Trd, 4319914.493, 95
Trd, 4319915.493, 110
Trd, 4319917.093, 102
Trd, 4319917.993, 101
Trd, 4319921.193, 98
Trd, 4319921.993, 97
Trd, 4319923.443, 99
Trd, 4319923.893, 94
Trd, 4319926.593, 94
Trd, 4319927.943, 96
Trd, 4319928.893, 100
Trd, 4319929.093, 95
Trd, 4319929.593, 100
Trd, 4319931.793, 100
Trd, 4319933.943, 99
Trd, 4319934.543, 98
Trd, 4319935.493, 100
Trd, 4319935.593, 94
Trd, 4319937.593, 98
Trd, 4319941.193, 98
Trd, 4319943.093, 99
Trd, 4319944.243, 98
Trd, 4319944.543, 94
Trd, 4319944.893, 99
Trd, 4319946.443, 100
Trd, 4319947.393, 96
Trd, 4319949.143, 93
Trd, 4319950.493, 92
Trd, 4319950.593, 104
Trd, 4319953.493, 96
Trd, 4319953.593, 92
Trd, 4319957.543, 96
Trd, 4319960.293, 96
Trd, 4319960.343, 90
Trd, 4319961.893, 96
Trd, 4319962.943, 90
Trd, 4319963.293, 85
Trd, 4319964.243, 96
Trd, 4319965.543, 98
Trd, 4319967.593, 95
Trd, 4319967.943, 103
Trd, 4319969.193, 104
Trd, 4319969.443, 101
Trd, 4319969.493, 93
Trd, 4319971.993, 84
Trd, 4319972.893, 100
Trd, 4319973.693, 90
Trd, 4319974.993, 94
Trd, 4319975.593, 88
Trd, 4319979.193, 98
Trd, 4319981.693, 87
Trd, 4319983.293, 92
Trd, 4319984.293, 93
Trd, 4319984.343, 100
Trd, 4319988.793, 94
Trd, 4319989.643, 94
Trd, 4319990.593, 98
Trd, 4319992.043, 92
Trd, 4319993.993, 93
Trd, 4319995.443, 92
Trd, 4319996.943, 95
Trd, 4319998.043, 94
Trd, 4319998.543, 94
Trd, 4319999.743, 96
Trd, 4319999.843, 89
