Trd, 4317841.643, 117
Trd, 4317843.393, 104
Trd, 4317844.843, 105
Trd, 4317846.043, 102
Trd, 4317846.793, 94
Trd, 4317847.993, 96
Trd, 4317848.793, 100
Trd, 4317851.193, 95
Trd, 4317851.943, 94
Trd, 4317852.993, 96
Trd, 4317853.993, 95
Trd, 4317855.043, 94
Trd, 4317855.243, 122
Trd, 4317858.593, 103
Trd, 4317858.993, 98
Trd, 4317859.893, 105
Trd, 4317863.393, 101
Trd, 4317864.143, 103
Trd, 4317868.493, 98
Trd, 4317869.193, 98
Trd, 4317872.093, 98
Trd, 4317873.743, 96
Trd, 4317874.043, 97
Trd, 4317874.493, 98
Trd, 4317874.943, 86
Trd, 4317877.243, 94
Trd, 4317877.493, 92
Trd, 4317878.693, 95
Trd, 4317880.093, 93
Trd, 4317880.193, 122
Trd, 4317883.493, 104
Trd, 4317884.143, 102
Trd, 4317884.993, 117
Trd, 4317888.543, 95
Trd, 4317889.743, 103
Trd, 4317889.993, 104
Trd, 4317891.743, 102
Trd, 4317892.243, 94
Trd, 4317893.243, 103
Trd, 4317894.993, 97
Trd, 4317895.443, 98
Trd, 4317896.743, 97
Trd, 4317897.993, 98
Trd, 4317900.193, 97
Trd, 4317901.643, 96
Trd, 4317901.943, 95
Trd, 4317903.493, 96
Trd, 4317904.493, 104
Trd, 4317906.293, 100
Trd, 4317908.143, 99
Trd, 4317909.243, 113
Trd, 4317910.693, 98
Trd, 4317912.843, 101
Trd, 4317913.043, 103
Trd, 4317915.093, 104
Trd, 4317917.593, 99
Trd, 4317917.943, 102
Trd, 4317920.343, 105
Trd, 4317921.143, 104
Trd, 4317921.843, 104
Trd, 4317924.743, 102
Trd, 4317924.793, 104
Trd, 4317926.693, 104
Trd, 4317927.543, 105
Trd, 4317929.643, 104
Trd, 4317932.543, 104
Trd, 4317932.793, 103
Trd, 4317939.093, 102
Trd, 4317940.443, 105
Trd, 4317940.593, 104
Trd, 4317942.943, 105
Trd, 4317943.093, 104
Trd, 4317945.693, 105
Trd, 4317946.543, 104
Trd, 4317949.543, 102
Trd, 4317950.443, 102
Trd, 4317951.343, 101
Trd, 4317953.243, 117
Trd, 4317953.493, 111
Trd, 4317953.793, 108
Trd, 4317958.293, 110
Trd, 4317960.093, 108
Trd, 4317961.043, 108
Trd, 4317961.193, 104
Trd, 4317961.593, 108
Trd, 4317963.843, 103
Trd, 4317963.993, 122
Trd, 4317965.593, 103
Trd, 4317966.443, 104
Trd, 4317968.393, 108
Trd, 4317969.643, 103
Trd, 4317970.243, 104
Trd, 4317972.243, 104
Trd, 4317972.943, 101
Trd, 4317973.593, 102
Trd, 4317973.793, 122
Trd, 4317977.993, 104
Trd, 4317978.043, 99
Trd, 4317978.643, 103
Trd, 4317981.493, 101
Trd, 4317981.993, 99
Trd, 4317982.143, 94
Trd, 4317982.843, 101
Trd, 4317984.743, 95
Trd, 4317986.543, 95
Trd, 4317989.593, 95
Trd, 4317990.493, 95
Trd, 4317991.743, 95
Trd, 4317992.843, 94
Trd, 4317993.493, 95
Trd, 4317996.193, 104
Trd, 4317996.893, 93
Trd, 4317997.393, 97
Trd, 4317998.193, 93
Trd, 4317998.593, 94
Trd, 4317999.743, 88
Trd, 4317999.893, 90
Trd, 4318003.293, 90
Trd, 4318004.893, 90
Trd, 4318005.693, 89
Trd, 4318006.593, 90
Trd, 4318008.693, 90
Trd, 4318008.893, 90
Trd, 4318012.193, 90
Trd, 4318012.643, 86
Trd, 4318014.293, 90
Trd, 4318015.543, 95
Trd, 4318016.843, 93
Trd, 4318018.093, 106
Trd, 4318020.043, 106
Trd, 4318021.093, 113
Trd, 4318021.893, 102
Trd, 4318024.643, 100
Trd, 4318024.993, 100
Trd, 4318026.793, 94
Trd, 4318026.893, 100
Trd, 4318028.943, 97
Trd, 4318031.093, 93
Trd, 4318031.243, 95
Trd, 4318032.243, 94
Trd, 4318034.493, 115
Trd, 4318036.093, 103
Trd, 4318037.043, 100
Trd, 4318038.343, 99
Trd, 4318038.693, 99
Trd, 4318038.743, 98
Trd, 4318041.443, 95
Trd, 4318043.293, 95
Trd, 4318044.393, 95
Trd, 4318046.043, 94
Trd, 4318046.593, 95
Trd, 4318047.443, 95
Trd, 4318048.043, 95
Trd, 4318051.793, 117
Trd, 4318052.193, 108
Trd, 4318053.693, 104
Trd, 4318054.493, 93
Trd, 4318055.143, 105
Trd, 4318058.593, 97
Trd, 4318059.443, 97
Trd, 4318060.993, 97
Trd, 4318061.243, 98
Trd, 4318062.943, 93
Trd, 4318063.493, 93
Trd, 4318065.493, 93
Trd, 4318066.293, 93
Trd, 4318066.593, 90
Trd, 4318068.793, 104
Trd, 4318068.943, 121
Trd, 4318069.843, 101
Trd, 4318070.293, 101
Trd, 4318072.193, 100
Trd, 4318073.943, 98
Trd, 4318078.193, 97
Trd, 4318079.293, 93
Trd, 4318079.393, 93
Trd, 4318081.543, 86
Trd, 4318081.843, 93
Trd, 4318081.993, 95
Trd, 4318085.193, 94
Trd, 4318086.993, 95
Trd, 4318091.543, 92
Trd, 4318093.593, 95
Trd, 4318094.193, 95
Trd, 4318095.343, 95
Trd, 4318095.493, 108
Trd, 4318097.293, 99
Trd, 4318099.843, 97
Trd, 4318102.543, 95
Trd, 4318104.493, 92
Trd, 4318105.143, 92
Trd, 4318106.093, 92
Trd, 4318107.243, 92
Trd, 4318107.893, 95
Trd, 4318108.893, 91
Trd, 4318109.143, 94
Trd, 4318112.243, 89
Trd, 4318113.443, 88
Trd, 4318114.743, 88
Trd, 4318115.593, 95
Trd, 4318115.693, 106
Trd, 4318116.593, 94
Trd, 4318117.593, 95
Trd, 4318119.693, 113
Trd, 4318119.893, 104
Trd, 4318123.293, 108
Trd, 4318124.143, 113
Trd, 4318124.493, 108
Trd, 4318126.643, 104
Trd, 4318128.393, 104
Trd, 4318129.143, 109
Trd, 4318130.743, 105
Trd, 4318134.093, 104
Trd, 4318134.993, 104
Trd, 4318136.243, 104
Trd, 4318137.843, 99
Trd, 4318139.243, 94
Trd, 4318141.543, 98
Trd, 4318141.593, 99
Trd, 4318144.043, 98
Trd, 4318145.343, 97
Trd, 4318147.893, 95
Trd, 4318149.193, 96
Trd, 4318149.343, 97
Trd, 4318150.043, 95
Trd, 4318151.393, 95
Trd, 4318154.293, 93
Trd, 4318154.543, 95
Trd, 4318154.743, 96
Trd, 4318156.843, 92
Trd, 4318157.793, 89
Trd, 4318159.643, 95
Trd, 4318161.443, 95
Trd, 4318163.743, 93
Trd, 4318165.743, 89
Trd, 4318166.143, 92
Trd, 4318166.543, 93
Trd, 4318167.293, 95
Trd, 4318169.293, 94
Trd, 4318174.643, 94
Trd, 4318175.193, 93
Trd, 4318175.343, 93
Trd, 4318176.293, 90
Trd, 4318178.743, 92
Trd, 4318181.493, 92
Trd, 4318182.493, 92
Trd, 4318182.793, 122
Trd, 4318184.593, 100
Trd, 4318185.493, 108
Trd, 4318186.393, 119
Trd, 4318187.293, 94
Trd, 4318189.493, 106
Trd, 4318192.643, 105
Trd, 4318193.143, 99
Trd, 4318193.743, 104
Trd, 4318197.993, 94
Trd, 4318198.193, 95
Trd, 4318198.993, 101
Trd, 4318201.143, 96
Trd, 4318202.843, 95
Trd, 4318203.543, 95
Trd, 4318205.893, 104
Trd, 4318207.243, 104
Trd, 4318210.393, 107
Trd, 4318210.543, 102
Trd, 4318211.443, 93
Trd, 4318212.093, 102
Trd, 4318213.843, 102
Trd, 4318213.993, 102
Trd, 4318216.943, 98
Trd, 4318218.943, 99
Trd, 4318220.743, 98
Trd, 4318221.743, 97
Trd, 4318222.093, 97
Trd, 4318223.843, 122
Trd, 4318224.593, 107
Trd, 4318225.893, 101
Trd, 4318226.293, 102
Trd, 4318227.293, 102
Trd, 4318229.843, 101
Trd, 4318229.993, 102
Trd, 4318230.493, 101
Trd, 4318232.343, 98
Trd, 4318235.393, 88
Trd, 4318235.743, 90
Trd, 4318236.093, 113
Trd, 4318236.193, 88
Trd, 4318239.593, 91
Trd, 4318239.643, 93
Trd, 4318239.693, 95
Trd, 4318241.093, 94
Trd, 4318244.593, 94
Trd, 4318246.143, 94
Trd, 4318246.693, 95
Trd, 4318247.893, 95
Trd, 4318250.143, 92
Trd, 4318251.143, 95
Trd, 4318251.993, 95
Trd, 4318254.493, 95
Trd, 4318255.743, 95
Trd, 4318255.943, 95
Trd, 4318258.143, 95
Trd, 4318258.693, 95
Trd, 4318261.793, 94
Trd, 4318264.443, 93
Trd, 4318266.793, 93
Trd, 4318266.843, 92
Trd, 4318268.793, 92
Trd, 4318269.443, 93
Trd, 4318269.893, 95
Trd, 4318271.493, 103
Trd, 4318273.443, 104
Trd, 4318275.643, 96
Trd, 4318276.443, 96
Trd, 4318277.793, 98
Trd, 4318280.793, 97
Trd, 4318281.643, 96
Trd, 4318281.843, 95
Trd, 4318283.043, 118
Trd, 4318284.093, 101
Trd, 4318284.743, 102
Trd, 4318287.393, 103
Trd, 4318289.043, 102
Trd, 4318290.943, 99
Trd, 4318292.493, 98
Trd, 4318293.643, 97
Trd, 4318293.693, 98
Trd, 4318295.343, 98
Trd, 4318297.543, 104
Trd, 4318300.043, 100
Trd, 4318300.643, 95
Trd, 4318301.743, 100
Trd, 4318304.243, 99
Trd, 4318304.443, 99
Trd, 4318304.843, 97
Trd, 4318304.993, 99
Trd, 4318308.493, 97
Trd, 4318310.043, 96
Trd, 4318310.393, 97
Trd, 4318310.943, 98
Trd, 4318312.593, 95
Trd, 4318315.143, 96
Trd, 4318315.393, 97
Trd, 4318318.593, 96
Trd, 4318319.193, 96
Trd, 4318322.543, 96
Trd, 4318326.343, 96
Trd, 4318327.893, 95
Trd, 4318327.993, 96
Trd, 4318328.293, 97
Trd, 4318332.693, 94
Trd, 4318335.093, 95
Trd, 4318335.143, 95
Trd, 4318336.793, 95
Trd, 4318337.293, 95
Trd, 4318338.693, 95
Trd, 4318339.293, 93
Trd, 4318339.943, 95
Trd, 4318341.693, 95
Trd, 4318342.043, 95
Trd, 4318343.943, 108
Trd, 4318344.243, 119
Trd, 4318346.893, 108
Trd, 4318349.243, 105
Trd, 4318352.693, 104
Trd, 4318352.843, 105
Trd, 4318353.993, 103
Trd, 4318354.043, 104
Trd, 4318357.143, 103
Trd, 4318358.443, 104
Trd, 4318359.693, 103
Trd, 4318360.943, 103
Trd, 4318362.593, 101
Trd, 4318365.693, 95
Trd, 4318366.543, 95
Trd, 4318367.293, 94
Trd, 4318368.293, 98
Trd, 4318369.593, 97
Trd, 4318371.343, 96
Trd, 4318372.693, 96
Trd, 4318375.443, 95
Trd, 4318375.693, 94
Trd, 4318376.993, 104
Trd, 4318377.993, 97
Trd, 4318382.943, 94
Trd, 4318383.493, 94
Trd, 4318383.743, 95
Trd, 4318383.793, 122
Trd, 4318385.143, 102
Trd, 4318388.243, 106
Trd, 4318388.543, 122
Trd, 4318390.993, 104
Trd, 4318391.143, 108
Trd, 4318391.493, 117
Trd, 4318392.143, 93
Trd, 4318394.643, 98
Trd, 4318395.843, 98
Trd, 4318397.543, 95
Trd, 4318398.543, 93
Trd, 4318399.293, 97
Trd, 4318399.893, 94
Trd, 4318400.743, 100
Trd, 4318402.093, 99
Trd, 4318403.593, 100
Trd, 4318404.493, 109
Trd, 4318405.943, 105
Trd, 4318407.593, 94
Trd, 4318408.093, 102
Trd, 4318409.543, 100
Trd, 4318411.193, 98
Trd, 4318412.293, 98
Trd, 4318412.943, 98
Trd, 4318414.443, 122
Trd, 4318416.543, 102
Trd, 4318417.293, 106
Trd, 4318418.743, 105
Trd, 4318419.193, 105
Trd, 4318420.643, 113
Trd, 4318421.993, 101
Trd, 4318423.993, 100
Trd, 4318425.693, 100
Trd, 4318425.943, 101
Trd, 4318425.993, 94
Trd, 4318427.843, 101
Trd, 4318428.443, 104
Trd, 4318428.843, 94
Trd, 4318429.093, 122
Trd, 4318433.193, 107
Trd, 4318434.493, 106
Trd, 4318437.093, 103
Trd, 4318437.543, 100
Trd, 4318437.743, 102
Trd, 4318438.343, 103
Trd, 4318440.743, 104
Trd, 4318441.143, 103
Trd, 4318441.643, 113
Trd, 4318446.643, 113
Trd, 4318448.593, 104
Trd, 4318448.893, 122
Trd, 4318451.593, 98
Trd, 4318453.193, 95
Trd, 4318454.193, 94
Trd, 4318455.343, 95
Trd, 4318455.693, 102
Trd, 4318456.993, 106
Trd, 4318458.393, 116
Trd, 4318460.343, 112
Trd, 4318460.693, 106
Trd, 4318462.693, 103
Trd, 4318465.543, 98
Trd, 4318466.043, 95
Trd, 4318467.943, 97
Trd, 4318468.593, 97
Trd, 4318470.593, 97
Trd, 4318470.943, 97
Trd, 4318471.043, 97
Trd, 4318473.343, 96
Trd, 4318474.243, 97
Trd, 4318475.093, 94
Trd, 4318476.193, 97
Trd, 4318477.093, 95
Trd, 4318477.543, 93
Trd, 4318479.043, 122
Trd, 4318483.243, 104
Trd, 4318483.943, 102
Trd, 4318484.743, 101
Trd, 4318488.293, 115
Trd, 4318488.443, 103
Trd, 4318489.193, 104
Trd, 4318491.893, 101
Trd, 4318492.043, 103
Trd, 4318494.393, 94
Trd, 4318494.693, 95
Trd, 4318495.093, 95
Trd, 4318495.993, 94
Trd, 4318497.143, 95
Trd, 4318501.593, 95
Trd, 4318501.693, 95
Trd, 4318501.893, 95
Trd, 4318503.743, 105
Trd, 4318503.943, 104
Trd, 4318506.643, 103
Trd, 4318508.843, 100
Trd, 4318510.093, 101
Trd, 4318510.893, 100
Trd, 4318513.843, 100
Trd, 4318514.293, 99
Trd, 4318515.143, 100
Trd, 4318518.393, 103
Trd, 4318519.543, 118
Trd, 4318520.893, 105
Trd, 4318521.093, 104
Trd, 4318523.743, 103
Trd, 4318524.693, 102
Trd, 4318525.243, 102
Trd, 4318528.093, 103
Trd, 4318529.093, 109
Trd, 4318530.543, 101
Trd, 4318530.693, 102
Trd, 4318533.043, 113
Trd, 4318533.443, 104
Trd, 4318536.293, 103
Trd, 4318537.093, 103
Trd, 4318538.343, 103
Trd, 4318540.293, 106
Trd, 4318543.843, 104
Trd, 4318543.993, 121
Trd, 4318547.943, 103
Trd, 4318550.193, 104
Trd, 4318551.643, 103
Trd, 4318552.243, 104
Trd, 4318552.593, 104
Trd, 4318553.493, 102
Trd, 4318554.643, 101
Trd, 4318555.643, 101
Trd, 4318558.993, 91
Trd, 4318559.443, 95
Trd, 4318560.243, 93
Trd, 4318562.643, 84
Trd, 4318563.043, 88
Trd, 4318564.343, 87
Trd, 4318564.893, 95
Trd, 4318568.593, 89
Trd, 4318569.693, 90
Trd, 4318570.293, 88
Trd, 4318570.843, 90
Trd, 4318571.593, 89
Trd, 4318572.993, 90
Trd, 4318573.343, 91
Trd, 4318574.993, 126
Trd, 4318577.893, 92
Trd, 4318578.343, 92
Trd, 4318578.843, 92
Trd, 4318579.443, 113
Trd, 4318581.493, 97
Trd, 4318583.143, 96
Trd, 4318584.743, 96
Trd, 4318588.593, 95
Trd, 4318588.943, 95
Trd, 4318589.093, 94
Trd, 4318589.993, 101
Trd, 4318590.543, 93
Trd, 4318590.793, 97
Trd, 4318592.693, 120
Trd, 4318595.193, 113
Trd, 4318597.993, 106
Trd, 4318598.543, 105
Trd, 4318598.793, 107
Trd, 4318600.993, 104
Trd, 4318603.693, 95
Trd, 4318605.343, 94
Trd, 4318606.343, 95
Trd, 4318607.743, 95
Trd, 4318609.193, 95
Trd, 4318610.493, 95
Trd, 4318614.993, 95
Trd, 4318616.143, 94
Trd, 4318616.693, 95
Trd, 4318618.393, 95
Trd, 4318621.793, 94
Trd, 4318622.693, 94
Trd, 4318625.793, 95
Trd, 4318628.343, 95
Trd, 4318629.143, 94
Trd, 4318631.143, 94
Trd, 4318632.543, 103
Trd, 4318632.793, 100
Trd, 4318634.693, 95
Trd, 4318635.843, 95
Trd, 4318637.093, 94
Trd, 4318638.943, 91
Trd, 4318639.143, 93
Trd, 4318641.493, 131
Trd, 4318642.843, 106
Trd, 4318643.843, 104
Trd, 4318644.193, 117
Trd, 4318645.593, 103
Trd, 4318645.693, 104
Trd, 4318647.493, 100
Trd, 4318648.593, 103
Trd, 4318652.593, 100
Trd, 4318652.993, 99
Trd, 4318653.143, 100
Trd, 4318655.443, 104
Trd, 4318655.793, 93
Trd, 4318655.993, 99
Trd, 4318657.293, 97
Trd, 4318662.893, 96
Trd, 4318662.993, 95
Trd, 4318663.293, 98
Trd, 4318665.593, 95
Trd, 4318665.993, 94
Trd, 4318666.643, 122
Trd, 4318667.043, 104
Trd, 4318671.943, 99
Trd, 4318673.393, 98
Trd, 4318674.293, 98
Trd, 4318675.443, 94
Trd, 4318676.443, 98
Trd, 4318679.043, 98
Trd, 4318679.393, 98
Trd, 4318681.643, 96
Trd, 4318684.093, 95
Trd, 4318684.893, 95
Trd, 4318685.443, 88
Trd, 4318686.893, 91
Trd, 4318687.543, 93
Trd, 4318687.893, 118
Trd, 4318689.343, 114
Trd, 4318691.043, 104
Trd, 4318691.993, 102
Trd, 4318692.693, 106
Trd, 4318693.943, 115
Trd, 4318696.943, 107
Trd, 4318702.393, 104
Trd, 4318704.993, 106
Trd, 4318705.393, 103
Trd, 4318705.793, 105
Trd, 4318706.943, 103
Trd, 4318708.093, 98
Trd, 4318708.943, 95
Trd, 4318709.093, 94
Trd, 4318710.493, 95
Trd, 4318711.043, 94
Trd, 4318712.593, 95
Trd, 4318714.443, 94
Trd, 4318714.943, 95
Trd, 4318716.043, 122
Trd, 4318718.743, 121
Trd, 4318719.693, 113
Trd, 4318722.193, 108
Trd, 4318722.693, 103
Trd, 4318725.143, 108
Trd, 4318727.643, 108
Trd, 4318729.293, 106
Trd, 4318730.843, 102
Trd, 4318731.943, 100
Trd, 4318732.593, 100
Trd, 4318735.643, 99
Trd, 4318737.343, 100
Trd, 4318738.643, 99
Trd, 4318739.093, 94
Trd, 4318740.343, 95
Trd, 4318741.143, 94
Trd, 4318744.143, 94
Trd, 4318744.493, 93
Trd, 4318744.593, 94
Trd, 4318745.893, 103
Trd, 4318747.643, 90
Trd, 4318749.743, 94
Trd, 4318751.443, 93
Trd, 4318752.993, 92
Trd, 4318755.243, 92
Trd, 4318755.693, 95
Trd, 4318757.843, 95
Trd, 4318758.043, 95
Trd, 4318759.793, 93
Trd, 4318761.293, 95
Trd, 4318762.193, 95
Trd, 4318763.243, 96
Trd, 4318763.693, 117
Trd, 4318764.043, 91
Trd, 4318767.393, 97
Trd, 4318768.393, 95
Trd, 4318769.243, 95
Trd, 4318770.043, 95
Trd, 4318773.243, 95
Trd, 4318774.143, 111
Trd, 4318775.043, 103
Trd, 4318776.343, 100
Trd, 4318777.343, 112
Trd, 4318781.493, 104
Trd, 4318781.593, 105
Trd, 4318781.743, 122
Trd, 4318782.443, 113
Trd, 4318784.993, 102
Trd, 4318786.793, 107
Trd, 4318789.893, 105
Trd, 4318790.543, 106
Trd, 4318791.093, 104
Trd, 4318793.293, 104
Trd, 4318794.843, 104
Trd, 4318795.493, 105
Trd, 4318799.243, 103
Trd, 4318799.943, 102
Trd, 4318801.793, 102
Trd, 4318802.743, 100
Trd, 4318803.193, 100
Trd, 4318804.393, 99
Trd, 4318804.543, 100
Trd, 4318807.343, 99
Trd, 4318808.593, 99
Trd, 4318809.493, 99
Trd, 4318809.743, 98
Trd, 4318811.893, 99
Trd, 4318812.793, 97
Trd, 4318814.243, 97
Trd, 4318814.643, 96
Trd, 4318815.593, 97
Trd, 4318821.443, 97
Trd, 4318822.643, 97
Trd, 4318822.943, 97
Trd, 4318824.443, 94
Trd, 4318826.743, 95
Trd, 4318827.643, 104
Trd, 4318828.793, 114
Trd, 4318829.593, 113
Trd, 4318830.243, 109
Trd, 4318834.743, 112
Trd, 4318835.193, 121
Trd, 4318837.793, 113
Trd, 4318840.143, 104
Trd, 4318840.743, 110
Trd, 4318842.443, 93
Trd, 4318843.343, 106
Trd, 4318844.643, 104
Trd, 4318845.643, 96
Trd, 4318847.593, 100
Trd, 4318848.593, 99
Trd, 4318848.643, 98
Trd, 4318850.393, 98
Trd, 4318850.993, 104
Trd, 4318851.393, 121
Trd, 4318853.593, 102
Trd, 4318855.043, 100
Trd, 4318855.193, 100
Trd, 4318859.443, 97
Trd, 4318861.843, 96
Trd, 4318862.543, 96
Trd, 4318863.293, 96
Trd, 4318864.843, 95
Trd, 4318865.093, 94
Trd, 4318867.543, 96
Trd, 4318869.093, 95
Trd, 4318869.543, 113
Trd, 4318871.043, 100
Trd, 4318872.343, 109
Trd, 4318873.093, 105
Trd, 4318874.193, 105
Trd, 4318874.293, 104
Trd, 4318878.543, 104
Trd, 4318878.743, 106
Trd, 4318880.093, 105
Trd, 4318881.293, 110
Trd, 4318883.193, 107
Trd, 4318885.043, 106
Trd, 4318887.043, 105
Trd, 4318887.543, 104
Trd, 4318891.543, 105
Trd, 4318892.443, 105
Trd, 4318893.443, 105
Trd, 4318894.443, 104
Trd, 4318894.543, 103
Trd, 4318896.643, 104
Trd, 4318898.543, 104
Trd, 4318901.893, 99
Trd, 4318902.893, 98
Trd, 4318903.493, 94
Trd, 4318904.043, 97
Trd, 4318904.493, 95
Trd, 4318905.143, 97
Trd, 4318906.543, 104
Trd, 4318907.493, 100
Trd, 4318910.043, 100
Trd, 4318913.093, 100
Trd, 4318913.193, 99
Trd, 4318914.593, 102
Trd, 4318915.693, 118
Trd, 4318916.593, 108
Trd, 4318917.793, 110
Trd, 4318919.493, 108
Trd, 4318922.443, 104
Trd, 4318925.193, 104
Trd, 4318926.093, 105
Trd, 4318926.243, 106
Trd, 4318928.843, 99
Trd, 4318928.893, 100
Trd, 4318929.693, 107
Trd, 4318931.643, 103
Trd, 4318933.693, 108
Trd, 4318934.793, 114
Trd, 4318935.493, 119
Trd, 4318936.193, 113
Trd, 4318937.043, 122
Trd, 4318938.793, 104
Trd, 4318940.143, 89
Trd, 4318941.993, 88
Trd, 4318942.343, 88
Trd, 4318945.243, 88
Trd, 4318946.043, 86
Trd, 4318946.493, 88
Trd, 4318947.893, 84
Trd, 4318947.993, 87
Trd, 4318948.293, 83
Trd, 4318950.343, 85
Trd, 4318954.193, 104
Trd, 4318954.493, 105
Trd, 4318957.293, 96
Trd, 4318959.443, 96
Trd, 4318962.143, 96
Trd, 4318962.993, 96
Trd, 4318963.343, 97
Trd, 4318965.593, 104
Trd, 4318966.093, 118
Trd, 4318967.793, 104
Trd, 4318968.043, 113
Trd, 4318970.493, 94
Trd, 4318971.093, 102
Trd, 4318971.543, 102
Trd, 4318973.993, 96
Trd, 4318975.693, 99
Trd, 4318977.293, 98
Trd, 4318978.593, 98
Trd, 4318979.943, 98
Trd, 4318980.743, 104
Trd, 4318981.743, 103
Trd, 4318983.493, 112
Trd, 4318985.993, 102
Trd, 4318987.943, 96
Trd, 4318989.743, 98
Trd, 4318990.143, 100
Trd, 4318991.743, 94
Trd, 4318992.043, 93
Trd, 4318993.193, 94
Trd, 4318993.643, 95
Trd, 4318996.093, 96
Trd, 4318996.843, 97
Trd, 4318998.643, 102
Trd, 4318999.643, 99
Trd, 4319001.893, 98
Trd, 4319003.193, 97
Trd, 4319004.043, 98
Trd, 4319005.443, 107
Trd, 4319006.843, 101
Trd, 4319009.193, 111
Trd, 4319010.493, 104
Trd, 4319011.143, 103
Trd, 4319013.593, 95
Trd, 4319014.143, 99
Trd, 4319016.893, 97
Trd, 4319017.393, 96
Trd, 4319017.993, 97
Trd, 4319020.043, 94
Trd, 4319020.293, 95
Trd, 4319020.493, 94
Trd, 4319023.493, 103
Trd, 4319024.293, 96
Trd, 4319024.943, 98
Trd, 4319026.393, 95
Trd, 4319029.343, 95
Trd, 4319029.893, 94
Trd, 4319030.293, 94
Trd, 4319032.343, 95
Trd, 4319034.093, 96
Trd, 4319037.043, 95
Trd, 4319037.643, 95
Trd, 4319039.393, 95
Trd, 4319039.693, 96
Trd, 4319040.343, 104
Trd, 4319041.193, 104
Trd, 4319043.343, 102
Trd, 4319044.793, 122
Trd, 4319046.093, 105
Trd, 4319050.293, 104
Trd, 4319052.693, 103
Trd, 4319054.843, 101
Trd, 4319055.943, 100
Trd, 4319057.143, 97
Trd, 4319057.943, 99
Trd, 4319059.393, 99
Trd, 4319060.193, 99
Trd, 4319061.493, 102
Trd, 4319063.793, 112
Trd, 4319063.993, 104
Trd, 4319065.843, 107
Trd, 4319069.543, 104
Trd, 4319070.193, 105
Trd, 4319073.193, 102
Trd, 4319074.393, 102
Trd, 4319074.793, 94
Trd, 4319076.343, 94
Trd, 4319076.643, 96
Trd, 4319078.993, 86
Trd, 4319079.143, 96
Trd, 4319080.543, 91
Trd, 4319080.893, 89
Trd, 4319082.543, 116
Trd, 4319083.043, 96
Trd, 4319085.593, 95
Trd, 4319086.493, 96
Trd, 4319087.743, 104
Trd, 4319088.043, 102
Trd, 4319090.943, 116
Trd, 4319092.443, 104
Trd, 4319094.443, 110
Trd, 4319094.643, 102
Trd, 4319096.193, 105
Trd, 4319097.193, 102
Trd, 4319098.193, 101
Trd, 4319098.243, 94
Trd, 4319098.993, 102
Trd, 4319101.043, 102
Trd, 4319102.343, 102
Trd, 4319102.593, 103
Trd, 4319104.943, 103
Trd, 4319107.143, 103
Trd, 4319109.543, 104
Trd, 4319112.443, 97
Trd, 4319113.443, 97
Trd, 4319113.743, 97
Trd, 4319114.793, 95
Trd, 4319115.143, 96
Trd, 4319115.743, 95
Trd, 4319119.043, 96
Trd, 4319119.593, 96
Trd, 4319122.393, 95
Trd, 4319122.843, 96
Trd, 4319123.443, 96
Trd, 4319125.693, 97
Trd, 4319126.443, 94
Trd, 4319128.343, 104
Trd, 4319128.693, 118
Trd, 4319128.943, 104
Trd, 4319130.493, 103
Trd, 4319131.043, 104
Trd, 4319131.743, 105
Trd, 4319134.343, 101
Trd, 4319138.143, 100
Trd, 4319139.043, 100
Trd, 4319139.193, 101
Trd, 4319139.443, 112
Trd, 4319141.743, 103
Trd, 4319142.193, 103
Trd, 4319145.343, 101
Trd, 4319145.393, 102
Trd, 4319146.843, 101
Trd, 4319147.243, 102
Trd, 4319149.893, 100
Trd, 4319152.043, 99
Trd, 4319152.243, 100
Trd, 4319153.593, 100
Trd, 4319155.293, 97
Trd, 4319156.043, 98
Trd, 4319157.543, 97
Trd, 4319157.943, 93
Trd, 4319158.043, 96
Trd, 4319159.343, 93
Trd, 4319160.343, 95
Trd, 4319162.643, 92
Trd, 4319164.543, 94
Trd, 4319165.393, 94
Trd, 4319165.943, 94
Trd, 4319166.543, 95
Trd, 4319168.493, 96
Trd, 4319170.943, 95
Trd, 4319174.143, 95
Trd, 4319174.843, 95
Trd, 4319175.343, 94
Trd, 4319177.143, 116
Trd, 4319179.593, 91
Trd, 4319180.493, 98
Trd, 4319182.543, 97
Trd, 4319183.693, 97
Trd, 4319184.343, 94
Trd, 4319188.093, 122
Trd, 4319189.343, 111
Trd, 4319190.543, 104
Trd, 4319191.543, 97
Trd, 4319194.343, 97
Trd, 4319194.643, 96
Trd, 4319194.893, 100
Trd, 4319195.743, 100
Trd, 4319195.943, 94
Trd, 4319198.143, 99
Trd, 4319198.593, 94
Trd, 4319199.843, 97
Trd, 4319201.193, 97
Trd, 4319202.143, 97
Trd, 4319204.493, 95
Trd, 4319205.193, 96
Trd, 4319205.443, 95
Trd, 4319206.393, 110
Trd, 4319206.943, 104
Trd, 4319209.693, 111
Trd, 4319210.643, 118
Trd, 4319211.443, 108
Trd, 4319213.143, 137
Trd, 4319217.843, 110
Trd, 4319218.493, 109
Trd, 4319221.893, 106
Trd, 4319222.493, 104
Trd, 4319223.443, 100
Trd, 4319225.043, 98
Trd, 4319225.793, 98
Trd, 4319226.043, 98
Trd, 4319229.343, 98
Trd, 4319229.843, 97
Trd, 4319229.943, 98
Trd, 4319230.493, 98
Trd, 4319232.543, 97
Trd, 4319233.393, 96
Trd, 4319234.193, 96
Trd, 4319235.493, 86
Trd, 4319237.443, 95
Trd, 4319239.243, 95
Trd, 4319239.793, 95
Trd, 4319241.443, 92
Trd, 4319241.943, 91
Trd, 4319244.943, 95
Trd, 4319245.743, 95
Trd, 4319246.693, 95
Trd, 4319247.943, 114
Trd, 4319252.093, 91
Trd, 4319252.493, 94
Trd, 4319252.743, 95
Trd, 4319253.593, 95
Trd, 4319255.543, 90
Trd, 4319257.143, 95
Trd, 4319257.543, 95
Trd, 4319257.793, 95
Trd, 4319259.743, 99
Trd, 4319262.393, 112
Trd, 4319263.843, 99
Trd, 4319266.343, 99
Trd, 4319267.443, 97
Trd, 4319268.243, 99
Trd, 4319269.743, 99
Trd, 4319272.593, 104
Trd, 4319273.193, 122
Trd, 4319273.793, 121
Trd, 4319275.393, 110
Trd, 4319275.543, 103
Trd, 4319278.693, 95
Trd, 4319279.193, 95
Trd, 4319281.043, 95
Trd, 4319284.393, 95
Trd, 4319286.493, 95
Trd, 4319288.143, 95
Trd, 4319288.243, 95
Trd, 4319288.443, 94
Trd, 4319289.643, 122
Trd, 4319293.243, 96
Trd, 4319295.643, 97
Trd, 4319296.243, 97
Trd, 4319297.293, 96
Trd, 4319300.843, 95
Trd, 4319301.343, 96
Trd, 4319301.843, 122
Trd, 4319303.793, 118
Trd, 4319306.893, 97
Trd, 4319310.443, 95
Trd, 4319311.293, 94
Trd, 4319311.343, 95
Trd, 4319311.443, 92
Trd, 4319312.343, 95
Trd, 4319312.693, 95
Trd, 4319312.793, 116
Trd, 4319318.243, 101
Trd, 4319320.493, 98
Trd, 4319321.793, 97
Trd, 4319322.943, 94
Trd, 4319323.343, 96
Trd, 4319323.393, 99
Trd, 4319325.093, 97
Trd, 4319326.893, 96
Trd, 4319328.143, 97
Trd, 4319328.843, 106
Trd, 4319329.543, 121
Trd, 4319329.993, 111
Trd, 4319334.593, 106
Trd, 4319336.693, 105
Trd, 4319336.743, 104
Trd, 4319336.943, 106
Trd, 4319338.143, 110
Trd, 4319340.793, 108
Trd, 4319344.493, 106
Trd, 4319347.643, 104
Trd, 4319348.793, 94
Trd, 4319349.743, 95
Trd, 4319350.643, 95
Trd, 4319350.693, 115
Trd, 4319351.543, 113
Trd, 4319353.143, 103
Trd, 4319353.943, 104
Trd, 4319354.793, 122
Trd, 4319357.993, 109
Trd, 4319359.943, 108
Trd, 4319364.143, 105
Trd, 4319364.543, 103
Trd, 4319365.993, 106
Trd, 4319368.443, 105
Trd, 4319368.593, 106
Trd, 4319368.843, 101
Trd, 4319372.543, 103
Trd, 4319372.943, 102
Trd, 4319373.093, 104
Trd, 4319374.443, 102
Trd, 4319374.843, 101
Trd, 4319376.143, 101
Trd, 4319378.643, 96
Trd, 4319379.143, 95
Trd, 4319380.793, 96
Trd, 4319381.593, 96
Trd, 4319383.493, 74
Trd, 4319383.893, 90
Trd, 4319385.843, 86
Trd, 4319385.993, 95
Trd, 4319390.893, 87
Trd, 4319391.043, 89
Trd, 4319391.693, 94
Trd, 4319391.793, 86
Trd, 4319392.693, 91
Trd, 4319394.743, 95
Trd, 4319398.243, 92
Trd, 4319398.643, 92
Trd, 4319398.993, 93
Trd, 4319400.743, 92
Trd, 4319401.443, 117
Trd, 4319402.693, 102
Trd, 4319404.743, 100
Trd, 4319409.093, 107
Trd, 4319409.543, 114
Trd, 4319410.043, 104
Trd, 4319410.643, 105
Trd, 4319411.093, 103
Trd, 4319414.593, 102
Trd, 4319414.993, 103
Trd, 4319416.443, 93
Trd, 4319419.743, 93
Trd, 4319419.893, 94
Trd, 4319420.243, 95
Trd, 4319421.243, 97
Trd, 4319422.293, 97
Trd, 4319423.043, 98
Trd, 4319423.443, 97
Trd, 4319425.693, 95
Trd, 4319426.793, 95
Trd, 4319426.893, 94
Trd, 4319428.693, 121
Trd, 4319429.943, 103
Trd, 4319431.343, 101
Trd, 4319432.293, 103
Trd, 4319432.843, 104
Trd, 4319433.993, 118
Trd, 4319437.193, 122
Trd, 4319438.193, 119
Trd, 4319438.543, 116
Trd, 4319440.443, 116
Trd, 4319442.343, 101
Trd, 4319444.343, 104
Trd, 4319446.343, 102
Trd, 4319447.093, 108
Trd, 4319448.743, 103
Trd, 4319448.793, 101
Trd, 4319450.543, 101
Trd, 4319451.443, 100
Trd, 4319451.793, 100
Trd, 4319454.393, 98
Trd, 4319456.893, 96
Trd, 4319457.093, 98
Trd, 4319457.493, 94
Trd, 4319460.443, 105
Trd, 4319462.393, 94
Trd, 4319463.093, 93
Trd, 4319463.343, 92
Trd, 4319465.593, 92
Trd, 4319465.943, 82
Trd, 4319467.893, 95
Trd, 4319467.943, 89
Trd, 4319468.243, 115
Trd, 4319470.243, 101
Trd, 4319471.793, 107
Trd, 4319472.543, 76
Trd, 4319475.443, 99
Trd, 4319476.793, 107
Trd, 4319479.693, 92
Trd, 4319481.193, 95
Trd, 4319482.093, 97
Trd, 4319484.543, 96
Trd, 4319485.693, 111
Trd, 4319487.093, 107
Trd, 4319487.993, 106
Trd, 4319490.143, 105
Trd, 4319490.593, 106
Trd, 4319494.293, 106
Trd, 4319495.443, 110
Trd, 4319496.643, 108
Trd, 4319498.193, 107
Trd, 4319504.243, 108
Trd, 4319505.893, 108
Trd, 4319506.193, 106
Trd, 4319506.543, 120
Trd, 4319509.843, 110
Trd, 4319510.493, 105
Trd, 4319513.143, 104
Trd, 4319515.493, 102
Trd, 4319515.793, 104
Trd, 4319517.043, 100
Trd, 4319518.643, 99
Trd, 4319518.743, 100
Trd, 4319519.143, 115
Trd, 4319522.993, 94
Trd, 4319524.343, 104
Trd, 4319525.393, 107
Trd, 4319528.093, 104
Trd, 4319529.443, 104
Trd, 4319530.243, 105
Trd, 4319531.193, 101
Trd, 4319532.243, 97
Trd, 4319533.943, 95
Trd, 4319535.443, 96
Trd, 4319536.443, 96
Trd, 4319537.493, 107
Trd, 4319540.243, 100
Trd, 4319540.993, 112
Trd, 4319543.193, 112
Trd, 4319543.743, 116
Trd, 4319546.993, 108
Trd, 4319548.093, 107
Trd, 4319552.643, 105
Trd, 4319554.843, 104
Trd, 4319555.243, 105
Trd, 4319557.543, 103
Trd, 4319558.893, 94
Trd, 4319561.193, 91
Trd, 4319561.343, 93
Trd, 4319562.543, 93
Trd, 4319563.093, 92
Trd, 4319565.793, 109
Trd, 4319568.093, 97
Trd, 4319568.193, 99
Trd, 4319570.393, 96
Trd, 4319571.043, 95
Trd, 4319571.943, 96
Trd, 4319574.443, 96
Trd, 4319576.043, 95
Trd, 4319576.443, 96
Trd, 4319576.593, 97
Trd, 4319580.993, 95
Trd, 4319582.343, 95
Trd, 4319583.893, 95
Trd, 4319584.843, 94
Trd, 4319587.293, 95
Trd, 4319588.543, 95
Trd, 4319590.693, 95
Trd, 4319591.193, 95
Trd, 4319591.243, 94
Trd, 4319593.393, 96
Trd, 4319595.643, 95
Trd, 4319598.493, 95
Trd, 4319598.643, 96
Trd, 4319600.643, 111
Trd, 4319602.493, 100
Trd, 4319604.193, 101
Trd, 4319604.293, 100
Trd, 4319605.993, 98
Trd, 4319607.193, 97
Trd, 4319609.993, 97
Trd, 4319610.543, 98
Trd, 4319611.393, 122
Trd, 4319612.943, 109
Trd, 4319614.243, 128
Trd, 4319617.093, 103
Trd, 4319618.243, 108
Trd, 4319620.743, 101
Trd, 4319622.143, 100
Trd, 4319622.693, 98
Trd, 4319623.293, 99
Trd, 4319627.493, 97
Trd, 4319627.743, 98
Trd, 4319628.193, 98
Trd, 4319630.443, 98
Trd, 4319632.843, 96
Trd, 4319632.993, 97
Trd, 4319633.093, 94
Trd, 4319633.743, 120
Trd, 4319636.443, 104
Trd, 4319637.593, 104
Trd, 4319638.693, 102
Trd, 4319641.493, 96
Trd, 4319641.893, 96
Trd, 4319642.743, 93
Trd, 4319643.043, 96
Trd, 4319644.793, 92
Trd, 4319645.543, 91
Trd, 4319645.993, 92
Trd, 4319649.143, 103
Trd, 4319649.543, 109
Trd, 4319650.643, 102
Trd, 4319651.843, 112
Trd, 4319653.243, 103
Trd, 4319655.993, 101
Trd, 4319658.893, 100
Trd, 4319659.293, 99
Trd, 4319659.343, 100
Trd, 4319662.443, 97
Trd, 4319664.093, 98
Trd, 4319666.543, 93
Trd, 4319667.243, 92
Trd, 4319667.843, 92
Trd, 4319669.493, 123
Trd, 4319670.743, 104
Trd, 4319671.343, 119
Trd, 4319673.493, 93
Trd, 4319674.493, 95
Trd, 4319674.893, 95
Trd, 4319675.093, 98
Trd, 4319676.193, 84
Trd, 4319677.743, 91
Trd, 4319677.993, 90
Trd, 4319679.043, 92
Trd, 4319680.393, 103
Trd, 4319682.693, 94
Trd, 4319682.843, 108
Trd, 4319685.893, 97
Trd, 4319687.643, 97
Trd, 4319688.693, 97
Trd, 4319690.343, 97
Trd, 4319691.743, 97
Trd, 4319693.443, 96
Trd, 4319694.293, 93
Trd, 4319694.443, 97
Trd, 4319697.593, 97
Trd, 4319699.393, 93
Trd, 4319699.693, 96
Trd, 4319701.493, 96
Trd, 4319703.793, 96
Trd, 4319704.693, 96
Trd, 4319708.543, 104
Trd, 4319709.743, 95
Trd, 4319710.993, 94
Trd, 4319711.093, 94
Trd, 4319713.993, 119
Trd, 4319714.243, 104
Trd, 4319716.093, 102
Trd, 4319716.343, 104
Trd, 4319718.743, 104
Trd, 4319719.893, 103
Trd, 4319722.043, 99
Trd, 4319722.393, 99
Trd, 4319724.293, 98
Trd, 4319725.943, 94
Trd, 4319726.093, 93
Trd, 4319727.993, 92
Trd, 4319728.493, 92
Trd, 4319731.243, 91
Trd, 4319731.993, 121
Trd, 4319732.043, 119
Trd, 4319733.643, 104
Trd, 4319736.493, 108
Trd, 4319737.643, 107
Trd, 4319741.093, 106
Trd, 4319741.193, 105
Trd, 4319742.193, 105
Trd, 4319743.593, 104
Trd, 4319744.743, 103
Trd, 4319747.193, 94
Trd, 4319747.693, 114
Trd, 4319748.143, 102
Trd, 4319749.643, 103
Trd, 4319751.643, 103
Trd, 4319751.693, 122
Trd, 4319754.743, 106
Trd, 4319755.243, 105
Trd, 4319758.493, 108
Trd, 4319760.893, 104
Trd, 4319761.043, 105
Trd, 4319765.443, 105
Trd, 4319765.493, 104
Trd, 4319766.593, 105
Trd, 4319767.393, 121
Trd, 4319768.793, 104
Trd, 4319771.993, 102
Trd, 4319774.343, 95
Trd, 4319774.693, 102
Trd, 4319775.643, 96
Trd, 4319776.293, 95
Trd, 4319776.593, 94
Trd, 4319777.793, 86
Trd, 4319778.043, 121
Trd, 4319780.843, 100
Trd, 4319782.743, 99
Trd, 4319784.993, 97
Trd, 4319785.243, 96
Trd, 4319786.443, 100
Trd, 4319790.743, 96
Trd, 4319790.943, 95
Trd, 4319791.643, 95
Trd, 4319794.093, 95
Trd, 4319795.543, 95
Trd, 4319796.243, 95
Trd, 4319798.093, 94
Trd, 4319798.993, 94
Trd, 4319800.543, 101
Trd, 4319801.693, 96
Trd, 4319802.293, 111
Trd, 4319804.143, 98
Trd, 4319804.443, 99
Trd, 4319804.993, 99
Trd, 4319805.893, 99
Trd, 4319807.193, 99
Trd, 4319808.093, 86
Trd, 4319808.393, 98
Trd, 4319808.743, 116
Trd, 4319809.693, 101
Trd, 4319813.693, 100
Trd, 4319814.593, 100
Trd, 4319816.493, 99
Trd, 4319817.593, 94
Trd, 4319821.643, 94
Trd, 4319822.493, 94
Trd, 4319823.543, 94
Trd, 4319823.843, 95
Trd, 4319826.443, 96
Trd, 4319827.293, 103
Trd, 4319828.593, 103
Trd, 4319829.443, 115
Trd, 4319830.893, 102
Trd, 4319835.593, 105
Trd, 4319837.893, 105
Trd, 4319839.893, 104
Trd, 4319840.343, 104
Trd, 4319841.243, 104
Trd, 4319842.543, 101
Trd, 4319844.343, 100
Trd, 4319846.143, 100
Trd, 4319847.043, 100
Trd, 4319851.893, 100
Trd, 4319852.243, 98
Trd, 4319852.393, 99
Trd, 4319855.143, 99
Trd, 4319855.243, 99
Trd, 4319855.743, 97
Trd, 4319857.493, 87
Trd, 4319857.543, 90
Trd, 4319858.593, 87
Trd, 4319860.493, 104
Trd, 4319860.943, 117
Trd, 4319862.393, 99
Trd, 4319864.843, 99
Trd, 4319864.893, 101
Trd, 4319867.543, 98
Trd, 4319867.643, 99
Trd, 4319869.743, 95
Trd, 4319870.893, 94
Trd, 4319871.893, 95
Trd, 4319872.843, 95
Trd, 4319874.993, 93
Trd, 4319877.443, 103
Trd, 4319878.293, 104
Trd, 4319879.043, 105
Trd, 4319879.243, 103
Trd, 4319879.643, 104
Trd, 4319882.643, 104
Trd, 4319883.893, 102
Trd, 4319886.693, 103
Trd, 4319886.993, 122
Trd, 4319888.243, 104
Trd, 4319890.643, 103
Trd, 4319891.043, 94
Trd, 4319892.043, 103
Trd, 4319892.543, 102
Trd, 4319894.643, 103
Trd, 4319896.943, 103
Trd, 4319897.893, 104
Trd, 4319898.993, 101
Trd, 4319902.093, 98
Trd, 4319903.693, 94
Trd, 4319904.243, 96
Trd, 4319904.293, 97
Trd, 4319908.043, 95
Trd, 4319908.993, 95
Trd, 4319909.893, 94
Trd, 4319910.093, 93
Trd, 4319910.693, 97
Trd, 4319912.693, 111
Trd, 4319913.893, 112
Trd, 4319914.443, 119
Trd, 4319915.093, 92
Trd, 4319915.943, 107
Trd, 4319919.193, 105
Trd, 4319921.593, 106
Trd, 4319921.793, 112
Trd, 4319924.693, 108
Trd, 4319926.043, 104
Trd, 4319927.893, 104
Trd, 4319929.343, 105
Trd, 4319930.843, 102
Trd, 4319933.243, 102
Trd, 4319933.593, 100
Trd, 4319935.093, 103
Trd, 4319935.693, 104
Trd, 4319936.743, 104
Trd, 4319938.643, 98
Trd, 4319940.093, 103
Trd, 4319942.743, 102
Trd, 4319944.893, 101
Trd, 4319945.243, 102
Trd, 4319950.993, 102
Trd, 4319951.343, 103
Trd, 4319953.243, 105
Trd, 4319953.893, 111
Trd, 4319957.843, 119
Trd, 4319959.893, 104
Trd, 4319960.493, 109
Trd, 4319960.793, 108
Trd, 4319963.643, 107
Trd, 4319969.693, 104
Trd, 4319972.193, 105
Trd, 4319972.843, 104
Trd, 4319972.993, 103
Trd, 4319974.693, 104
Trd, 4319976.143, 104
Trd, 4319978.343, 104
Trd, 4319979.443, 103
Trd, 4319980.843, 103
Trd, 4319981.343, 104
Trd, 4319982.193, 104
Trd, 4319983.893, 99
Trd, 4319986.943, 96
Trd, 4319987.143, 95
Trd, 4319988.343, 97
Trd, 4319989.943, 97
Trd, 4319990.593, 93
Trd, 4319992.043, 95
Trd, 4319992.143, 95
Trd, 4319994.793, 95
Trd, 4319996.293, 105
Trd, 4319997.243, 103
Trd, 4319998.743, 100
Trd, 4319999.493, 122
