Trd, 4317909.743, 102
Trd, 4317910.393, 95
Trd, 4317912.793, 95
Trd, 4317913.643, 107
Trd, 4317914.593, 106
Trd, 4317917.043, 94
Trd, 4317919.343, 101
Trd, 4317920.193, 93
Trd, 4317920.243, 76
Trd, 4317922.343, 101
Trd, 4317922.993, 85
Trd, 4317923.393, 101
Trd, 4317924.193, 96
Trd, 4317925.993, 103
Trd, 4317926.593, 122
Trd, 4317927.093, 117
Trd, 4317928.393, 113
Trd, 4317929.343, 102
Trd, 4317930.743, 101
Trd, 4317932.993, 104
Trd, 4317933.493, 94
Trd, 4317934.393, 99
Trd, 4317934.893, 88
Trd, 4317935.993, 94
Trd, 4317936.993, 92
Trd, 4317937.243, 122
Trd, 4317939.193, 92
Trd, 4317940.643, 113
Trd, 4317940.993, 92
Trd, 4317941.993, 116
Trd, 4317942.743, 103
Trd, 4317943.343, 114
Trd, 4317945.693, 110
Trd, 4317946.143, 91
Trd, 4317947.293, 108
Trd, 4317949.443, 97
Trd, 4317949.943, 74
Trd, 4317950.043, 101
Trd, 4317951.343, 103
Trd, 4317952.743, 97
Trd, 4317955.393, 96
Trd, 4317957.143, 119
Trd, 4317957.293, 109
Trd, 4317959.043, 95
Trd, 4317959.943, 102
Trd, 4317961.243, 93
Trd, 4317961.943, 106
Trd, 4317964.243, 118
Trd, 4317964.993, 95
Trd, 4317965.293, 108
Trd, 4317965.393, 99
Trd, 4317965.893, 113
Trd, 4317966.343, 127
Trd, 4317970.293, 103
Trd, 4317970.493, 94
Trd, 4317971.343, 100
Trd, 4317971.593, 75
Trd, 4317974.543, 103
Trd, 4317975.343, 103
Trd, 4317976.093, 92
Trd, 4317976.593, 90
Trd, 4317977.793, 119
Trd, 4317978.543, 90
Trd, 4317980.343, 98
Trd, 4317981.043, 88
Trd, 4317981.693, 106
Trd, 4317982.293, 105
Trd, 4317983.843, 123
Trd, 4317984.993, 117
Trd, 4317985.343, 94
Trd, 4317986.143, 108
Trd, 4317988.743, 104
Trd, 4317988.843, 98
Trd, 4317988.993, 94
Trd, 4317990.993, 108
Trd, 4317991.393, 108
Trd, 4317991.593, 114
Trd, 4317994.443, 103
Trd, 4317997.643, 108
Trd, 4317997.843, 110
Trd, 4317998.393, 110
Trd, 4317998.443, 75
Trd, 4318001.493, 88
Trd, 4318002.393, 78
Trd, 4318004.993, 86
Trd, 4318005.243, 96
Trd, 4318005.443, 86
Trd, 4318005.543, 113
Trd, 4318007.093, 125
Trd, 4318007.243, 109
Trd, 4318008.343, 106
Trd, 4318011.443, 104
Trd, 4318012.593, 102
Trd, 4318015.243, 101
Trd, 4318017.493, 108
Trd, 4318017.893, 101
Trd, 4318019.493, 103
Trd, 4318020.593, 99
Trd, 4318021.293, 103
Trd, 4318021.643, 102
Trd, 4318022.493, 117
Trd, 4318022.543, 94
Trd, 4318025.793, 95
Trd, 4318027.243, 95
Trd, 4318027.693, 101
Trd, 4318029.093, 102
Trd, 4318029.893, 94
Trd, 4318030.393, 102
Trd, 4318031.243, 123
Trd, 4318033.343, 95
Trd, 4318034.643, 108
Trd, 4318034.793, 95
Trd, 4318035.343, 94
Trd, 4318035.893, 121
Trd, 4318039.393, 114
Trd, 4318040.593, 81
Trd, 4318040.943, 75
Trd, 4318041.093, 110
Trd, 4318042.393, 96
Trd, 4318043.693, 97
Trd, 4318043.793, 97
Trd, 4318044.593, 94
Trd, 4318044.793, 89
Trd, 4318046.493, 91
Trd, 4318050.093, 96
Trd, 4318051.143, 96
Trd, 4318051.543, 97
Trd, 4318052.193, 115
Trd, 4318053.093, 95
Trd, 4318055.393, 93
Trd, 4318055.543, 99
Trd, 4318056.793, 92
Trd, 4318057.643, 121
Trd, 4318058.593, 102
Trd, 4318059.993, 101
Trd, 4318060.693, 95
Trd, 4318061.143, 75
Trd, 4318061.343, 110
Trd, 4318063.693, 85
Trd, 4318064.593, 88
Trd, 4318066.393, 86
Trd, 4318066.443, 94
Trd, 4318067.843, 95
Trd, 4318068.193, 88
Trd, 4318070.443, 120
Trd, 4318070.593, 104
Trd, 4318071.793, 113
Trd, 4318071.943, 94
Trd, 4318073.393, 98
Trd, 4318074.143, 109
Trd, 4318074.643, 122
Trd, 4318077.893, 112
Trd, 4318079.593, 97
Trd, 4318080.143, 104
Trd, 4318080.493, 105
Trd, 4318080.943, 115
Trd, 4318083.243, 93
Trd, 4318084.743, 79
Trd, 4318085.743, 122
Trd, 4318087.293, 113
Trd, 4318089.193, 99
Trd, 4318090.543, 106
Trd, 4318091.293, 103
Trd, 4318091.743, 121
Trd, 4318092.393, 92
Trd, 4318093.793, 99
Trd, 4318095.643, 98
Trd, 4318098.193, 109
Trd, 4318098.543, 96
Trd, 4318098.893, 106
Trd, 4318099.643, 96
Trd, 4318103.293, 98
Trd, 4318103.693, 108
Trd, 4318104.943, 114
Trd, 4318106.743, 106
Trd, 4318107.743, 101
Trd, 4318108.393, 94
Trd, 4318108.493, 75
Trd, 4318109.293, 106
Trd, 4318111.293, 85
Trd, 4318111.543, 76
Trd, 4318112.943, 94
Trd, 4318115.193, 95
Trd, 4318116.443, 76
Trd, 4318117.143, 93
Trd, 4318118.543, 87
Trd, 4318119.543, 87
Trd, 4318121.143, 88
Trd, 4318121.343, 95
Trd, 4318121.993, 122
Trd, 4318124.693, 86
Trd, 4318125.243, 71
Trd, 4318126.143, 88
Trd, 4318127.293, 98
Trd, 4318128.793, 91
Trd, 4318129.093, 84
Trd, 4318133.093, 109
Trd, 4318133.143, 104
Trd, 4318133.193, 92
Trd, 4318133.793, 125
Trd, 4318134.393, 127
Trd, 4318134.543, 120
Trd, 4318135.243, 92
Trd, 4318136.093, 93
Trd, 4318137.393, 93
Trd, 4318139.743, 94
Trd, 4318141.093, 112
Trd, 4318141.543, 100
Trd, 4318144.593, 113
Trd, 4318145.693, 108
Trd, 4318146.093, 112
Trd, 4318147.193, 122
Trd, 4318147.843, 103
Trd, 4318148.143, 128
Trd, 4318148.743, 94
Trd, 4318152.643, 107
Trd, 4318154.743, 97
Trd, 4318156.293, 98
Trd, 4318156.443, 105
Trd, 4318158.193, 97
Trd, 4318159.843, 105
Trd, 4318160.643, 94
Trd, 4318162.193, 94
Trd, 4318162.943, 103
Trd, 4318163.643, 103
Trd, 4318164.793, 93
Trd, 4318165.943, 101
Trd, 4318166.443, 122
Trd, 4318167.593, 112
Trd, 4318168.143, 102
Trd, 4318170.943, 109
Trd, 4318171.843, 110
Trd, 4318173.893, 108
Trd, 4318174.693, 122
Trd, 4318175.143, 114
Trd, 4318177.443, 101
Trd, 4318180.743, 114
Trd, 4318180.943, 108
Trd, 4318181.393, 114
Trd, 4318182.743, 104
Trd, 4318182.793, 99
Trd, 4318183.893, 100
Trd, 4318185.493, 100
Trd, 4318188.943, 105
Trd, 4318189.193, 100
Trd, 4318192.893, 99
Trd, 4318194.043, 122
Trd, 4318194.793, 98
Trd, 4318196.193, 97
Trd, 4318197.793, 108
Trd, 4318198.393, 99
Trd, 4318198.993, 97
Trd, 4318199.493, 108
Trd, 4318199.943, 106
Trd, 4318201.493, 108
Trd, 4318201.743, 98
Trd, 4318203.493, 105
Trd, 4318204.093, 98
Trd, 4318204.593, 105
Trd, 4318208.043, 96
Trd, 4318210.393, 95
Trd, 4318210.643, 92
Trd, 4318212.543, 98
Trd, 4318212.793, 92
Trd, 4318214.293, 96
Trd, 4318214.993, 92
Trd, 4318215.693, 96
Trd, 4318216.393, 91
Trd, 4318218.743, 96
Trd, 4318220.043, 112
Trd, 4318220.593, 101
Trd, 4318221.093, 106
Trd, 4318222.143, 81
Trd, 4318222.693, 122
Trd, 4318223.943, 88
Trd, 4318225.693, 93
Trd, 4318226.743, 89
Trd, 4318228.643, 88
Trd, 4318230.143, 92
Trd, 4318230.593, 88
Trd, 4318232.543, 97
Trd, 4318232.793, 90
Trd, 4318232.893, 118
Trd, 4318235.043, 89
Trd, 4318236.093, 99
Trd, 4318237.293, 92
Trd, 4318237.993, 95
Trd, 4318239.093, 96
Trd, 4318239.843, 100
Trd, 4318240.493, 94
Trd, 4318241.143, 98
Trd, 4318243.443, 103
Trd, 4318243.943, 102
Trd, 4318245.193, 100
Trd, 4318245.243, 92
Trd, 4318248.043, 100
Trd, 4318249.843, 95
Trd, 4318250.193, 91
Trd, 4318252.343, 114
Trd, 4318252.893, 122
Trd, 4318253.693, 101
Trd, 4318254.843, 101
Trd, 4318256.693, 106
Trd, 4318258.593, 103
Trd, 4318259.943, 109
Trd, 4318260.843, 92
Trd, 4318261.893, 104
Trd, 4318264.443, 104
Trd, 4318265.593, 99
Trd, 4318266.793, 97
Trd, 4318268.593, 104
Trd, 4318269.443, 99
Trd, 4318271.143, 97
Trd, 4318272.393, 102
Trd, 4318273.643, 102
Trd, 4318274.943, 113
Trd, 4318275.943, 103
Trd, 4318276.493, 105
Trd, 4318276.693, 94
Trd, 4318277.643, 75
Trd, 4318280.193, 96
Trd, 4318280.593, 95
Trd, 4318282.243, 90
Trd, 4318282.893, 90
Trd, 4318283.093, 94
Trd, 4318283.743, 89
Trd, 4318284.943, 103
Trd, 4318286.393, 122
Trd, 4318286.443, 106
Trd, 4318287.793, 118
Trd, 4318289.343, 107
Trd, 4318290.143, 90
Trd, 4318291.043, 109
Trd, 4318291.593, 90
Trd, 4318294.993, 101
Trd, 4318295.693, 94
Trd, 4318297.243, 104
Trd, 4318298.143, 113
Trd, 4318300.293, 105
Trd, 4318300.743, 95
Trd, 4318301.043, 74
Trd, 4318303.593, 98
Trd, 4318304.743, 99
Trd, 4318306.143, 105
Trd, 4318306.493, 93
Trd, 4318308.043, 95
Trd, 4318308.693, 103
Trd, 4318309.143, 122
Trd, 4318310.093, 107
Trd, 4318311.693, 103
Trd, 4318312.893, 103
Trd, 4318312.993, 92
Trd, 4318313.293, 95
Trd, 4318314.143, 82
Trd, 4318316.143, 98
Trd, 4318317.943, 100
Trd, 4318318.493, 93
Trd, 4318319.893, 93
Trd, 4318321.193, 95
Trd, 4318321.493, 90
Trd, 4318321.943, 97
Trd, 4318322.693, 108
Trd, 4318325.443, 100
Trd, 4318325.843, 100
Trd, 4318326.443, 122
Trd, 4318326.793, 91
Trd, 4318328.093, 98
Trd, 4318330.793, 81
Trd, 4318330.843, 85
Trd, 4318333.643, 108
Trd, 4318334.143, 106
Trd, 4318334.693, 94
Trd, 4318336.093, 76
Trd, 4318336.943, 98
Trd, 4318338.193, 100
Trd, 4318338.493, 97
Trd, 4318338.793, 122
Trd, 4318341.343, 99
Trd, 4318342.593, 98
Trd, 4318342.843, 104
Trd, 4318347.343, 96
Trd, 4318349.143, 102
Trd, 4318349.293, 102
Trd, 4318349.493, 95
Trd, 4318349.543, 110
Trd, 4318350.343, 94
Trd, 4318354.993, 104
Trd, 4318355.393, 94
Trd, 4318356.043, 93
Trd, 4318356.443, 104
Trd, 4318358.693, 105
Trd, 4318360.243, 104
Trd, 4318360.793, 103
Trd, 4318362.093, 104
Trd, 4318363.193, 103
Trd, 4318364.493, 96
Trd, 4318366.043, 98
Trd, 4318368.693, 103
Trd, 4318368.793, 110
Trd, 4318370.943, 98
Trd, 4318372.793, 99
Trd, 4318373.443, 104
Trd, 4318374.093, 99
Trd, 4318374.293, 104
Trd, 4318376.093, 94
Trd, 4318377.943, 99
Trd, 4318379.643, 95
Trd, 4318380.343, 98
Trd, 4318381.393, 94
Trd, 4318382.493, 94
Trd, 4318382.593, 98
Trd, 4318383.343, 110
Trd, 4318384.493, 93
Trd, 4318385.443, 92
Trd, 4318387.643, 109
Trd, 4318390.843, 103
Trd, 4318391.443, 102
Trd, 4318391.993, 103
Trd, 4318392.993, 119
Trd, 4318394.443, 107
Trd, 4318395.893, 98
Trd, 4318396.943, 104
Trd, 4318397.943, 100
Trd, 4318399.043, 103
Trd, 4318399.493, 110
Trd, 4318400.793, 101
Trd, 4318401.043, 135
Trd, 4318401.743, 91
Trd, 4318403.243, 95
Trd, 4318406.693, 105
Trd, 4318407.143, 95
Trd, 4318407.943, 93
Trd, 4318409.493, 100
Trd, 4318410.593, 100
Trd, 4318412.793, 98
Trd, 4318413.843, 99
Trd, 4318413.943, 98
Trd, 4318414.993, 99
Trd, 4318415.743, 94
Trd, 4318418.493, 99
Trd, 4318419.293, 99
Trd, 4318420.043, 94
Trd, 4318420.943, 92
Trd, 4318422.793, 119
Trd, 4318423.093, 101
Trd, 4318424.143, 107
Trd, 4318424.793, 92
Trd, 4318426.743, 95
Trd, 4318428.943, 106
Trd, 4318430.443, 98
Trd, 4318431.843, 94
Trd, 4318431.993, 86
Trd, 4318432.793, 106
Trd, 4318434.443, 103
Trd, 4318435.243, 115
Trd, 4318436.543, 111
Trd, 4318436.693, 103
Trd, 4318437.193, 106
Trd, 4318437.993, 123
Trd, 4318438.193, 103
Trd, 4318440.943, 89
Trd, 4318444.343, 96
Trd, 4318445.743, 106
Trd, 4318445.843, 114
Trd, 4318447.093, 94
Trd, 4318447.543, 108
Trd, 4318448.393, 94
Trd, 4318449.793, 108
Trd, 4318452.543, 121
Trd, 4318453.143, 84
Trd, 4318453.543, 95
Trd, 4318456.993, 94
Trd, 4318457.043, 93
Trd, 4318457.443, 98
Trd, 4318458.043, 98
Trd, 4318458.443, 91
Trd, 4318460.243, 91
Trd, 4318461.193, 119
Trd, 4318461.993, 89
Trd, 4318463.193, 116
Trd, 4318464.393, 87
Trd, 4318464.593, 95
Trd, 4318465.343, 86
Trd, 4318468.093, 95
Trd, 4318468.543, 87
Trd, 4318468.993, 93
Trd, 4318470.243, 93
Trd, 4318470.743, 92
Trd, 4318472.043, 99
Trd, 4318473.543, 96
Trd, 4318473.893, 96
Trd, 4318475.793, 122
Trd, 4318475.843, 99
Trd, 4318476.143, 91
Trd, 4318477.443, 93
Trd, 4318479.893, 94
Trd, 4318481.493, 99
Trd, 4318483.043, 97
Trd, 4318483.143, 92
Trd, 4318484.143, 91
Trd, 4318484.593, 115
Trd, 4318485.793, 76
Trd, 4318487.193, 82
Trd, 4318488.193, 96
Trd, 4318488.943, 92
Trd, 4318489.543, 87
Trd, 4318489.843, 111
Trd, 4318493.043, 122
Trd, 4318493.193, 116
Trd, 4318493.993, 127
Trd, 4318494.343, 103
Trd, 4318495.993, 93
Trd, 4318497.393, 75
Trd, 4318497.593, 82
Trd, 4318497.843, 104
Trd, 4318498.993, 80
Trd, 4318499.343, 81
Trd, 4318499.893, 97
Trd, 4318503.693, 84
Trd, 4318503.793, 93
Trd, 4318504.693, 93
Trd, 4318504.943, 96
Trd, 4318506.393, 123
Trd, 4318506.843, 123
Trd, 4318506.993, 84
Trd, 4318507.743, 99
Trd, 4318509.193, 107
Trd, 4318512.043, 102
Trd, 4318512.543, 107
Trd, 4318513.793, 101
Trd, 4318515.243, 104
Trd, 4318516.543, 100
Trd, 4318519.193, 99
Trd, 4318520.493, 102
Trd, 4318521.343, 98
Trd, 4318521.693, 98
Trd, 4318521.793, 102
Trd, 4318524.243, 102
Trd, 4318524.893, 97
Trd, 4318525.293, 96
Trd, 4318525.443, 81
Trd, 4318526.693, 101
Trd, 4318529.643, 89
Trd, 4318531.593, 93
Trd, 4318531.793, 101
Trd, 4318531.893, 92
Trd, 4318532.143, 101
Trd, 4318532.243, 123
Trd, 4318533.993, 90
Trd, 4318535.443, 107
Trd, 4318535.993, 90
Trd, 4318537.143, 95
Trd, 4318539.543, 107
Trd, 4318540.043, 95
Trd, 4318541.893, 107
Trd, 4318541.993, 92
Trd, 4318543.143, 92
Trd, 4318544.043, 107
Trd, 4318545.893, 104
Trd, 4318547.893, 106
Trd, 4318548.143, 103
Trd, 4318550.443, 102
Trd, 4318550.843, 91
Trd, 4318552.093, 106
Trd, 4318552.993, 117
Trd, 4318554.093, 109
Trd, 4318554.693, 108
Trd, 4318555.643, 106
Trd, 4318556.443, 100
Trd, 4318560.343, 102
Trd, 4318560.693, 94
Trd, 4318563.193, 105
Trd, 4318563.893, 99
Trd, 4318564.343, 105
Trd, 4318564.643, 89
Trd, 4318566.643, 114
Trd, 4318567.143, 109
Trd, 4318569.793, 102
Trd, 4318571.993, 107
Trd, 4318572.243, 101
Trd, 4318575.243, 101
Trd, 4318576.493, 99
Trd, 4318576.743, 102
Trd, 4318578.293, 102
Trd, 4318580.593, 99
Trd, 4318582.993, 97
Trd, 4318583.243, 102
Trd, 4318583.743, 93
Trd, 4318584.493, 103
Trd, 4318585.593, 110
Trd, 4318586.043, 92
Trd, 4318586.943, 92
Trd, 4318589.043, 104
Trd, 4318590.543, 97
Trd, 4318590.943, 75
Trd, 4318591.693, 81
Trd, 4318592.493, 89
Trd, 4318593.243, 96
Trd, 4318594.943, 91
Trd, 4318595.693, 84
Trd, 4318598.343, 96
Trd, 4318600.543, 86
Trd, 4318601.393, 93
Trd, 4318601.443, 110
Trd, 4318602.193, 86
Trd, 4318602.743, 85
Trd, 4318603.243, 77
Trd, 4318606.343, 93
Trd, 4318608.143, 94
Trd, 4318608.243, 98
Trd, 4318609.093, 107
Trd, 4318610.793, 93
Trd, 4318611.443, 96
Trd, 4318612.343, 80
Trd, 4318612.593, 95
Trd, 4318614.943, 95
Trd, 4318617.443, 127
Trd, 4318617.993, 87
Trd, 4318619.343, 96
Trd, 4318619.643, 91
Trd, 4318621.643, 85
Trd, 4318621.743, 105
Trd, 4318622.993, 107
Trd, 4318623.543, 120
Trd, 4318627.093, 103
Trd, 4318629.193, 103
Trd, 4318629.443, 103
Trd, 4318630.543, 104
Trd, 4318632.543, 102
Trd, 4318632.593, 94
Trd, 4318633.493, 103
Trd, 4318634.993, 104
Trd, 4318636.293, 105
Trd, 4318637.243, 104
Trd, 4318637.443, 105
Trd, 4318639.193, 105
Trd, 4318641.743, 108
Trd, 4318642.693, 133
Trd, 4318643.843, 104
Trd, 4318644.993, 103
Trd, 4318645.643, 93
Trd, 4318646.143, 113
Trd, 4318647.493, 112
Trd, 4318651.143, 107
Trd, 4318652.193, 103
Trd, 4318654.243, 103
Trd, 4318654.443, 92
Trd, 4318655.843, 86
Trd, 4318656.143, 86
Trd, 4318656.793, 96
Trd, 4318659.793, 89
Trd, 4318660.493, 92
Trd, 4318663.243, 92
Trd, 4318663.943, 96
Trd, 4318664.143, 110
Trd, 4318664.493, 89
Trd, 4318664.543, 75
Trd, 4318665.743, 119
Trd, 4318666.193, 88
Trd, 4318667.193, 91
Trd, 4318667.693, 83
Trd, 4318667.843, 96
Trd, 4318672.193, 115
Trd, 4318672.493, 100
Trd, 4318672.643, 84
Trd, 4318674.643, 95
Trd, 4318675.993, 98
Trd, 4318676.693, 100
Trd, 4318677.843, 100
Trd, 4318677.993, 94
Trd, 4318679.993, 96
Trd, 4318681.043, 94
Trd, 4318681.243, 100
Trd, 4318685.043, 101
Trd, 4318685.143, 119
Trd, 4318687.993, 100
Trd, 4318688.743, 107
Trd, 4318690.593, 104
Trd, 4318691.393, 93
Trd, 4318691.593, 104
Trd, 4318692.943, 104
Trd, 4318694.143, 97
Trd, 4318694.493, 93
Trd, 4318695.693, 95
Trd, 4318697.143, 104
Trd, 4318697.543, 94
Trd, 4318698.643, 118
Trd, 4318699.793, 102
Trd, 4318701.143, 103
Trd, 4318701.393, 100
Trd, 4318702.843, 107
Trd, 4318704.393, 97
Trd, 4318705.243, 103
Trd, 4318707.293, 93
Trd, 4318708.193, 90
Trd, 4318708.893, 101
Trd, 4318709.743, 98
Trd, 4318710.443, 117
Trd, 4318710.543, 91
Trd, 4318712.343, 103
Trd, 4318713.243, 124
Trd, 4318713.493, 120
Trd, 4318717.343, 105
Trd, 4318718.143, 104
Trd, 4318719.593, 101
Trd, 4318721.843, 103
Trd, 4318722.343, 93
Trd, 4318726.643, 103
Trd, 4318727.793, 97
Trd, 4318728.093, 97
Trd, 4318728.243, 103
Trd, 4318728.943, 115
Trd, 4318729.493, 95
Trd, 4318729.793, 106
Trd, 4318731.193, 93
Trd, 4318732.993, 105
Trd, 4318734.893, 106
Trd, 4318736.093, 105
Trd, 4318736.243, 118
Trd, 4318737.543, 122
Trd, 4318737.593, 115
Trd, 4318739.543, 109
Trd, 4318740.393, 92
Trd, 4318742.043, 96
Trd, 4318744.993, 109
Trd, 4318745.093, 114
Trd, 4318745.293, 110
Trd, 4318745.393, 122
Trd, 4318745.793, 103
Trd, 4318747.293, 104
Trd, 4318748.993, 113
Trd, 4318749.643, 111
Trd, 4318750.093, 103
Trd, 4318750.143, 91
Trd, 4318752.193, 80
Trd, 4318753.293, 100
Trd, 4318755.793, 89
Trd, 4318756.693, 89
Trd, 4318756.843, 97
Trd, 4318758.093, 107
Trd, 4318758.943, 102
Trd, 4318760.143, 119
Trd, 4318761.893, 110
Trd, 4318762.593, 114
Trd, 4318764.493, 94
Trd, 4318766.443, 101
Trd, 4318767.843, 107
Trd, 4318769.143, 105
Trd, 4318769.343, 107
Trd, 4318769.443, 101
Trd, 4318773.443, 106
Trd, 4318775.193, 100
Trd, 4318775.893, 107
Trd, 4318776.643, 93
Trd, 4318777.293, 90
Trd, 4318777.393, 106
Trd, 4318779.543, 91
Trd, 4318780.743, 89
Trd, 4318783.443, 92
Trd, 4318783.943, 95
Trd, 4318784.543, 84
Trd, 4318785.693, 78
Trd, 4318786.943, 108
Trd, 4318787.693, 107
Trd, 4318789.143, 103
Trd, 4318790.193, 122
Trd, 4318791.693, 103
Trd, 4318791.993, 94
Trd, 4318793.043, 105
Trd, 4318793.743, 80
Trd, 4318794.893, 88
Trd, 4318796.693, 100
Trd, 4318796.943, 89
Trd, 4318798.293, 95
Trd, 4318798.893, 99
Trd, 4318800.093, 115
Trd, 4318800.193, 102
Trd, 4318803.393, 102
Trd, 4318803.493, 102
Trd, 4318803.793, 110
Trd, 4318803.993, 101
Trd, 4318808.143, 108
Trd, 4318808.443, 122
Trd, 4318809.993, 100
Trd, 4318811.043, 126
Trd, 4318813.243, 103
Trd, 4318813.893, 100
Trd, 4318816.443, 106
Trd, 4318817.743, 104
Trd, 4318818.243, 111
Trd, 4318818.543, 123
Trd, 4318818.643, 102
Trd, 4318820.543, 107
Trd, 4318820.943, 82
Trd, 4318822.093, 92
Trd, 4318823.343, 100
Trd, 4318825.393, 106
Trd, 4318826.193, 100
Trd, 4318826.743, 99
Trd, 4318826.993, 104
Trd, 4318830.243, 113
Trd, 4318830.643, 107
Trd, 4318831.693, 102
Trd, 4318833.993, 91
Trd, 4318836.543, 107
Trd, 4318836.943, 96
Trd, 4318837.693, 90
Trd, 4318840.393, 108
Trd, 4318841.243, 108
Trd, 4318841.393, 102
Trd, 4318842.393, 101
Trd, 4318843.043, 91
Trd, 4318845.243, 79
Trd, 4318846.543, 108
Trd, 4318846.793, 85
Trd, 4318847.843, 108
Trd, 4318848.643, 93
Trd, 4318849.093, 109
Trd, 4318852.093, 108
Trd, 4318853.043, 105
Trd, 4318854.693, 104
Trd, 4318856.443, 102
Trd, 4318857.343, 108
Trd, 4318857.643, 75
Trd, 4318857.743, 107
Trd, 4318861.343, 93
Trd, 4318862.443, 92
Trd, 4318862.543, 103
Trd, 4318863.093, 104
Trd, 4318865.543, 105
Trd, 4318867.093, 103
Trd, 4318868.443, 102
Trd, 4318871.043, 101
Trd, 4318871.743, 99
Trd, 4318872.893, 92
Trd, 4318873.493, 96
Trd, 4318874.543, 94
Trd, 4318874.643, 75
Trd, 4318877.143, 103
Trd, 4318878.693, 123
Trd, 4318878.843, 110
Trd, 4318880.243, 102
Trd, 4318880.343, 106
Trd, 4318880.743, 94
Trd, 4318884.543, 116
Trd, 4318887.293, 106
Trd, 4318887.993, 103
Trd, 4318888.343, 104
Trd, 4318888.793, 102
Trd, 4318891.193, 107
Trd, 4318891.343, 105
Trd, 4318893.193, 103
Trd, 4318893.343, 93
Trd, 4318896.243, 85
Trd, 4318897.293, 92
Trd, 4318899.743, 115
Trd, 4318900.143, 95
Trd, 4318902.143, 100
Trd, 4318902.893, 105
Trd, 4318903.243, 102
Trd, 4318903.743, 94
Trd, 4318905.543, 116
Trd, 4318906.943, 123
Trd, 4318907.993, 96
Trd, 4318908.543, 85
Trd, 4318909.943, 110
Trd, 4318911.893, 97
Trd, 4318914.943, 101
Trd, 4318915.193, 110
Trd, 4318915.893, 94
Trd, 4318919.043, 108
Trd, 4318919.493, 105
Trd, 4318919.793, 96
Trd, 4318920.093, 86
Trd, 4318920.693, 90
Trd, 4318923.993, 93
Trd, 4318925.193, 96
Trd, 4318926.543, 97
Trd, 4318927.493, 103
Trd, 4318928.793, 96
Trd, 4318929.793, 95
Trd, 4318930.343, 98
Trd, 4318932.043, 113
Trd, 4318932.893, 103
Trd, 4318934.143, 103
Trd, 4318936.043, 83
Trd, 4318936.293, 81
Trd, 4318937.743, 88
Trd, 4318937.943, 84
Trd, 4318943.493, 116
Trd, 4318943.593, 106
Trd, 4318944.743, 107
Trd, 4318947.343, 108
Trd, 4318947.593, 103
Trd, 4318951.593, 104
Trd, 4318953.193, 101
Trd, 4318956.543, 110
Trd, 4318957.343, 111
Trd, 4318958.893, 111
Trd, 4318960.593, 123
Trd, 4318961.043, 109
Trd, 4318962.043, 103
Trd, 4318962.993, 113
Trd, 4318964.343, 100
Trd, 4318965.393, 105
Trd, 4318966.193, 92
Trd, 4318967.693, 96
Trd, 4318967.793, 104
Trd, 4318968.693, 76
Trd, 4318970.893, 93
Trd, 4318971.243, 77
Trd, 4318972.443, 98
Trd, 4318973.793, 96
Trd, 4318974.343, 122
Trd, 4318974.943, 94
Trd, 4318976.593, 109
Trd, 4318977.143, 120
Trd, 4318979.243, 108
Trd, 4318980.143, 107
Trd, 4318980.593, 102
Trd, 4318980.943, 99
Trd, 4318982.593, 94
Trd, 4318984.893, 95
Trd, 4318985.043, 99
Trd, 4318987.893, 94
Trd, 4318989.193, 92
Trd, 4318989.793, 99
Trd, 4318990.243, 76
Trd, 4318992.643, 99
Trd, 4318993.293, 83
Trd, 4318994.543, 99
Trd, 4318994.643, 82
Trd, 4318996.593, 101
Trd, 4318997.193, 92
Trd, 4318999.493, 100
Trd, 4319000.693, 117
Trd, 4319001.143, 116
Trd, 4319001.643, 113
Trd, 4319001.693, 92
Trd, 4319003.443, 96
Trd, 4319004.693, 110
Trd, 4319004.743, 110
Trd, 4319006.293, 93
Trd, 4319007.893, 95
Trd, 4319010.193, 109
Trd, 4319010.893, 110
Trd, 4319012.943, 115
Trd, 4319013.293, 99
Trd, 4319015.993, 98
Trd, 4319016.993, 109
Trd, 4319018.243, 109
Trd, 4319018.543, 98
Trd, 4319019.343, 98
Trd, 4319020.443, 105
Trd, 4319021.593, 97
Trd, 4319021.743, 76
Trd, 4319022.743, 101
Trd, 4319025.193, 94
Trd, 4319025.843, 104
Trd, 4319026.393, 101
Trd, 4319027.493, 126
Trd, 4319028.393, 122
Trd, 4319029.543, 94
Trd, 4319029.743, 110
Trd, 4319029.843, 92
Trd, 4319029.993, 132
Trd, 4319032.743, 78
Trd, 4319034.843, 111
Trd, 4319035.693, 98
Trd, 4319035.843, 97
Trd, 4319037.493, 91
Trd, 4319038.193, 110
Trd, 4319039.543, 111
Trd, 4319040.593, 99
Trd, 4319042.193, 98
Trd, 4319044.543, 97
Trd, 4319045.393, 91
Trd, 4319045.493, 92
Trd, 4319046.393, 97
Trd, 4319047.393, 98
Trd, 4319048.043, 93
Trd, 4319048.293, 91
Trd, 4319049.393, 113
Trd, 4319051.343, 91
Trd, 4319052.443, 100
Trd, 4319054.793, 100
Trd, 4319054.843, 94
Trd, 4319055.643, 94
Trd, 4319056.643, 94
Trd, 4319058.243, 95
Trd, 4319060.193, 95
Trd, 4319061.143, 95
Trd, 4319061.393, 93
Trd, 4319061.743, 93
Trd, 4319062.093, 93
Trd, 4319065.193, 95
Trd, 4319065.293, 103
Trd, 4319066.443, 92
Trd, 4319067.143, 120
Trd, 4319067.643, 91
Trd, 4319067.693, 76
Trd, 4319069.243, 104
Trd, 4319071.643, 103
Trd, 4319071.843, 101
Trd, 4319073.743, 102
Trd, 4319076.193, 98
Trd, 4319076.893, 97
Trd, 4319077.493, 102
Trd, 4319080.543, 102
Trd, 4319080.743, 99
Trd, 4319082.043, 104
Trd, 4319083.243, 110
Trd, 4319083.493, 103
Trd, 4319083.593, 94
Trd, 4319086.043, 106
Trd, 4319087.343, 93
Trd, 4319087.693, 116
Trd, 4319087.843, 99
Trd, 4319088.393, 86
Trd, 4319090.093, 99
Trd, 4319090.543, 99
Trd, 4319090.743, 122
Trd, 4319091.343, 92
Trd, 4319094.893, 100
Trd, 4319095.493, 91
Trd, 4319095.743, 101
Trd, 4319097.093, 95
Trd, 4319097.793, 94
Trd, 4319099.543, 100
Trd, 4319101.643, 99
Trd, 4319103.143, 94
Trd, 4319103.243, 95
Trd, 4319104.093, 94
Trd, 4319105.393, 93
Trd, 4319105.943, 95
Trd, 4319106.293, 96
Trd, 4319107.943, 92
Trd, 4319108.993, 77
Trd, 4319109.393, 75
Trd, 4319109.743, 96
Trd, 4319111.343, 98
Trd, 4319111.993, 112
Trd, 4319113.093, 107
Trd, 4319115.993, 121
Trd, 4319116.143, 114
Trd, 4319116.693, 97
Trd, 4319116.943, 94
Trd, 4319117.093, 122
Trd, 4319119.993, 77
Trd, 4319120.143, 84
Trd, 4319120.343, 74
Trd, 4319120.743, 97
Trd, 4319124.193, 79
Trd, 4319125.443, 96
Trd, 4319126.243, 96
Trd, 4319127.443, 103
Trd, 4319127.943, 122
Trd, 4319129.843, 105
Trd, 4319130.893, 103
Trd, 4319131.843, 98
Trd, 4319132.193, 93
Trd, 4319133.693, 93
Trd, 4319135.043, 118
Trd, 4319136.293, 92
Trd, 4319138.243, 102
Trd, 4319138.843, 94
Trd, 4319140.243, 102
Trd, 4319142.043, 102
Trd, 4319142.643, 122
Trd, 4319142.793, 110
Trd, 4319143.893, 109
Trd, 4319144.793, 99
Trd, 4319146.043, 110
Trd, 4319146.693, 98
Trd, 4319147.993, 107
Trd, 4319148.593, 105
Trd, 4319149.543, 97
Trd, 4319153.093, 100
Trd, 4319153.243, 107
Trd, 4319153.393, 102
Trd, 4319153.993, 92
Trd, 4319155.893, 98
Trd, 4319156.243, 108
Trd, 4319157.343, 102
Trd, 4319157.993, 91
Trd, 4319160.393, 85
Trd, 4319160.693, 87
Trd, 4319161.793, 86
Trd, 4319162.693, 98
Trd, 4319163.493, 110
Trd, 4319165.893, 100
Trd, 4319166.093, 99
Trd, 4319166.893, 132
Trd, 4319167.743, 112
Trd, 4319168.993, 97
Trd, 4319170.743, 109
Trd, 4319172.893, 106
Trd, 4319174.293, 110
Trd, 4319175.243, 103
Trd, 4319176.443, 110
Trd, 4319176.843, 110
Trd, 4319177.393, 103
Trd, 4319183.143, 103
Trd, 4319183.293, 102
Trd, 4319184.343, 108
Trd, 4319188.193, 102
Trd, 4319188.243, 95
Trd, 4319188.293, 108
Trd, 4319190.843, 99
Trd, 4319192.043, 106
Trd, 4319194.343, 104
Trd, 4319194.393, 103
Trd, 4319197.743, 103
Trd, 4319197.843, 120
Trd, 4319198.293, 123
Trd, 4319199.043, 104
Trd, 4319200.593, 102
Trd, 4319203.343, 100
Trd, 4319204.443, 109
Trd, 4319204.993, 109
Trd, 4319205.093, 100
Trd, 4319207.593, 84
Trd, 4319208.193, 83
Trd, 4319208.793, 77
Trd, 4319209.093, 120
Trd, 4319210.443, 98
Trd, 4319211.693, 92
Trd, 4319212.393, 97
Trd, 4319212.543, 95
Trd, 4319214.093, 112
Trd, 4319215.943, 119
Trd, 4319217.293, 94
Trd, 4319218.443, 104
Trd, 4319219.843, 99
Trd, 4319219.993, 104
Trd, 4319220.943, 99
Trd, 4319221.693, 107
Trd, 4319225.693, 105
Trd, 4319226.143, 106
Trd, 4319228.393, 106
Trd, 4319228.443, 101
Trd, 4319229.493, 111
Trd, 4319230.043, 102
Trd, 4319230.993, 102
Trd, 4319232.443, 107
Trd, 4319232.743, 100
Trd, 4319235.843, 99
Trd, 4319236.543, 104
Trd, 4319238.093, 108
Trd, 4319238.293, 120
Trd, 4319240.643, 107
Trd, 4319241.443, 102
Trd, 4319241.843, 109
Trd, 4319242.593, 92
Trd, 4319244.693, 91
Trd, 4319246.993, 95
Trd, 4319247.493, 95
Trd, 4319249.993, 94
Trd, 4319250.293, 91
Trd, 4319251.243, 92
Trd, 4319252.143, 101
Trd, 4319252.943, 102
Trd, 4319254.493, 119
Trd, 4319254.693, 108
Trd, 4319255.943, 90
Trd, 4319256.643, 103
Trd, 4319259.593, 96
Trd, 4319260.843, 93
Trd, 4319261.993, 93
Trd, 4319262.993, 100
Trd, 4319263.493, 93
Trd, 4319263.693, 97
Trd, 4319264.543, 91
Trd, 4319265.693, 86
Trd, 4319267.693, 101
Trd, 4319268.743, 99
Trd, 4319270.793, 99
Trd, 4319272.793, 115
Trd, 4319272.893, 122
Trd, 4319272.993, 75
Trd, 4319276.043, 107
Trd, 4319276.293, 103
Trd, 4319278.743, 105
Trd, 4319280.043, 103
Trd, 4319280.093, 106
Trd, 4319282.393, 100
Trd, 4319283.593, 102
Trd, 4319285.443, 100
Trd, 4319288.743, 106
Trd, 4319290.043, 105
Trd, 4319290.843, 105
Trd, 4319291.993, 117
Trd, 4319292.593, 103
Trd, 4319293.143, 93
Trd, 4319293.243, 122
Trd, 4319294.293, 115
Trd, 4319295.243, 111
Trd, 4319296.543, 102
Trd, 4319299.493, 111
Trd, 4319301.143, 105
Trd, 4319303.193, 102
Trd, 4319305.143, 100
Trd, 4319305.243, 106
Trd, 4319305.493, 99
Trd, 4319307.693, 105
Trd, 4319310.743, 105
Trd, 4319311.043, 100
Trd, 4319312.943, 100
Trd, 4319314.843, 103
Trd, 4319316.193, 101
Trd, 4319317.193, 93
Trd, 4319319.393, 96
Trd, 4319320.543, 100
Trd, 4319321.293, 100
Trd, 4319322.243, 94
Trd, 4319323.193, 101
Trd, 4319323.743, 96
Trd, 4319327.193, 100
Trd, 4319327.693, 105
Trd, 4319328.093, 122
Trd, 4319328.943, 101
Trd, 4319329.493, 107
Trd, 4319330.843, 105
Trd, 4319330.993, 100
Trd, 4319334.593, 103
Trd, 4319335.693, 117
Trd, 4319336.393, 101
Trd, 4319336.493, 122
Trd, 4319336.693, 92
Trd, 4319337.343, 95
Trd, 4319337.693, 113
Trd, 4319339.143, 94
Trd, 4319343.393, 98
Trd, 4319343.843, 102
Trd, 4319344.693, 102
Trd, 4319345.093, 122
Trd, 4319346.043, 121
Trd, 4319347.643, 101
Trd, 4319347.743, 110
Trd, 4319347.943, 115
Trd, 4319349.393, 120
Trd, 4319350.293, 111
Trd, 4319350.793, 122
Trd, 4319352.893, 99
Trd, 4319352.943, 94
Trd, 4319356.543, 101
Trd, 4319356.943, 101
Trd, 4319359.043, 101
Trd, 4319359.093, 97
Trd, 4319359.893, 122
Trd, 4319361.143, 96
Trd, 4319362.243, 101
Trd, 4319362.493, 94
Trd, 4319363.943, 103
Trd, 4319365.093, 105
Trd, 4319367.743, 103
Trd, 4319367.843, 94
Trd, 4319368.793, 103
Trd, 4319369.193, 84
Trd, 4319370.593, 130
Trd, 4319370.893, 129
Trd, 4319375.143, 112
Trd, 4319375.443, 103
Trd, 4319376.793, 107
Trd, 4319378.193, 111
Trd, 4319380.093, 105
Trd, 4319380.543, 102
Trd, 4319382.343, 90
Trd, 4319383.443, 110
Trd, 4319386.093, 80
Trd, 4319387.143, 87
Trd, 4319388.243, 110
Trd, 4319388.693, 131
Trd, 4319389.643, 97
Trd, 4319391.943, 95
Trd, 4319392.943, 97
Trd, 4319393.893, 101
Trd, 4319395.743, 98
Trd, 4319396.043, 100
Trd, 4319396.393, 94
Trd, 4319396.993, 124
Trd, 4319398.943, 107
Trd, 4319401.043, 106
Trd, 4319402.043, 107
Trd, 4319402.793, 100
Trd, 4319403.793, 93
Trd, 4319405.293, 95
Trd, 4319408.243, 92
Trd, 4319408.343, 106
Trd, 4319411.843, 97
Trd, 4319412.493, 110
Trd, 4319413.243, 94
Trd, 4319413.993, 93
Trd, 4319414.493, 103
Trd, 4319415.893, 110
Trd, 4319415.943, 101
Trd, 4319417.793, 103
Trd, 4319419.093, 105
Trd, 4319419.693, 105
Trd, 4319423.743, 120
Trd, 4319424.493, 102
Trd, 4319425.143, 109
Trd, 4319425.193, 101
Trd, 4319425.293, 98
Trd, 4319427.243, 106
Trd, 4319427.493, 109
Trd, 4319429.443, 122
Trd, 4319429.793, 96
Trd, 4319431.793, 111
Trd, 4319432.343, 102
Trd, 4319433.843, 112
Trd, 4319434.093, 99
Trd, 4319435.893, 99
Trd, 4319436.743, 82
Trd, 4319437.043, 76
Trd, 4319439.293, 112
Trd, 4319441.643, 104
Trd, 4319442.343, 94
Trd, 4319444.493, 94
Trd, 4319445.843, 96
Trd, 4319446.243, 95
Trd, 4319446.493, 103
Trd, 4319448.293, 87
Trd, 4319448.643, 95
Trd, 4319451.743, 77
Trd, 4319451.843, 95
Trd, 4319452.943, 77
Trd, 4319455.543, 88
Trd, 4319455.743, 95
Trd, 4319456.593, 122
Trd, 4319457.243, 127
Trd, 4319457.693, 83
Trd, 4319460.243, 102
Trd, 4319460.393, 99
Trd, 4319461.093, 107
Trd, 4319462.793, 96
Trd, 4319463.293, 107
Trd, 4319465.543, 108
Trd, 4319466.293, 96
Trd, 4319469.593, 94
Trd, 4319470.693, 94
Trd, 4319471.693, 93
Trd, 4319472.843, 99
Trd, 4319473.493, 86
Trd, 4319473.743, 99
Trd, 4319475.243, 89
Trd, 4319477.643, 120
Trd, 4319478.193, 94
Trd, 4319479.043, 105
Trd, 4319480.443, 93
Trd, 4319480.643, 104
Trd, 4319483.393, 103
Trd, 4319485.293, 102
Trd, 4319485.343, 99
Trd, 4319486.243, 120
Trd, 4319487.443, 103
Trd, 4319488.593, 106
Trd, 4319490.743, 106
Trd, 4319490.843, 104
Trd, 4319491.993, 103
Trd, 4319492.143, 107
Trd, 4319493.593, 117
Trd, 4319493.793, 93
Trd, 4319493.943, 109
Trd, 4319496.393, 97
Trd, 4319498.093, 102
Trd, 4319499.093, 109
Trd, 4319499.743, 92
Trd, 4319502.243, 109
Trd, 4319503.043, 96
Trd, 4319503.193, 107
Trd, 4319503.543, 76
Trd, 4319505.793, 103
Trd, 4319506.543, 109
Trd, 4319507.693, 103
Trd, 4319507.793, 94
Trd, 4319509.993, 97
Trd, 4319511.043, 101
Trd, 4319512.593, 101
Trd, 4319513.893, 101
Trd, 4319513.943, 96
Trd, 4319513.993, 92
Trd, 4319515.643, 96
Trd, 4319518.143, 92
Trd, 4319519.943, 100
Trd, 4319520.993, 100
Trd, 4319521.793, 100
Trd, 4319521.843, 94
Trd, 4319522.143, 93
Trd, 4319523.393, 108
Trd, 4319525.293, 122
Trd, 4319526.243, 108
Trd, 4319527.243, 93
Trd, 4319529.393, 106
Trd, 4319529.693, 101
Trd, 4319530.093, 102
Trd, 4319531.943, 104
Trd, 4319532.343, 114
Trd, 4319533.743, 106
Trd, 4319534.143, 100
Trd, 4319535.243, 92
Trd, 4319535.493, 106
Trd, 4319538.093, 89
Trd, 4319539.443, 89
Trd, 4319540.143, 97
Trd, 4319541.093, 89
Trd, 4319542.743, 88
Trd, 4319542.943, 88
Trd, 4319543.693, 91
Trd, 4319544.693, 96
Trd, 4319546.743, 97
Trd, 4319547.593, 97
Trd, 4319549.643, 95
Trd, 4319550.193, 90
Trd, 4319550.443, 95
Trd, 4319550.843, 83
Trd, 4319550.993, 115
Trd, 4319554.293, 101
Trd, 4319557.393, 87
Trd, 4319557.693, 99
Trd, 4319559.493, 100
Trd, 4319559.643, 119
Trd, 4319560.043, 93
Trd, 4319561.043, 102
Trd, 4319562.843, 75
Trd, 4319563.643, 102
Trd, 4319565.743, 93
Trd, 4319566.343, 102
Trd, 4319567.243, 91
Trd, 4319568.743, 102
Trd, 4319571.143, 99
Trd, 4319571.443, 102
Trd, 4319571.793, 90
Trd, 4319573.893, 85
Trd, 4319574.343, 122
Trd, 4319574.943, 89
Trd, 4319575.293, 88
Trd, 4319577.643, 107
Trd, 4319579.543, 107
Trd, 4319579.843, 94
Trd, 4319582.243, 107
Trd, 4319582.393, 105
Trd, 4319583.293, 75
Trd, 4319583.393, 80
Trd, 4319584.743, 100
Trd, 4319585.843, 109
Trd, 4319586.243, 120
Trd, 4319586.543, 93
Trd, 4319588.793, 122
Trd, 4319589.843, 129
Trd, 4319591.093, 121
Trd, 4319592.143, 92
Trd, 4319594.293, 95
Trd, 4319595.943, 96
Trd, 4319597.293, 98
Trd, 4319597.893, 95
Trd, 4319598.593, 110
Trd, 4319599.643, 110
Trd, 4319599.743, 107
Trd, 4319600.643, 94
Trd, 4319602.643, 105
Trd, 4319604.493, 122
Trd, 4319606.743, 108
Trd, 4319607.593, 100
Trd, 4319608.143, 97
Trd, 4319608.243, 110
Trd, 4319612.543, 109
Trd, 4319612.793, 104
Trd, 4319613.293, 110
Trd, 4319613.443, 120
Trd, 4319614.193, 107
Trd, 4319614.293, 103
Trd, 4319615.143, 103
Trd, 4319618.543, 111
Trd, 4319619.293, 103
Trd, 4319619.893, 99
Trd, 4319622.193, 98
Trd, 4319622.693, 107
Trd, 4319623.143, 98
Trd, 4319623.193, 106
Trd, 4319624.043, 93
Trd, 4319627.443, 103
Trd, 4319627.843, 97
Trd, 4319628.643, 103
Trd, 4319630.143, 97
Trd, 4319630.643, 94
Trd, 4319631.543, 93
Trd, 4319633.593, 91
Trd, 4319634.293, 103
Trd, 4319636.443, 95
Trd, 4319637.743, 103
Trd, 4319639.593, 100
Trd, 4319640.643, 86
Trd, 4319640.943, 97
Trd, 4319641.743, 96
Trd, 4319642.643, 89
Trd, 4319643.743, 106
Trd, 4319645.343, 102
Trd, 4319646.343, 100
Trd, 4319647.293, 115
Trd, 4319647.343, 87
Trd, 4319647.793, 122
Trd, 4319649.693, 91
Trd, 4319650.243, 75
Trd, 4319650.943, 82
Trd, 4319652.243, 98
Trd, 4319652.793, 107
Trd, 4319655.493, 78
Trd, 4319656.393, 92
Trd, 4319657.143, 95
Trd, 4319660.093, 92
Trd, 4319660.743, 94
Trd, 4319661.593, 94
Trd, 4319661.743, 92
Trd, 4319664.293, 112
Trd, 4319664.593, 111
Trd, 4319666.343, 110
Trd, 4319667.443, 101
Trd, 4319668.243, 90
Trd, 4319670.793, 74
Trd, 4319671.143, 105
Trd, 4319672.293, 115
Trd, 4319673.593, 77
Trd, 4319673.843, 110
Trd, 4319674.843, 98
Trd, 4319675.943, 109
Trd, 4319676.743, 90
Trd, 4319677.693, 94
Trd, 4319678.593, 95
Trd, 4319678.843, 110
Trd, 4319679.843, 99
Trd, 4319680.493, 101
Trd, 4319681.043, 127
Trd, 4319683.043, 92
Trd, 4319683.243, 91
Trd, 4319685.243, 105
Trd, 4319686.993, 104
Trd, 4319688.943, 93
Trd, 4319689.493, 119
Trd, 4319689.543, 90
Trd, 4319689.843, 81
Trd, 4319692.393, 74
Trd, 4319692.843, 95
Trd, 4319693.893, 80
Trd, 4319694.243, 101
Trd, 4319696.193, 112
Trd, 4319696.743, 123
Trd, 4319698.143, 94
Trd, 4319699.643, 103
Trd, 4319702.543, 103
Trd, 4319702.843, 99
Trd, 4319703.143, 103
Trd, 4319703.793, 99
Trd, 4319705.193, 101
Trd, 4319705.793, 80
Trd, 4319706.093, 91
Trd, 4319707.893, 103
Trd, 4319709.643, 103
Trd, 4319709.793, 94
Trd, 4319710.993, 95
Trd, 4319712.043, 100
Trd, 4319713.443, 100
Trd, 4319714.843, 94
Trd, 4319716.443, 98
Trd, 4319716.993, 106
Trd, 4319717.143, 99
Trd, 4319717.743, 117
Trd, 4319723.393, 105
Trd, 4319723.843, 102
Trd, 4319726.193, 105
Trd, 4319726.493, 122
Trd, 4319726.743, 93
Trd, 4319728.393, 78
Trd, 4319729.493, 126
Trd, 4319730.243, 88
Trd, 4319731.393, 87
Trd, 4319732.693, 108
Trd, 4319733.093, 105
Trd, 4319735.643, 103
Trd, 4319736.493, 102
Trd, 4319736.943, 108
Trd, 4319738.993, 102
Trd, 4319741.093, 104
Trd, 4319744.043, 99
Trd, 4319744.193, 94
Trd, 4319745.443, 103
Trd, 4319745.593, 96
Trd, 4319745.843, 110
Trd, 4319748.143, 106
Trd, 4319748.443, 95
Trd, 4319748.493, 94
Trd, 4319749.893, 93
Trd, 4319751.443, 102
Trd, 4319752.243, 92
Trd, 4319755.643, 104
Trd, 4319755.893, 104
Trd, 4319758.443, 93
Trd, 4319760.493, 104
Trd, 4319760.643, 104
Trd, 4319760.893, 95
Trd, 4319762.093, 122
Trd, 4319764.643, 111
Trd, 4319764.893, 122
Trd, 4319766.393, 109
Trd, 4319768.393, 102
Trd, 4319769.493, 110
Trd, 4319770.493, 108
Trd, 4319771.043, 94
Trd, 4319772.993, 110
Trd, 4319773.493, 81
Trd, 4319774.693, 97
Trd, 4319775.343, 110
Trd, 4319775.843, 89
Trd, 4319776.943, 88
Trd, 4319779.193, 97
Trd, 4319780.093, 96
Trd, 4319780.743, 98
Trd, 4319781.093, 92
Trd, 4319782.193, 98
Trd, 4319782.493, 115
Trd, 4319785.093, 102
Trd, 4319785.343, 97
Trd, 4319785.893, 96
Trd, 4319789.293, 96
Trd, 4319790.043, 98
Trd, 4319793.893, 95
Trd, 4319794.443, 96
Trd, 4319794.793, 94
Trd, 4319797.743, 97
Trd, 4319797.793, 93
Trd, 4319797.943, 97
Trd, 4319800.943, 107
Trd, 4319802.743, 105
Trd, 4319802.943, 124
Trd, 4319804.943, 103
Trd, 4319807.293, 91
Trd, 4319807.543, 102
Trd, 4319809.193, 110
Trd, 4319809.643, 96
Trd, 4319810.943, 95
Trd, 4319813.593, 120
Trd, 4319813.643, 103
Trd, 4319814.043, 114
Trd, 4319814.843, 112
Trd, 4319816.643, 98
Trd, 4319819.143, 127
Trd, 4319819.443, 104
Trd, 4319820.743, 94
Trd, 4319821.493, 80
Trd, 4319822.993, 85
Trd, 4319823.543, 99
Trd, 4319823.943, 99
Trd, 4319825.043, 97
Trd, 4319825.643, 84
Trd, 4319827.493, 83
Trd, 4319828.193, 94
Trd, 4319829.643, 93
Trd, 4319829.743, 86
Trd, 4319830.843, 120
Trd, 4319835.743, 97
Trd, 4319836.343, 91
Trd, 4319836.593, 91
Trd, 4319837.593, 90
Trd, 4319837.893, 95
Trd, 4319840.243, 95
Trd, 4319840.343, 89
Trd, 4319840.543, 87
Trd, 4319840.943, 95
Trd, 4319842.443, 86
Trd, 4319843.693, 95
Trd, 4319844.543, 86
Trd, 4319844.693, 115
Trd, 4319846.843, 99
Trd, 4319847.793, 91
Trd, 4319849.593, 98
Trd, 4319850.043, 94
Trd, 4319850.893, 76
Trd, 4319851.493, 125
Trd, 4319851.893, 106
Trd, 4319856.343, 102
Trd, 4319857.493, 100
Trd, 4319857.843, 99
Trd, 4319858.293, 101
Trd, 4319858.343, 94
Trd, 4319859.643, 84
Trd, 4319860.193, 89
Trd, 4319861.893, 122
Trd, 4319863.093, 94
Trd, 4319866.893, 107
Trd, 4319867.343, 100
Trd, 4319867.693, 98
Trd, 4319867.893, 108
Trd, 4319869.593, 101
Trd, 4319870.143, 108
Trd, 4319871.993, 100
Trd, 4319873.193, 117
Trd, 4319873.393, 93
Trd, 4319874.743, 89
Trd, 4319875.943, 91
Trd, 4319876.343, 90
Trd, 4319877.493, 99
Trd, 4319878.243, 100
Trd, 4319878.493, 110
Trd, 4319879.643, 66
Trd, 4319883.693, 87
Trd, 4319884.293, 96
Trd, 4319885.143, 96
Trd, 4319888.493, 92
Trd, 4319888.743, 96
Trd, 4319889.693, 96
Trd, 4319891.743, 107
Trd, 4319893.993, 96
Trd, 4319894.143, 91
Trd, 4319895.443, 96
Trd, 4319895.543, 93
Trd, 4319897.343, 101
Trd, 4319898.343, 101
Trd, 4319899.143, 122
Trd, 4319899.793, 131
Trd, 4319902.393, 111
Trd, 4319903.043, 92
Trd, 4319905.093, 104
Trd, 4319908.093, 104
Trd, 4319909.643, 103
Trd, 4319910.093, 109
Trd, 4319910.293, 102
Trd, 4319911.643, 107
Trd, 4319914.043, 102
Trd, 4319915.293, 102
Trd, 4319916.293, 101
Trd, 4319918.243, 104
Trd, 4319919.093, 103
Trd, 4319921.643, 101
Trd, 4319921.993, 93
Trd, 4319923.393, 103
Trd, 4319924.143, 103
Trd, 4319925.943, 113
Trd, 4319927.343, 106
Trd, 4319927.793, 116
Trd, 4319929.843, 95
Trd, 4319930.093, 109
Trd, 4319930.843, 94
Trd, 4319930.993, 111
Trd, 4319931.543, 93
Trd, 4319932.543, 127
Trd, 4319933.693, 113
Trd, 4319934.593, 92
Trd, 4319934.893, 76
Trd, 4319935.793, 122
Trd, 4319938.043, 105
Trd, 4319938.993, 123
Trd, 4319942.693, 104
Trd, 4319943.143, 103
Trd, 4319944.543, 113
Trd, 4319946.643, 82
Trd, 4319948.593, 92
Trd, 4319949.043, 88
Trd, 4319949.693, 94
Trd, 4319950.593, 95
Trd, 4319951.743, 94
Trd, 4319953.393, 90
Trd, 4319953.493, 92
Trd, 4319954.843, 95
Trd, 4319955.143, 89
Trd, 4319956.793, 92
Trd, 4319958.893, 89
Trd, 4319960.043, 102
Trd, 4319961.093, 87
Trd, 4319961.843, 95
Trd, 4319962.393, 111
Trd, 4319962.843, 122
Trd, 4319962.993, 76
Trd, 4319964.493, 101
Trd, 4319967.643, 102
Trd, 4319968.043, 104
Trd, 4319969.193, 104
Trd, 4319970.193, 101
Trd, 4319971.143, 112
Trd, 4319971.843, 108
Trd, 4319973.293, 122
Trd, 4319974.443, 107
Trd, 4319979.043, 107
Trd, 4319979.193, 103
Trd, 4319979.693, 109
Trd, 4319980.293, 122
Trd, 4319981.843, 108
Trd, 4319982.443, 109
Trd, 4319983.593, 93
Trd, 4319984.143, 112
Trd, 4319984.843, 96
Trd, 4319988.293, 103
Trd, 4319989.193, 94
Trd, 4319989.593, 122
Trd, 4319990.643, 92
Trd, 4319991.843, 93
Trd, 4319992.443, 131
Trd, 4319993.993, 92
Trd, 4319994.543, 92
Trd, 4319994.643, 101
Trd, 4319996.043, 103
Trd, 4319996.343, 110
Trd, 4319998.643, 105
Trd, 4319999.243, 91
