Trd, 4317677.843, 98
Trd, 4317680.093, 95
Trd, 4317685.143, 98
Trd, 4317687.443, 98
Trd, 4317692.143, 97
Trd, 4317693.193, 96
Trd, 4317698.793, 95
Trd, 4317699.443, 94
Trd, 4317701.793, 93
Trd, 4317706.193, 95
Trd, 4317708.593, 94
Trd, 4317711.343, 92
Trd, 4317713.993, 94
Trd, 4317718.193, 94
Trd, 4317719.093, 92
Trd, 4317719.743, 93
Trd, 4317724.193, 93
Trd, 4317728.593, 93
Trd, 4317733.143, 94
Trd, 4317738.193, 95
Trd, 4317740.793, 93
Trd, 4317743.043, 95
Trd, 4317744.443, 92
Trd, 4317750.043, 93
Trd, 4317753.493, 95
Trd, 4317757.893, 92
Trd, 4317758.443, 92
Trd, 4317758.993, 92
Trd, 4317759.193, 95
Trd, 4317762.293, 107
Trd, 4317762.693, 101
Trd, 4317764.643, 95
Trd, 4317765.243, 95
Trd, 4317769.243, 107
Trd, 4317771.743, 96
Trd, 4317772.093, 101
Trd, 4317772.243, 101
Trd, 4317774.243, 99
Trd, 4317775.443, 98
Trd, 4317777.693, 111
Trd, 4317778.643, 110
Trd, 4317781.593, 115
Trd, 4317783.393, 115
Trd, 4317784.393, 113
Trd, 4317786.043, 106
Trd, 4317786.493, 108
Trd, 4317787.193, 115
Trd, 4317789.293, 114
Trd, 4317792.543, 112
Trd, 4317795.343, 111
Trd, 4317799.843, 109
Trd, 4317815.043, 109
Trd, 4317815.843, 109
Trd, 4317817.993, 110
Trd, 4317822.093, 109
Trd, 4317829.193, 110
Trd, 4317829.643, 109
Trd, 4317829.743, 108
Trd, 4317830.993, 104
Trd, 4317833.293, 104
Trd, 4317835.393, 106
Trd, 4317837.943, 105
Trd, 4317844.043, 104
Trd, 4317844.243, 105
Trd, 4317844.593, 106
Trd, 4317851.543, 103
Trd, 4317851.893, 105
Trd, 4317852.793, 103
Trd, 4317854.943, 105
Trd, 4317859.143, 102
Trd, 4317862.693, 105
Trd, 4317866.993, 102
Trd, 4317867.143, 105
Trd, 4317872.593, 105
Trd, 4317877.943, 103
Trd, 4317885.443, 103
Trd, 4317886.343, 102
Trd, 4317889.493, 103
Trd, 4317894.143, 102
Trd, 4317894.393, 102
Trd, 4317899.243, 101
Trd, 4317899.493, 101
Trd, 4317900.693, 102
Trd, 4317907.343, 100
Trd, 4317909.443, 99
Trd, 4317909.593, 102
Trd, 4317914.143, 110
Trd, 4317914.743, 110
Trd, 4317915.293, 107
Trd, 4317916.943, 104
Trd, 4317917.093, 108
Trd, 4317919.243, 104
Trd, 4317924.243, 103
Trd, 4317924.643, 105
Trd, 4317930.693, 104
Trd, 4317939.643, 101
Trd, 4317939.993, 104
Trd, 4317945.043, 104
Trd, 4317949.593, 104
Trd, 4317956.193, 100
Trd, 4317956.343, 103
Trd, 4317957.643, 103
Trd, 4317966.093, 103
Trd, 4317967.293, 102
Trd, 4317978.093, 102
Trd, 4317983.143, 102
Trd, 4317990.243, 101
Trd, 4317990.943, 102
Trd, 4317991.243, 100
Trd, 4317994.693, 102
Trd, 4317997.393, 99
Trd, 4318005.693, 101
Trd, 4318012.143, 100
Trd, 4318013.643, 98
Trd, 4318016.843, 99
Trd, 4318017.643, 99
Trd, 4318017.693, 98
Trd, 4318024.743, 99
Trd, 4318027.943, 97
Trd, 4318031.243, 98
Trd, 4318035.493, 99
Trd, 4318046.093, 95
Trd, 4318047.593, 99
Trd, 4318051.543, 98
Trd, 4318053.443, 95
Trd, 4318057.143, 97
Trd, 4318062.543, 96
Trd, 4318063.093, 96
Trd, 4318065.293, 107
Trd, 4318065.343, 102
Trd, 4318065.743, 101
Trd, 4318066.493, 94
Trd, 4318068.593, 104
Trd, 4318070.693, 109
Trd, 4318071.643, 110
Trd, 4318075.043, 109
Trd, 4318081.343, 108
Trd, 4318084.493, 107
Trd, 4318084.993, 110
Trd, 4318085.543, 106
Trd, 4318087.593, 106
Trd, 4318090.343, 105
Trd, 4318091.093, 110
Trd, 4318095.443, 104
Trd, 4318095.593, 105
Trd, 4318097.093, 104
Trd, 4318097.443, 103
Trd, 4318099.643, 103
Trd, 4318103.743, 103
Trd, 4318106.143, 103
Trd, 4318113.093, 103
Trd, 4318116.393, 103
Trd, 4318121.993, 102
Trd, 4318122.243, 103
Trd, 4318129.193, 101
Trd, 4318131.893, 103
Trd, 4318137.993, 101
Trd, 4318141.643, 103
Trd, 4318147.893, 100
Trd, 4318148.393, 102
Trd, 4318150.293, 102
Trd, 4318151.693, 100
Trd, 4318158.343, 102
Trd, 4318158.743, 99
Trd, 4318162.143, 101
Trd, 4318166.643, 100
Trd, 4318170.793, 101
Trd, 4318176.043, 100
Trd, 4318176.093, 101
Trd, 4318179.843, 101
Trd, 4318183.393, 99
Trd, 4318184.743, 100
Trd, 4318190.443, 100
Trd, 4318190.743, 100
Trd, 4318200.143, 100
Trd, 4318202.043, 101
Trd, 4318204.493, 100
Trd, 4318210.543, 99
Trd, 4318212.743, 99
Trd, 4318217.593, 100
Trd, 4318219.693, 98
Trd, 4318221.143, 99
Trd, 4318229.243, 99
Trd, 4318229.343, 98
Trd, 4318230.843, 97
Trd, 4318232.643, 96
Trd, 4318234.593, 98
Trd, 4318238.843, 97
Trd, 4318239.693, 97
Trd, 4318240.393, 98
Trd, 4318242.743, 97
Trd, 4318243.743, 96
Trd, 4318244.493, 96
Trd, 4318249.643, 96
Trd, 4318252.043, 96
Trd, 4318254.343, 95
Trd, 4318257.593, 95
Trd, 4318260.893, 95
Trd, 4318260.943, 94
Trd, 4318261.543, 94
Trd, 4318262.593, 94
Trd, 4318264.143, 102
Trd, 4318265.193, 95
Trd, 4318268.693, 113
Trd, 4318270.293, 111
Trd, 4318272.543, 106
Trd, 4318275.593, 109
Trd, 4318276.193, 110
Trd, 4318277.043, 102
Trd, 4318279.043, 101
Trd, 4318281.493, 103
Trd, 4318283.093, 98
Trd, 4318286.093, 112
Trd, 4318286.443, 111
Trd, 4318287.543, 110
Trd, 4318289.343, 108
Trd, 4318290.143, 96
Trd, 4318291.093, 102
Trd, 4318291.593, 103
Trd, 4318294.093, 100
Trd, 4318294.993, 100
Trd, 4318298.843, 101
Trd, 4318301.143, 100
Trd, 4318304.543, 100
Trd, 4318306.393, 100
Trd, 4318306.793, 98
Trd, 4318310.293, 101
Trd, 4318311.293, 98
Trd, 4318316.293, 100
Trd, 4318317.543, 101
Trd, 4318323.843, 100
Trd, 4318325.093, 99
Trd, 4318330.943, 95
Trd, 4318331.893, 99
Trd, 4318334.193, 99
Trd, 4318341.843, 99
Trd, 4318342.993, 95
Trd, 4318344.093, 94
Trd, 4318347.693, 97
Trd, 4318349.443, 94
Trd, 4318355.743, 96
Trd, 4318355.893, 96
Trd, 4318357.443, 95
Trd, 4318357.893, 95
Trd, 4318358.843, 96
Trd, 4318362.443, 93
Trd, 4318363.093, 87
Trd, 4318366.443, 91
Trd, 4318367.343, 90
Trd, 4318368.643, 101
Trd, 4318370.343, 108
Trd, 4318371.443, 109
Trd, 4318373.493, 108
Trd, 4318373.943, 112
Trd, 4318376.343, 99
Trd, 4318376.843, 99
Trd, 4318379.143, 100
Trd, 4318379.743, 113
Trd, 4318384.143, 107
Trd, 4318385.093, 107
Trd, 4318385.243, 106
Trd, 4318387.793, 112
Trd, 4318389.793, 112
Trd, 4318392.993, 111
Trd, 4318394.593, 110
Trd, 4318395.643, 108
Trd, 4318396.793, 109
Trd, 4318398.793, 102
Trd, 4318400.093, 105
Trd, 4318400.243, 99
Trd, 4318402.893, 99
Trd, 4318404.893, 101
Trd, 4318405.443, 100
Trd, 4318411.843, 101
Trd, 4318414.943, 101
Trd, 4318415.143, 100
Trd, 4318415.443, 99
Trd, 4318424.593, 100
Trd, 4318430.593, 99
Trd, 4318431.693, 100
Trd, 4318435.893, 100
Trd, 4318437.593, 99
Trd, 4318441.793, 100
Trd, 4318446.343, 99
Trd, 4318446.393, 98
Trd, 4318448.443, 99
Trd, 4318455.643, 99
Trd, 4318457.043, 99
Trd, 4318461.193, 99
Trd, 4318468.443, 99
Trd, 4318468.893, 99
Trd, 4318475.293, 99
Trd, 4318476.693, 97
Trd, 4318480.843, 98
Trd, 4318481.843, 98
Trd, 4318485.093, 98
Trd, 4318487.243, 98
Trd, 4318488.543, 96
Trd, 4318492.243, 95
Trd, 4318493.393, 98
Trd, 4318498.893, 97
Trd, 4318505.443, 97
Trd, 4318506.143, 95
Trd, 4318506.693, 96
Trd, 4318509.843, 97
Trd, 4318512.993, 95
Trd, 4318518.193, 97
Trd, 4318522.893, 95
Trd, 4318523.443, 96
Trd, 4318523.893, 94
Trd, 4318524.743, 97
Trd, 4318526.993, 95
Trd, 4318539.643, 95
Trd, 4318545.293, 95
Trd, 4318553.893, 95
Trd, 4318557.893, 95
Trd, 4318565.093, 93
Trd, 4318569.443, 95
Trd, 4318573.643, 95
Trd, 4318576.193, 92
Trd, 4318579.043, 95
Trd, 4318582.943, 95
Trd, 4318583.393, 95
Trd, 4318584.143, 97
Trd, 4318586.543, 105
Trd, 4318587.043, 107
Trd, 4318587.243, 107
Trd, 4318589.993, 109
Trd, 4318590.993, 108
Trd, 4318591.943, 90
Trd, 4318593.043, 110
Trd, 4318595.693, 122
Trd, 4318597.043, 128
Trd, 4318597.843, 123
Trd, 4318598.293, 106
Trd, 4318600.193, 109
Trd, 4318601.543, 120
Trd, 4318601.593, 92
Trd, 4318602.593, 108
Trd, 4318605.843, 113
Trd, 4318606.093, 112
Trd, 4318607.593, 111
Trd, 4318609.143, 111
Trd, 4318611.093, 105
Trd, 4318612.193, 106
Trd, 4318612.493, 107
Trd, 4318613.943, 106
Trd, 4318614.893, 107
Trd, 4318616.943, 107
Trd, 4318618.693, 107
Trd, 4318620.493, 110
Trd, 4318621.043, 109
Trd, 4318622.193, 107
Trd, 4318623.493, 106
Trd, 4318625.343, 105
Trd, 4318626.643, 112
Trd, 4318627.143, 108
Trd, 4318627.943, 107
Trd, 4318631.743, 108
Trd, 4318632.043, 106
Trd, 4318634.443, 106
Trd, 4318635.743, 104
Trd, 4318636.893, 99
Trd, 4318637.593, 101
Trd, 4318638.443, 111
Trd, 4318639.793, 111
Trd, 4318640.493, 110
Trd, 4318642.443, 112
Trd, 4318644.043, 106
Trd, 4318649.393, 112
Trd, 4318652.093, 110
Trd, 4318652.393, 109
Trd, 4318654.343, 109
Trd, 4318656.993, 109
Trd, 4318663.943, 108
Trd, 4318665.593, 108
Trd, 4318665.993, 107
Trd, 4318671.493, 111
Trd, 4318671.893, 107
Trd, 4318676.343, 108
Trd, 4318677.093, 107
Trd, 4318678.393, 105
Trd, 4318685.493, 107
Trd, 4318688.843, 107
Trd, 4318692.943, 105
Trd, 4318696.243, 107
Trd, 4318700.843, 107
Trd, 4318702.143, 109
Trd, 4318702.443, 106
Trd, 4318704.043, 109
Trd, 4318704.493, 108
Trd, 4318706.643, 110
Trd, 4318707.293, 110
Trd, 4318709.243, 109
Trd, 4318709.293, 109
Trd, 4318714.943, 108
Trd, 4318717.243, 108
Trd, 4318730.843, 106
Trd, 4318739.043, 109
Trd, 4318739.093, 106
Trd, 4318747.843, 106
Trd, 4318748.743, 106
Trd, 4318750.893, 105
Trd, 4318752.993, 106
Trd, 4318754.543, 109
Trd, 4318755.543, 107
Trd, 4318755.693, 108
Trd, 4318756.893, 108
Trd, 4318758.943, 106
Trd, 4318759.093, 107
Trd, 4318761.043, 106
Trd, 4318764.643, 95
Trd, 4318764.693, 102
Trd, 4318765.593, 98
Trd, 4318767.493, 106
Trd, 4318769.143, 110
Trd, 4318770.293, 106
Trd, 4318772.693, 108
Trd, 4318773.093, 107
Trd, 4318774.443, 106
Trd, 4318775.243, 108
Trd, 4318776.743, 106
Trd, 4318778.793, 106
Trd, 4318780.543, 107
Trd, 4318782.593, 106
Trd, 4318784.843, 106
Trd, 4318785.293, 107
Trd, 4318786.293, 105
Trd, 4318790.093, 106
Trd, 4318796.643, 106
Trd, 4318800.043, 106
Trd, 4318803.293, 103
Trd, 4318804.343, 103
Trd, 4318806.793, 106
Trd, 4318809.643, 102
Trd, 4318815.193, 106
Trd, 4318818.643, 105
Trd, 4318821.643, 103
Trd, 4318833.743, 105
Trd, 4318835.893, 105
Trd, 4318838.393, 115
Trd, 4318839.993, 116
Trd, 4318840.843, 115
Trd, 4318841.943, 114
Trd, 4318842.993, 114
Trd, 4318847.093, 114
Trd, 4318847.643, 114
Trd, 4318848.393, 111
Trd, 4318849.493, 104
Trd, 4318851.443, 107
Trd, 4318852.393, 102
Trd, 4318852.743, 111
Trd, 4318855.043, 105
Trd, 4318855.743, 105
Trd, 4318855.843, 104
Trd, 4318857.743, 94
Trd, 4318860.643, 105
Trd, 4318863.143, 102
Trd, 4318867.093, 102
Trd, 4318870.643, 101
Trd, 4318873.293, 100
Trd, 4318874.393, 98
Trd, 4318877.343, 100
Trd, 4318883.193, 100
Trd, 4318889.243, 100
Trd, 4318890.393, 101
Trd, 4318896.843, 100
Trd, 4318899.993, 100
Trd, 4318902.243, 99
Trd, 4318902.493, 99
Trd, 4318905.043, 99
Trd, 4318908.943, 99
Trd, 4318910.343, 98
Trd, 4318912.593, 99
Trd, 4318919.293, 98
Trd, 4318920.593, 98
Trd, 4318920.943, 97
Trd, 4318926.093, 97
Trd, 4318926.143, 96
Trd, 4318934.593, 96
Trd, 4318936.593, 96
Trd, 4318937.293, 95
Trd, 4318938.193, 113
Trd, 4318939.693, 109
Trd, 4318942.893, 112
Trd, 4318943.943, 111
Trd, 4318944.143, 111
Trd, 4318946.043, 111
Trd, 4318947.243, 109
Trd, 4318948.293, 105
Trd, 4318948.693, 105
Trd, 4318949.493, 94
Trd, 4318953.993, 99
Trd, 4318955.893, 102
Trd, 4318955.943, 105
Trd, 4318956.543, 104
Trd, 4318960.693, 105
Trd, 4318961.543, 103
Trd, 4318964.093, 103
Trd, 4318964.743, 102
Trd, 4318970.843, 104
Trd, 4318974.743, 104
Trd, 4318979.293, 104
Trd, 4318988.043, 101
Trd, 4318989.843, 103
Trd, 4318991.893, 101
Trd, 4318995.193, 102
Trd, 4318996.193, 101
Trd, 4318997.593, 101
Trd, 4318997.743, 100
Trd, 4319000.793, 100
Trd, 4319001.193, 98
Trd, 4319006.493, 98
Trd, 4319007.293, 98
Trd, 4319010.593, 98
Trd, 4319015.893, 98
Trd, 4319016.743, 98
Trd, 4319017.393, 98
Trd, 4319018.243, 106
Trd, 4319019.243, 101
Trd, 4319020.193, 81
Trd, 4319021.143, 105
Trd, 4319022.093, 101
Trd, 4319025.443, 104
Trd, 4319030.543, 101
Trd, 4319032.343, 105
Trd, 4319033.943, 101
Trd, 4319037.943, 105
Trd, 4319041.493, 101
Trd, 4319048.543, 100
Trd, 4319049.893, 101
Trd, 4319053.293, 99
Trd, 4319055.693, 100
Trd, 4319060.843, 100
Trd, 4319065.343, 100
Trd, 4319072.793, 99
Trd, 4319076.693, 100
Trd, 4319076.743, 100
Trd, 4319077.093, 99
Trd, 4319079.793, 103
Trd, 4319080.393, 111
Trd, 4319083.193, 115
Trd, 4319084.793, 115
Trd, 4319084.893, 114
Trd, 4319086.693, 113
Trd, 4319089.043, 114
Trd, 4319098.093, 113
Trd, 4319098.643, 113
Trd, 4319099.143, 113
Trd, 4319103.093, 112
Trd, 4319104.693, 111
Trd, 4319110.443, 111
Trd, 4319111.843, 110
Trd, 4319117.593, 111
Trd, 4319119.493, 113
Trd, 4319120.093, 109
Trd, 4319123.893, 111
Trd, 4319132.543, 109
Trd, 4319134.093, 108
Trd, 4319134.543, 111
Trd, 4319142.543, 107
Trd, 4319145.693, 106
Trd, 4319146.743, 110
Trd, 4319153.893, 109
Trd, 4319155.993, 110
Trd, 4319156.293, 110
Trd, 4319162.543, 108
Trd, 4319164.143, 109
Trd, 4319166.043, 110
Trd, 4319169.843, 109
Trd, 4319170.143, 107
Trd, 4319175.143, 108
Trd, 4319180.143, 109
Trd, 4319180.243, 108
Trd, 4319183.143, 107
Trd, 4319187.993, 108
Trd, 4319189.143, 106
Trd, 4319192.943, 108
Trd, 4319200.493, 106
Trd, 4319202.593, 106
Trd, 4319204.643, 106
Trd, 4319205.293, 105
Trd, 4319207.443, 104
Trd, 4319209.293, 103
Trd, 4319209.443, 103
Trd, 4319213.143, 102
Trd, 4319213.643, 103
Trd, 4319217.643, 101
Trd, 4319225.493, 103
Trd, 4319226.893, 101
Trd, 4319231.793, 102
Trd, 4319231.843, 101
Trd, 4319242.193, 102
Trd, 4319247.093, 102
Trd, 4319247.793, 100
Trd, 4319250.843, 101
Trd, 4319254.793, 100
Trd, 4319262.443, 101
Trd, 4319267.493, 101
Trd, 4319270.893, 99
Trd, 4319273.193, 101
Trd, 4319277.693, 98
Trd, 4319282.343, 97
Trd, 4319282.793, 98
Trd, 4319287.443, 97
Trd, 4319288.193, 96
Trd, 4319288.643, 97
Trd, 4319293.093, 95
Trd, 4319294.743, 97
Trd, 4319297.493, 96
Trd, 4319299.593, 96
Trd, 4319305.893, 95
Trd, 4319306.243, 94
Trd, 4319314.743, 95
Trd, 4319316.543, 94
Trd, 4319316.943, 95
Trd, 4319321.093, 109
Trd, 4319321.693, 106
Trd, 4319321.893, 104
Trd, 4319324.493, 102
Trd, 4319326.143, 106
Trd, 4319327.243, 105
Trd, 4319327.943, 105
Trd, 4319332.093, 109
Trd, 4319332.543, 109
Trd, 4319336.793, 110
Trd, 4319341.943, 109
Trd, 4319342.193, 110
Trd, 4319344.993, 108
Trd, 4319348.943, 110
Trd, 4319349.943, 97
Trd, 4319350.693, 101
Trd, 4319352.743, 99
Trd, 4319355.643, 103
Trd, 4319358.393, 110
Trd, 4319359.443, 114
Trd, 4319359.843, 108
Trd, 4319361.593, 110
Trd, 4319362.643, 108
Trd, 4319365.243, 107
Trd, 4319372.593, 107
Trd, 4319373.143, 108
Trd, 4319373.793, 108
Trd, 4319374.293, 108
Trd, 4319376.993, 107
Trd, 4319377.393, 107
Trd, 4319379.193, 106
Trd, 4319381.943, 104
Trd, 4319384.243, 108
Trd, 4319384.793, 106
Trd, 4319388.793, 105
Trd, 4319390.143, 106
Trd, 4319391.893, 108
Trd, 4319393.243, 108
Trd, 4319395.793, 114
Trd, 4319396.493, 113
Trd, 4319397.243, 110
Trd, 4319399.893, 109
Trd, 4319401.393, 107
Trd, 4319401.793, 108
Trd, 4319405.993, 108
Trd, 4319409.443, 109
Trd, 4319412.093, 107
Trd, 4319415.943, 109
Trd, 4319423.593, 106
Trd, 4319425.393, 109
Trd, 4319428.243, 109
Trd, 4319431.743, 106
Trd, 4319438.193, 107
Trd, 4319438.943, 105
Trd, 4319442.443, 106
Trd, 4319445.993, 104
Trd, 4319451.493, 106
Trd, 4319454.043, 105
Trd, 4319455.543, 106
Trd, 4319459.993, 105
Trd, 4319465.293, 105
Trd, 4319467.193, 105
Trd, 4319467.443, 104
Trd, 4319471.543, 113
Trd, 4319471.743, 113
Trd, 4319474.993, 110
Trd, 4319475.643, 111
Trd, 4319476.143, 108
Trd, 4319480.293, 110
Trd, 4319480.493, 109
Trd, 4319481.543, 111
Trd, 4319481.643, 110
Trd, 4319484.243, 109
Trd, 4319486.943, 107
Trd, 4319489.843, 110
Trd, 4319490.443, 107
Trd, 4319501.493, 106
Trd, 4319502.593, 109
Trd, 4319504.643, 107
Trd, 4319513.843, 107
Trd, 4319517.243, 105
Trd, 4319518.093, 105
Trd, 4319518.593, 105
Trd, 4319520.543, 107
Trd, 4319522.793, 105
Trd, 4319525.643, 107
Trd, 4319527.393, 104
Trd, 4319528.093, 101
Trd, 4319529.543, 102
Trd, 4319531.793, 101
Trd, 4319532.943, 100
Trd, 4319537.943, 101
Trd, 4319538.243, 100
Trd, 4319542.743, 101
Trd, 4319544.393, 101
Trd, 4319549.293, 100
Trd, 4319552.393, 101
Trd, 4319556.493, 101
Trd, 4319563.593, 100
Trd, 4319571.743, 100
Trd, 4319577.093, 98
Trd, 4319577.193, 100
Trd, 4319578.193, 100
Trd, 4319583.193, 97
Trd, 4319584.943, 99
Trd, 4319588.243, 98
Trd, 4319589.143, 96
Trd, 4319593.193, 99
Trd, 4319594.043, 99
Trd, 4319594.843, 105
Trd, 4319595.643, 107
Trd, 4319597.643, 107
Trd, 4319600.743, 114
Trd, 4319600.943, 110
Trd, 4319603.843, 109
Trd, 4319606.093, 109
Trd, 4319606.293, 108
Trd, 4319607.343, 107
Trd, 4319610.093, 107
Trd, 4319611.493, 111
Trd, 4319612.643, 110
Trd, 4319613.143, 107
Trd, 4319615.343, 107
Trd, 4319616.143, 109
Trd, 4319619.293, 104
Trd, 4319621.143, 107
Trd, 4319622.243, 108
Trd, 4319626.193, 106
Trd, 4319627.493, 105
Trd, 4319632.743, 106
Trd, 4319637.293, 106
Trd, 4319642.693, 103
Trd, 4319644.693, 104
Trd, 4319646.393, 102
Trd, 4319648.543, 105
Trd, 4319653.843, 104
Trd, 4319654.143, 102
Trd, 4319656.643, 112
Trd, 4319657.443, 111
Trd, 4319657.593, 110
Trd, 4319662.793, 110
Trd, 4319663.143, 104
Trd, 4319663.993, 105
Trd, 4319664.793, 106
Trd, 4319665.993, 105
Trd, 4319671.793, 104
Trd, 4319674.343, 104
Trd, 4319675.843, 104
Trd, 4319677.343, 105
Trd, 4319679.793, 104
Trd, 4319681.993, 97
Trd, 4319682.293, 99
Trd, 4319684.693, 100
Trd, 4319688.443, 100
Trd, 4319688.793, 100
Trd, 4319692.893, 99
Trd, 4319694.443, 99
Trd, 4319699.693, 99
Trd, 4319703.993, 99
Trd, 4319704.543, 98
Trd, 4319706.793, 97
Trd, 4319718.493, 99
Trd, 4319719.943, 98
Trd, 4319720.993, 98
Trd, 4319722.993, 97
Trd, 4319723.993, 96
Trd, 4319724.643, 98
Trd, 4319725.693, 102
Trd, 4319726.293, 100
Trd, 4319728.793, 100
Trd, 4319729.393, 101
Trd, 4319732.193, 100
Trd, 4319736.393, 100
Trd, 4319739.793, 101
Trd, 4319740.243, 99
Trd, 4319740.393, 100
Trd, 4319744.643, 100
Trd, 4319746.693, 98
Trd, 4319750.143, 100
Trd, 4319752.043, 99
Trd, 4319756.093, 100
Trd, 4319758.993, 99
Trd, 4319761.693, 99
Trd, 4319763.093, 100
Trd, 4319766.243, 100
Trd, 4319772.993, 99
Trd, 4319774.293, 98
Trd, 4319775.093, 99
Trd, 4319778.743, 99
Trd, 4319785.243, 97
Trd, 4319785.993, 99
Trd, 4319788.893, 99
Trd, 4319789.393, 97
Trd, 4319791.193, 98
Trd, 4319794.993, 98
Trd, 4319800.493, 98
Trd, 4319806.043, 98
Trd, 4319812.193, 98
Trd, 4319813.693, 96
Trd, 4319819.943, 97
Trd, 4319821.743, 97
Trd, 4319827.143, 98
Trd, 4319827.393, 95
Trd, 4319827.943, 100
Trd, 4319829.043, 103
Trd, 4319832.443, 102
Trd, 4319835.193, 109
Trd, 4319835.743, 110
Trd, 4319836.493, 101
Trd, 4319837.643, 101
Trd, 4319839.393, 99
Trd, 4319840.693, 98
Trd, 4319843.493, 98
Trd, 4319847.593, 99
Trd, 4319849.243, 98
Trd, 4319851.193, 99
Trd, 4319854.443, 98
Trd, 4319854.543, 98
Trd, 4319856.193, 97
Trd, 4319857.393, 96
Trd, 4319862.443, 98
Trd, 4319864.293, 97
Trd, 4319873.643, 94
Trd, 4319873.943, 97
Trd, 4319875.993, 97
Trd, 4319882.043, 97
Trd, 4319889.493, 97
Trd, 4319896.843, 96
Trd, 4319899.693, 95
Trd, 4319902.343, 96
Trd, 4319903.343, 96
Trd, 4319904.393, 96
Trd, 4319910.943, 94
Trd, 4319918.243, 95
Trd, 4319919.493, 96
Trd, 4319921.093, 95
Trd, 4319926.493, 94
Trd, 4319926.643, 95
Trd, 4319937.443, 95
Trd, 4319940.543, 94
Trd, 4319943.143, 95
Trd, 4319944.943, 94
Trd, 4319945.443, 95
Trd, 4319946.743, 94
Trd, 4319949.043, 95
Trd, 4319949.193, 95
Trd, 4319952.743, 92
Trd, 4319953.593, 90
Trd, 4319954.743, 111
Trd, 4319956.293, 107
Trd, 4319957.793, 114
Trd, 4319959.543, 113
Trd, 4319960.243, 112
Trd, 4319960.793, 112
Trd, 4319964.293, 111
Trd, 4319964.493, 112
Trd, 4319966.043, 111
Trd, 4319968.093, 112
Trd, 4319970.293, 112
Trd, 4319970.743, 111
Trd, 4319971.743, 110
Trd, 4319973.043, 109
Trd, 4319975.493, 109
Trd, 4319978.793, 108
Trd, 4319979.943, 111
Trd, 4319980.893, 108
Trd, 4319980.993, 108
Trd, 4319990.643, 109
Trd, 4319991.193, 110
Trd, 4319994.193, 109
Trd, 4319995.243, 106
Trd, 4319997.743, 108
Trd, 4319999.193, 107
