Trd, 4317850.693, 95
Trd, 4317851.043, 96
Trd, 4317851.693, 96
Trd, 4317853.093, 104
Trd, 4317855.943, 99
Trd, 4317857.793, 99
Trd, 4317859.743, 98
Trd, 4317860.093, 99
Trd, 4317863.643, 99
Trd, 4317866.343, 97
Trd, 4317866.743, 96
Trd, 4317867.393, 97
Trd, 4317868.793, 96
Trd, 4317869.093, 96
Trd, 4317869.393, 97
Trd, 4317869.943, 97
Trd, 4317872.493, 96
Trd, 4317872.743, 104
Trd, 4317874.243, 99
Trd, 4317875.393, 98
Trd, 4317876.393, 99
Trd, 4317877.293, 97
Trd, 4317878.443, 97
Trd, 4317878.493, 98
Trd, 4317881.743, 96
Trd, 4317882.143, 97
Trd, 4317882.593, 96
Trd, 4317883.393, 96
Trd, 4317885.843, 95
Trd, 4317885.943, 96
Trd, 4317888.193, 94
Trd, 4317890.193, 96
Trd, 4317890.993, 97
Trd, 4317892.343, 97
Trd, 4317894.793, 96
Trd, 4317895.343, 96
Trd, 4317895.943, 96
Trd, 4317897.493, 96
Trd, 4317898.343, 95
Trd, 4317900.143, 95
Trd, 4317901.343, 94
Trd, 4317903.393, 93
Trd, 4317904.443, 90
Trd, 4317905.593, 91
Trd, 4317907.243, 91
Trd, 4317907.293, 90
Trd, 4317908.493, 90
Trd, 4317910.043, 92
Trd, 4317911.693, 93
Trd, 4317914.243, 92
Trd, 4317914.943, 92
Trd, 4317916.143, 94
Trd, 4317918.193, 96
Trd, 4317919.243, 97
Trd, 4317921.093, 95
Trd, 4317922.793, 97
Trd, 4317922.893, 104
Trd, 4317923.843, 98
Trd, 4317926.193, 98
Trd, 4317929.093, 100
Trd, 4317930.243, 100
Trd, 4317931.543, 100
Trd, 4317932.543, 101
Trd, 4317933.093, 103
Trd, 4317937.693, 100
Trd, 4317938.543, 104
Trd, 4317939.193, 100
Trd, 4317941.793, 103
Trd, 4317942.843, 99
Trd, 4317944.443, 98
Trd, 4317944.493, 97
Trd, 4317947.343, 98
Trd, 4317947.693, 99
Trd, 4317948.793, 98
Trd, 4317948.893, 98
Trd, 4317952.293, 97
Trd, 4317953.393, 96
Trd, 4317953.593, 98
Trd, 4317955.543, 97
Trd, 4317956.093, 96
Trd, 4317956.893, 97
Trd, 4317959.643, 96
Trd, 4317962.743, 96
Trd, 4317963.543, 96
Trd, 4317963.893, 95
Trd, 4317964.993, 95
Trd, 4317965.393, 95
Trd, 4317968.693, 95
Trd, 4317968.793, 104
Trd, 4317969.343, 95
Trd, 4317969.843, 94
Trd, 4317970.193, 94
Trd, 4317973.693, 97
Trd, 4317974.493, 95
Trd, 4317978.143, 95
Trd, 4317978.693, 94
Trd, 4317979.143, 94
Trd, 4317981.093, 93
Trd, 4317982.943, 93
Trd, 4317983.293, 94
Trd, 4317986.093, 97
Trd, 4317987.843, 95
Trd, 4317988.243, 95
Trd, 4317990.393, 95
Trd, 4317990.543, 94
Trd, 4317993.693, 95
Trd, 4317994.443, 95
Trd, 4317995.343, 95
Trd, 4317996.693, 94
Trd, 4317999.493, 95
Trd, 4318001.693, 95
Trd, 4318003.143, 96
Trd, 4318004.993, 96
Trd, 4318008.093, 95
Trd, 4318008.793, 95
Trd, 4318009.593, 94
Trd, 4318010.493, 95
Trd, 4318010.993, 96
Trd, 4318012.893, 99
Trd, 4318014.193, 95
Trd, 4318017.043, 95
Trd, 4318017.993, 97
Trd, 4318019.293, 96
Trd, 4318020.293, 96
Trd, 4318021.693, 95
Trd, 4318023.543, 95
Trd, 4318025.043, 94
Trd, 4318025.193, 94
Trd, 4318026.743, 97
Trd, 4318026.893, 95
Trd, 4318027.343, 113
Trd, 4318028.743, 102
Trd, 4318030.543, 113
Trd, 4318030.743, 106
Trd, 4318032.843, 107
Trd, 4318033.643, 107
Trd, 4318034.343, 104
Trd, 4318036.193, 100
Trd, 4318037.843, 98
Trd, 4318039.393, 105
Trd, 4318039.443, 104
Trd, 4318040.243, 97
Trd, 4318042.243, 95
Trd, 4318045.643, 95
Trd, 4318046.393, 95
Trd, 4318047.393, 95
Trd, 4318048.093, 95
Trd, 4318051.743, 96
Trd, 4318052.243, 96
Trd, 4318052.843, 101
Trd, 4318055.643, 96
Trd, 4318059.143, 95
Trd, 4318059.393, 95
Trd, 4318059.693, 95
Trd, 4318059.793, 97
Trd, 4318063.193, 96
Trd, 4318063.293, 95
Trd, 4318063.543, 104
Trd, 4318067.943, 98
Trd, 4318068.493, 98
Trd, 4318071.493, 97
Trd, 4318072.493, 96
Trd, 4318074.243, 95
Trd, 4318075.193, 95
Trd, 4318076.643, 94
Trd, 4318077.043, 95
Trd, 4318079.143, 96
Trd, 4318080.493, 98
Trd, 4318081.693, 95
Trd, 4318082.143, 113
Trd, 4318082.993, 105
Trd, 4318086.193, 104
Trd, 4318086.793, 104
Trd, 4318087.393, 103
Trd, 4318090.043, 104
Trd, 4318090.393, 103
Trd, 4318091.643, 103
Trd, 4318092.743, 104
Trd, 4318092.793, 102
Trd, 4318095.893, 103
Trd, 4318097.543, 101
Trd, 4318097.693, 103
Trd, 4318098.893, 101
Trd, 4318100.143, 101
Trd, 4318100.893, 104
Trd, 4318101.193, 100
Trd, 4318105.043, 99
Trd, 4318106.193, 102
Trd, 4318108.793, 98
Trd, 4318109.393, 98
Trd, 4318109.893, 98
Trd, 4318111.843, 98
Trd, 4318114.443, 98
Trd, 4318115.693, 97
Trd, 4318116.893, 98
Trd, 4318117.443, 96
Trd, 4318119.293, 98
Trd, 4318120.043, 98
Trd, 4318122.593, 96
Trd, 4318123.743, 97
Trd, 4318126.243, 95
Trd, 4318127.343, 97
Trd, 4318127.893, 95
Trd, 4318129.193, 98
Trd, 4318131.293, 96
Trd, 4318132.543, 95
Trd, 4318133.893, 96
Trd, 4318135.193, 95
Trd, 4318137.143, 95
Trd, 4318138.943, 95
Trd, 4318139.193, 100
Trd, 4318140.143, 97
Trd, 4318140.743, 96
Trd, 4318143.093, 97
Trd, 4318143.743, 97
Trd, 4318146.893, 97
Trd, 4318147.093, 96
Trd, 4318147.343, 96
Trd, 4318148.393, 97
Trd, 4318152.293, 96
Trd, 4318153.443, 97
Trd, 4318154.443, 96
Trd, 4318156.493, 97
Trd, 4318157.443, 95
Trd, 4318158.593, 98
Trd, 4318159.843, 97
Trd, 4318163.743, 95
Trd, 4318163.993, 96
Trd, 4318164.243, 95
Trd, 4318165.643, 94
Trd, 4318166.493, 94
Trd, 4318168.693, 93
Trd, 4318169.493, 94
Trd, 4318170.243, 94
Trd, 4318170.843, 96
Trd, 4318172.643, 95
Trd, 4318174.143, 95
Trd, 4318175.843, 96
Trd, 4318176.593, 95
Trd, 4318177.143, 94
Trd, 4318178.493, 94
Trd, 4318179.693, 94
Trd, 4318180.593, 95
Trd, 4318181.743, 94
Trd, 4318183.443, 101
Trd, 4318184.593, 95
Trd, 4318185.593, 94
Trd, 4318188.193, 95
Trd, 4318189.043, 96
Trd, 4318189.293, 96
Trd, 4318191.893, 95
Trd, 4318193.743, 95
Trd, 4318193.893, 95
Trd, 4318195.993, 95
Trd, 4318199.093, 94
Trd, 4318199.143, 95
Trd, 4318201.193, 95
Trd, 4318202.043, 95
Trd, 4318202.393, 95
Trd, 4318204.093, 94
Trd, 4318206.343, 94
Trd, 4318207.593, 94
Trd, 4318209.043, 94
Trd, 4318209.243, 93
Trd, 4318210.493, 94
Trd, 4318212.543, 93
Trd, 4318216.143, 94
Trd, 4318216.193, 95
Trd, 4318219.193, 96
Trd, 4318219.943, 96
Trd, 4318220.643, 95
Trd, 4318221.743, 95
Trd, 4318223.193, 96
Trd, 4318223.843, 95
Trd, 4318224.993, 96
Trd, 4318226.193, 95
Trd, 4318227.193, 94
Trd, 4318228.643, 95
Trd, 4318229.793, 96
Trd, 4318232.193, 96
Trd, 4318233.643, 95
Trd, 4318234.993, 95
Trd, 4318235.793, 94
Trd, 4318236.643, 92
Trd, 4318237.393, 93
Trd, 4318239.143, 95
Trd, 4318240.843, 95
Trd, 4318242.093, 95
Trd, 4318246.143, 94
Trd, 4318246.543, 94
Trd, 4318247.443, 95
Trd, 4318248.393, 104
Trd, 4318252.393, 95
Trd, 4318252.643, 95
Trd, 4318253.843, 96
Trd, 4318254.493, 96
Trd, 4318255.943, 96
Trd, 4318256.243, 97
Trd, 4318256.293, 96
Trd, 4318257.943, 95
Trd, 4318260.143, 93
Trd, 4318261.693, 105
Trd, 4318262.443, 97
Trd, 4318262.643, 98
Trd, 4318264.493, 94
Trd, 4318265.243, 91
Trd, 4318265.343, 90
Trd, 4318268.093, 92
Trd, 4318268.843, 94
Trd, 4318269.743, 104
Trd, 4318272.043, 95
Trd, 4318273.843, 96
Trd, 4318275.243, 96
Trd, 4318277.493, 95
Trd, 4318279.643, 96
Trd, 4318281.293, 95
Trd, 4318282.193, 96
Trd, 4318283.343, 95
Trd, 4318283.893, 96
Trd, 4318285.343, 94
Trd, 4318286.293, 95
Trd, 4318287.793, 95
Trd, 4318289.393, 93
Trd, 4318291.443, 94
Trd, 4318292.893, 94
Trd, 4318293.593, 93
Trd, 4318294.343, 93
Trd, 4318294.643, 93
Trd, 4318297.043, 95
Trd, 4318298.693, 93
Trd, 4318301.493, 93
Trd, 4318303.593, 93
Trd, 4318305.943, 93
Trd, 4318306.243, 93
Trd, 4318307.543, 92
Trd, 4318310.143, 93
Trd, 4318311.493, 94
Trd, 4318312.593, 93
Trd, 4318312.993, 92
Trd, 4318315.193, 92
Trd, 4318317.443, 94
Trd, 4318317.743, 93
Trd, 4318319.043, 94
Trd, 4318319.443, 94
Trd, 4318320.393, 97
Trd, 4318322.643, 94
Trd, 4318323.593, 95
Trd, 4318325.443, 94
Trd, 4318326.593, 95
Trd, 4318327.093, 95
Trd, 4318328.693, 95
Trd, 4318330.843, 95
Trd, 4318331.843, 96
Trd, 4318334.193, 95
Trd, 4318335.443, 95
Trd, 4318335.543, 95
Trd, 4318336.543, 95
Trd, 4318338.343, 94
Trd, 4318339.393, 94
Trd, 4318341.743, 94
Trd, 4318343.243, 93
Trd, 4318343.743, 93
Trd, 4318344.343, 94
Trd, 4318346.943, 93
Trd, 4318347.893, 95
Trd, 4318348.143, 96
Trd, 4318348.543, 96
Trd, 4318348.993, 96
Trd, 4318352.493, 95
Trd, 4318352.743, 95
Trd, 4318354.893, 97
Trd, 4318356.493, 104
Trd, 4318357.143, 97
Trd, 4318361.043, 98
Trd, 4318362.593, 97
Trd, 4318363.293, 98
Trd, 4318363.593, 96
Trd, 4318365.843, 96
Trd, 4318369.643, 96
Trd, 4318369.843, 95
Trd, 4318370.593, 95
Trd, 4318372.243, 95
Trd, 4318372.443, 96
Trd, 4318373.493, 97
Trd, 4318374.593, 97
Trd, 4318375.843, 98
Trd, 4318376.593, 98
Trd, 4318378.943, 98
Trd, 4318379.893, 97
Trd, 4318382.993, 97
Trd, 4318383.643, 97
Trd, 4318383.693, 96
Trd, 4318384.293, 96
Trd, 4318387.093, 95
Trd, 4318387.243, 95
Trd, 4318388.293, 96
Trd, 4318388.943, 96
Trd, 4318389.643, 96
Trd, 4318389.743, 95
Trd, 4318392.093, 96
Trd, 4318393.593, 96
Trd, 4318396.593, 94
Trd, 4318398.193, 99
Trd, 4318398.293, 95
Trd, 4318399.243, 97
Trd, 4318399.443, 95
Trd, 4318401.143, 96
Trd, 4318402.393, 95
Trd, 4318403.993, 96
Trd, 4318405.843, 96
Trd, 4318407.693, 95
Trd, 4318409.643, 95
Trd, 4318409.793, 95
Trd, 4318410.893, 94
Trd, 4318411.893, 95
Trd, 4318412.243, 95
Trd, 4318415.293, 97
Trd, 4318417.993, 97
Trd, 4318420.743, 95
Trd, 4318421.493, 96
Trd, 4318422.393, 95
Trd, 4318423.093, 95
Trd, 4318427.793, 95
Trd, 4318428.843, 96
Trd, 4318429.293, 98
Trd, 4318432.593, 95
Trd, 4318433.043, 95
Trd, 4318433.943, 96
Trd, 4318434.143, 94
Trd, 4318435.293, 97
Trd, 4318438.443, 95
Trd, 4318438.743, 95
Trd, 4318440.293, 95
Trd, 4318440.393, 96
Trd, 4318440.443, 95
Trd, 4318443.093, 94
Trd, 4318443.543, 95
Trd, 4318445.643, 100
Trd, 4318446.443, 97
Trd, 4318447.243, 96
Trd, 4318448.443, 93
Trd, 4318448.793, 98
Trd, 4318451.643, 96
Trd, 4318451.993, 96
Trd, 4318452.493, 96
Trd, 4318452.543, 95
Trd, 4318457.143, 94
Trd, 4318457.643, 94
Trd, 4318460.093, 94
Trd, 4318460.693, 94
Trd, 4318461.293, 94
Trd, 4318461.443, 93
Trd, 4318463.243, 94
Trd, 4318465.393, 96
Trd, 4318467.443, 96
Trd, 4318467.593, 96
Trd, 4318469.993, 96
Trd, 4318471.643, 98
Trd, 4318472.243, 97
Trd, 4318474.393, 97
Trd, 4318474.743, 98
Trd, 4318476.793, 96
Trd, 4318476.993, 96
Trd, 4318477.543, 99
Trd, 4318479.093, 97
Trd, 4318482.793, 98
Trd, 4318483.093, 98
Trd, 4318483.693, 96
Trd, 4318486.643, 96
Trd, 4318486.743, 95
Trd, 4318486.793, 95
Trd, 4318488.493, 98
Trd, 4318489.443, 97
Trd, 4318489.993, 98
Trd, 4318491.343, 99
Trd, 4318491.693, 104
Trd, 4318492.593, 99
Trd, 4318497.393, 99
Trd, 4318497.593, 98
Trd, 4318501.043, 99
Trd, 4318501.093, 97
Trd, 4318501.743, 97
Trd, 4318504.893, 96
Trd, 4318505.293, 97
Trd, 4318507.793, 96
Trd, 4318510.743, 95
Trd, 4318510.993, 96
Trd, 4318511.343, 95
Trd, 4318511.443, 96
Trd, 4318512.793, 96
Trd, 4318515.843, 97
Trd, 4318518.393, 95
Trd, 4318519.443, 95
Trd, 4318521.493, 95
Trd, 4318521.943, 95
Trd, 4318525.593, 96
Trd, 4318526.693, 96
Trd, 4318528.593, 95
Trd, 4318528.993, 96
Trd, 4318529.643, 95
Trd, 4318530.493, 96
Trd, 4318531.693, 95
Trd, 4318533.093, 95
Trd, 4318534.543, 95
Trd, 4318534.743, 105
Trd, 4318536.593, 97
Trd, 4318537.043, 96
Trd, 4318538.593, 95
Trd, 4318540.293, 97
Trd, 4318542.043, 96
Trd, 4318542.543, 95
Trd, 4318544.043, 97
Trd, 4318545.993, 95
Trd, 4318547.143, 96
Trd, 4318550.743, 96
Trd, 4318551.943, 95
Trd, 4318552.043, 95
Trd, 4318552.693, 95
Trd, 4318553.843, 94
Trd, 4318555.893, 102
Trd, 4318556.143, 105
Trd, 4318559.693, 98
Trd, 4318559.943, 96
Trd, 4318560.043, 97
Trd, 4318561.693, 96
Trd, 4318562.843, 95
Trd, 4318564.543, 97
Trd, 4318565.243, 106
Trd, 4318566.393, 96
Trd, 4318567.893, 98
Trd, 4318570.443, 95
Trd, 4318571.443, 96
Trd, 4318574.243, 96
Trd, 4318574.593, 95
Trd, 4318574.843, 95
Trd, 4318578.843, 97
Trd, 4318579.193, 96
Trd, 4318579.443, 96
Trd, 4318583.343, 95
Trd, 4318585.493, 96
Trd, 4318585.593, 95
Trd, 4318587.443, 95
Trd, 4318587.593, 94
Trd, 4318588.293, 97
Trd, 4318593.993, 96
Trd, 4318594.343, 95
Trd, 4318595.893, 96
Trd, 4318597.043, 95
Trd, 4318598.993, 96
Trd, 4318599.693, 96
Trd, 4318600.193, 101
Trd, 4318606.143, 95
Trd, 4318608.393, 96
Trd, 4318608.493, 95
Trd, 4318608.843, 95
Trd, 4318609.543, 96
Trd, 4318611.443, 96
Trd, 4318612.543, 97
Trd, 4318615.293, 96
Trd, 4318619.193, 98
Trd, 4318619.743, 101
Trd, 4318621.543, 99
Trd, 4318622.043, 98
Trd, 4318623.043, 97
Trd, 4318624.343, 97
Trd, 4318624.643, 98
Trd, 4318627.193, 96
Trd, 4318628.993, 100
Trd, 4318630.193, 104
Trd, 4318631.143, 99
Trd, 4318631.443, 100
Trd, 4318633.093, 102
Trd, 4318634.943, 102
Trd, 4318636.293, 112
Trd, 4318637.493, 105
Trd, 4318640.193, 106
Trd, 4318640.593, 105
Trd, 4318641.293, 106
Trd, 4318641.893, 104
Trd, 4318642.993, 103
Trd, 4318643.943, 103
Trd, 4318645.643, 102
Trd, 4318647.143, 103
Trd, 4318649.643, 102
Trd, 4318649.793, 104
Trd, 4318652.293, 103
Trd, 4318654.793, 102
Trd, 4318657.393, 101
Trd, 4318657.693, 101
Trd, 4318659.243, 101
Trd, 4318660.293, 101
Trd, 4318660.593, 100
Trd, 4318662.643, 103
Trd, 4318663.293, 102
Trd, 4318663.593, 95
Trd, 4318667.143, 98
Trd, 4318667.843, 99
Trd, 4318669.343, 98
Trd, 4318669.393, 97
Trd, 4318669.993, 96
Trd, 4318671.693, 96
Trd, 4318672.243, 95
Trd, 4318674.443, 96
Trd, 4318674.593, 97
Trd, 4318676.843, 95
Trd, 4318679.643, 95
Trd, 4318679.743, 96
Trd, 4318682.193, 97
Trd, 4318683.043, 96
Trd, 4318685.293, 96
Trd, 4318686.343, 95
Trd, 4318686.543, 95
Trd, 4318687.243, 94
Trd, 4318689.543, 99
Trd, 4318691.543, 97
Trd, 4318691.893, 96
Trd, 4318691.943, 96
Trd, 4318693.693, 96
Trd, 4318695.093, 95
Trd, 4318695.693, 97
Trd, 4318698.993, 95
Trd, 4318699.343, 95
Trd, 4318700.843, 95
Trd, 4318701.893, 94
Trd, 4318704.493, 95
Trd, 4318705.043, 94
Trd, 4318706.793, 95
Trd, 4318707.543, 95
Trd, 4318709.743, 94
Trd, 4318710.693, 94
Trd, 4318715.793, 95
Trd, 4318716.393, 94
Trd, 4318717.293, 93
Trd, 4318718.593, 95
Trd, 4318718.993, 95
Trd, 4318720.693, 95
Trd, 4318721.893, 94
Trd, 4318722.343, 94
Trd, 4318723.043, 94
Trd, 4318724.193, 95
Trd, 4318728.343, 96
Trd, 4318729.743, 95
Trd, 4318730.393, 95
Trd, 4318731.393, 94
Trd, 4318731.893, 94
Trd, 4318732.843, 95
Trd, 4318733.543, 97
Trd, 4318735.943, 97
Trd, 4318737.393, 98
Trd, 4318738.493, 97
Trd, 4318739.893, 96
Trd, 4318740.093, 98
Trd, 4318740.843, 92
Trd, 4318743.443, 93
Trd, 4318745.243, 92
Trd, 4318745.843, 92
Trd, 4318746.643, 92
Trd, 4318747.043, 92
Trd, 4318748.143, 94
Trd, 4318751.743, 95
Trd, 4318751.843, 94
Trd, 4318752.593, 94
Trd, 4318754.293, 95
Trd, 4318755.843, 95
Trd, 4318756.643, 96
Trd, 4318760.193, 95
Trd, 4318761.093, 95
Trd, 4318762.743, 95
Trd, 4318763.943, 94
Trd, 4318764.793, 95
Trd, 4318768.293, 94
Trd, 4318768.393, 95
Trd, 4318769.943, 94
Trd, 4318771.593, 93
Trd, 4318773.743, 92
Trd, 4318774.243, 92
Trd, 4318775.793, 93
Trd, 4318777.343, 94
Trd, 4318779.943, 93
Trd, 4318780.793, 93
Trd, 4318781.843, 94
Trd, 4318782.243, 95
Trd, 4318783.493, 93
Trd, 4318783.993, 92
Trd, 4318785.443, 93
Trd, 4318786.043, 94
Trd, 4318788.743, 95
Trd, 4318791.293, 95
Trd, 4318792.393, 94
Trd, 4318795.893, 93
Trd, 4318797.843, 93
Trd, 4318798.143, 94
Trd, 4318800.393, 93
Trd, 4318800.643, 93
Trd, 4318801.593, 92
Trd, 4318803.243, 92
Trd, 4318803.393, 93
Trd, 4318805.043, 95
Trd, 4318809.743, 94
Trd, 4318809.943, 94
Trd, 4318810.893, 95
Trd, 4318812.193, 94
Trd, 4318812.593, 95
Trd, 4318812.943, 95
Trd, 4318813.093, 94
Trd, 4318814.243, 100
Trd, 4318818.143, 95
Trd, 4318819.693, 95
Trd, 4318820.243, 96
Trd, 4318820.593, 95
Trd, 4318822.393, 100
Trd, 4318823.843, 95
Trd, 4318824.143, 95
Trd, 4318827.143, 94
Trd, 4318829.393, 95
Trd, 4318829.643, 94
Trd, 4318830.243, 104
Trd, 4318831.693, 97
Trd, 4318832.493, 97
Trd, 4318833.493, 88
Trd, 4318834.593, 87
Trd, 4318835.993, 90
Trd, 4318837.693, 89
Trd, 4318838.343, 91
Trd, 4318839.693, 91
Trd, 4318840.043, 104
Trd, 4318841.193, 96
Trd, 4318842.893, 95
Trd, 4318844.993, 103
Trd, 4318845.843, 99
Trd, 4318847.093, 98
Trd, 4318847.993, 98
Trd, 4318849.343, 99
Trd, 4318849.993, 100
Trd, 4318851.343, 99
Trd, 4318853.943, 98
Trd, 4318854.743, 97
Trd, 4318855.343, 96
Trd, 4318856.043, 96
Trd, 4318856.793, 96
Trd, 4318857.293, 97
Trd, 4318858.393, 95
Trd, 4318861.143, 95
Trd, 4318863.243, 102
Trd, 4318864.493, 95
Trd, 4318865.843, 95
Trd, 4318866.193, 95
Trd, 4318866.293, 104
Trd, 4318868.943, 95
Trd, 4318871.843, 98
Trd, 4318873.743, 96
Trd, 4318875.443, 96
Trd, 4318878.093, 96
Trd, 4318878.543, 95
Trd, 4318882.093, 97
Trd, 4318882.793, 96
Trd, 4318882.993, 96
Trd, 4318884.093, 97
Trd, 4318887.543, 96
Trd, 4318888.143, 95
Trd, 4318889.093, 96
Trd, 4318892.143, 95
Trd, 4318892.393, 96
Trd, 4318896.493, 95
Trd, 4318896.693, 95
Trd, 4318897.743, 95
Trd, 4318898.793, 94
Trd, 4318899.493, 94
Trd, 4318900.393, 95
Trd, 4318903.393, 95
Trd, 4318904.543, 95
Trd, 4318904.743, 105
Trd, 4318906.193, 95
Trd, 4318909.493, 95
Trd, 4318910.593, 95
Trd, 4318910.893, 94
Trd, 4318913.943, 93
Trd, 4318914.693, 93
Trd, 4318915.043, 93
Trd, 4318916.593, 96
Trd, 4318918.143, 95
Trd, 4318919.693, 95
Trd, 4318919.793, 94
Trd, 4318921.893, 95
Trd, 4318923.493, 95
Trd, 4318924.693, 95
Trd, 4318925.593, 97
Trd, 4318925.643, 96
Trd, 4318925.743, 105
Trd, 4318929.893, 95
Trd, 4318930.093, 97
Trd, 4318931.493, 97
Trd, 4318932.043, 96
Trd, 4318933.193, 95
Trd, 4318937.293, 96
Trd, 4318937.393, 95
Trd, 4318941.343, 95
Trd, 4318944.193, 96
Trd, 4318944.693, 96
Trd, 4318945.293, 95
Trd, 4318946.543, 94
Trd, 4318946.643, 95
Trd, 4318947.943, 96
Trd, 4318950.293, 96
Trd, 4318952.293, 95
Trd, 4318953.643, 95
Trd, 4318953.893, 94
Trd, 4318953.993, 95
Trd, 4318958.793, 94
Trd, 4318959.193, 93
Trd, 4318959.243, 94
Trd, 4318960.293, 96
Trd, 4318964.043, 95
Trd, 4318965.243, 96
Trd, 4318965.693, 95
Trd, 4318966.843, 95
Trd, 4318967.893, 95
Trd, 4318968.543, 93
Trd, 4318969.693, 94
Trd, 4318970.343, 94
Trd, 4318973.093, 100
Trd, 4318974.143, 93
Trd, 4318974.993, 93
Trd, 4318975.693, 93
Trd, 4318977.243, 100
Trd, 4318980.693, 94
Trd, 4318980.793, 95
Trd, 4318981.793, 95
Trd, 4318984.143, 95
Trd, 4318984.793, 95
Trd, 4318986.093, 94
Trd, 4318987.793, 93
Trd, 4318987.943, 93
Trd, 4318988.143, 95
Trd, 4318991.743, 95
Trd, 4318992.293, 95
Trd, 4318994.243, 95
Trd, 4318994.593, 97
Trd, 4318994.643, 95
Trd, 4318996.343, 93
Trd, 4318997.343, 93
Trd, 4318998.493, 93
Trd, 4318999.043, 95
Trd, 4319000.893, 93
Trd, 4319004.643, 93
Trd, 4319004.793, 93
Trd, 4319005.693, 93
Trd, 4319006.593, 92
Trd, 4319011.643, 93
Trd, 4319011.793, 91
Trd, 4319013.043, 93
Trd, 4319015.043, 93
Trd, 4319015.793, 103
Trd, 4319016.643, 96
Trd, 4319018.443, 95
Trd, 4319019.943, 96
Trd, 4319021.243, 96
Trd, 4319022.093, 97
Trd, 4319024.293, 95
Trd, 4319027.243, 96
Trd, 4319028.943, 95
Trd, 4319029.093, 96
Trd, 4319029.893, 95
Trd, 4319031.143, 95
Trd, 4319031.843, 94
Trd, 4319032.093, 94
Trd, 4319034.943, 95
Trd, 4319036.643, 95
Trd, 4319037.343, 95
Trd, 4319039.993, 94
Trd, 4319040.943, 106
Trd, 4319042.893, 95
Trd, 4319044.143, 96
Trd, 4319044.693, 96
Trd, 4319045.043, 94
Trd, 4319046.393, 95
Trd, 4319049.493, 96
Trd, 4319050.393, 95
Trd, 4319050.993, 94
Trd, 4319051.393, 95
Trd, 4319053.243, 95
Trd, 4319055.093, 96
Trd, 4319055.593, 95
Trd, 4319056.293, 96
Trd, 4319061.293, 96
Trd, 4319061.793, 95
Trd, 4319062.793, 95
Trd, 4319064.693, 96
Trd, 4319065.593, 95
Trd, 4319065.893, 95
Trd, 4319066.443, 95
Trd, 4319070.193, 96
Trd, 4319070.293, 95
Trd, 4319073.093, 96
Trd, 4319073.543, 95
Trd, 4319074.143, 95
Trd, 4319074.793, 94
Trd, 4319075.793, 94
Trd, 4319076.293, 95
Trd, 4319077.743, 94
Trd, 4319080.593, 95
Trd, 4319080.793, 104
Trd, 4319083.343, 94
Trd, 4319085.843, 96
Trd, 4319086.993, 94
Trd, 4319087.193, 94
Trd, 4319087.643, 94
Trd, 4319087.743, 93
Trd, 4319088.043, 94
Trd, 4319089.743, 104
Trd, 4319090.493, 99
Trd, 4319090.843, 113
Trd, 4319092.143, 96
Trd, 4319092.393, 100
Trd, 4319094.193, 100
Trd, 4319094.543, 99
Trd, 4319095.293, 101
Trd, 4319097.843, 100
Trd, 4319099.593, 100
Trd, 4319100.943, 99
Trd, 4319101.093, 101
Trd, 4319103.143, 102
Trd, 4319105.193, 98
Trd, 4319107.493, 97
Trd, 4319107.593, 98
Trd, 4319107.693, 97
Trd, 4319108.743, 100
Trd, 4319111.393, 96
Trd, 4319112.543, 94
Trd, 4319114.043, 95
Trd, 4319115.593, 97
Trd, 4319116.943, 96
Trd, 4319118.943, 95
Trd, 4319120.293, 95
Trd, 4319121.243, 97
Trd, 4319123.943, 96
Trd, 4319126.343, 96
Trd, 4319127.643, 96
Trd, 4319129.243, 95
Trd, 4319129.643, 95
Trd, 4319130.193, 94
Trd, 4319130.243, 93
Trd, 4319131.743, 93
Trd, 4319133.143, 96
Trd, 4319134.193, 95
Trd, 4319135.693, 94
Trd, 4319136.143, 95
Trd, 4319136.643, 95
Trd, 4319137.093, 104
Trd, 4319141.843, 95
Trd, 4319142.693, 96
Trd, 4319144.693, 95
Trd, 4319146.343, 96
Trd, 4319148.143, 95
Trd, 4319148.193, 94
Trd, 4319148.293, 94
Trd, 4319151.893, 95
Trd, 4319153.143, 95
Trd, 4319153.643, 96
Trd, 4319154.793, 97
Trd, 4319157.343, 98
Trd, 4319157.393, 99
Trd, 4319158.393, 96
Trd, 4319158.693, 96
Trd, 4319159.243, 96
Trd, 4319160.943, 96
Trd, 4319161.643, 95
Trd, 4319163.043, 95
Trd, 4319165.793, 96
Trd, 4319166.243, 95
Trd, 4319167.243, 96
Trd, 4319167.643, 96
Trd, 4319169.393, 95
Trd, 4319170.943, 97
Trd, 4319172.143, 96
Trd, 4319174.093, 95
Trd, 4319174.643, 96
Trd, 4319177.243, 96
Trd, 4319178.143, 97
Trd, 4319178.443, 96
Trd, 4319179.243, 97
Trd, 4319182.843, 96
Trd, 4319182.943, 95
Trd, 4319184.793, 96
Trd, 4319186.043, 95
Trd, 4319186.443, 96
Trd, 4319189.493, 96
Trd, 4319190.543, 95
Trd, 4319191.143, 95
Trd, 4319192.193, 97
Trd, 4319193.693, 96
Trd, 4319194.293, 96
Trd, 4319194.693, 94
Trd, 4319195.893, 112
Trd, 4319196.493, 104
Trd, 4319198.293, 104
Trd, 4319200.443, 103
Trd, 4319200.893, 103
Trd, 4319203.343, 104
Trd, 4319203.693, 104
Trd, 4319205.193, 103
Trd, 4319205.293, 102
Trd, 4319205.793, 104
Trd, 4319208.193, 102
Trd, 4319210.643, 103
Trd, 4319211.393, 101
Trd, 4319213.443, 103
Trd, 4319213.543, 103
Trd, 4319215.543, 102
Trd, 4319217.743, 101
Trd, 4319219.493, 101
Trd, 4319220.743, 102
Trd, 4319221.743, 102
Trd, 4319222.243, 101
Trd, 4319223.593, 100
Trd, 4319223.943, 99
Trd, 4319225.243, 100
Trd, 4319227.093, 101
Trd, 4319228.843, 97
Trd, 4319230.293, 98
Trd, 4319231.893, 97
Trd, 4319232.443, 98
Trd, 4319233.093, 97
Trd, 4319234.343, 97
Trd, 4319234.693, 97
Trd, 4319236.843, 96
Trd, 4319237.893, 97
Trd, 4319238.043, 97
Trd, 4319242.793, 95
Trd, 4319244.193, 96
Trd, 4319245.093, 95
Trd, 4319246.893, 95
Trd, 4319247.993, 94
Trd, 4319251.293, 95
Trd, 4319251.343, 96
Trd, 4319252.893, 96
Trd, 4319253.393, 94
Trd, 4319256.793, 113
Trd, 4319257.093, 109
Trd, 4319257.543, 98
Trd, 4319257.593, 103
Trd, 4319259.643, 107
Trd, 4319260.043, 105
Trd, 4319261.543, 99
Trd, 4319265.193, 95
Trd, 4319265.943, 97
Trd, 4319266.743, 96
Trd, 4319267.593, 98
Trd, 4319267.793, 104
Trd, 4319272.393, 97
Trd, 4319274.593, 97
Trd, 4319274.743, 96
Trd, 4319275.543, 95
Trd, 4319276.143, 96
Trd, 4319277.293, 95
Trd, 4319277.843, 96
Trd, 4319280.043, 96
Trd, 4319280.193, 95
Trd, 4319282.143, 95
Trd, 4319283.243, 96
Trd, 4319283.293, 95
Trd, 4319285.943, 95
Trd, 4319286.993, 95
Trd, 4319289.193, 96
Trd, 4319291.593, 96
Trd, 4319291.693, 95
Trd, 4319292.043, 96
Trd, 4319296.193, 96
Trd, 4319297.793, 95
Trd, 4319298.493, 96
Trd, 4319299.643, 95
Trd, 4319299.993, 94
Trd, 4319302.643, 94
Trd, 4319303.393, 94
Trd, 4319306.043, 94
Trd, 4319306.443, 93
Trd, 4319307.293, 93
Trd, 4319307.743, 96
Trd, 4319309.893, 92
Trd, 4319310.393, 94
Trd, 4319314.193, 94
Trd, 4319314.693, 92
Trd, 4319316.643, 92
Trd, 4319317.343, 92
Trd, 4319317.743, 91
Trd, 4319317.793, 105
Trd, 4319318.793, 104
Trd, 4319322.843, 94
Trd, 4319322.893, 93
Trd, 4319324.143, 93
Trd, 4319326.993, 94
Trd, 4319329.043, 94
Trd, 4319330.543, 93
Trd, 4319330.893, 92
Trd, 4319331.293, 92
Trd, 4319331.543, 92
Trd, 4319333.043, 102
Trd, 4319334.843, 94
Trd, 4319338.393, 94
Trd, 4319339.793, 94
Trd, 4319340.143, 94
Trd, 4319342.343, 96
Trd, 4319342.743, 95
Trd, 4319343.643, 95
Trd, 4319345.343, 98
Trd, 4319346.393, 101
Trd, 4319346.493, 98
Trd, 4319350.443, 97
Trd, 4319351.593, 99
Trd, 4319353.893, 97
Trd, 4319357.243, 98
Trd, 4319358.593, 97
Trd, 4319359.393, 97
Trd, 4319360.293, 98
Trd, 4319361.293, 96
Trd, 4319362.743, 96
Trd, 4319362.843, 95
Trd, 4319364.993, 95
Trd, 4319365.643, 96
Trd, 4319367.243, 97
Trd, 4319369.893, 96
Trd, 4319370.293, 95
Trd, 4319371.793, 97
Trd, 4319372.793, 95
Trd, 4319373.443, 96
Trd, 4319378.743, 96
Trd, 4319379.293, 95
Trd, 4319380.793, 96
Trd, 4319382.493, 95
Trd, 4319382.943, 95
Trd, 4319384.293, 95
Trd, 4319384.843, 95
Trd, 4319386.893, 95
Trd, 4319387.043, 94
Trd, 4319387.643, 104
Trd, 4319390.593, 95
Trd, 4319391.193, 96
Trd, 4319393.343, 95
Trd, 4319394.143, 95
Trd, 4319396.943, 94
Trd, 4319398.343, 95
Trd, 4319398.593, 95
Trd, 4319398.693, 96
Trd, 4319399.243, 96
Trd, 4319400.743, 95
Trd, 4319403.093, 94
Trd, 4319404.343, 95
Trd, 4319405.043, 96
Trd, 4319406.193, 96
Trd, 4319407.493, 95
Trd, 4319407.743, 95
Trd, 4319409.143, 94
Trd, 4319410.643, 94
Trd, 4319411.593, 94
Trd, 4319414.543, 94
Trd, 4319415.993, 93
Trd, 4319416.043, 94
Trd, 4319417.243, 95
Trd, 4319418.493, 95
Trd, 4319421.143, 94
Trd, 4319422.193, 94
Trd, 4319423.043, 95
Trd, 4319423.743, 96
Trd, 4319424.943, 104
Trd, 4319427.343, 97
Trd, 4319429.243, 97
Trd, 4319430.843, 97
Trd, 4319430.893, 96
Trd, 4319431.693, 95
Trd, 4319434.743, 96
Trd, 4319438.093, 96
Trd, 4319438.943, 96
Trd, 4319439.343, 94
Trd, 4319440.693, 94
Trd, 4319443.643, 95
Trd, 4319444.043, 95
Trd, 4319445.393, 94
Trd, 4319446.893, 95
Trd, 4319448.043, 111
Trd, 4319449.093, 107
Trd, 4319450.343, 104
Trd, 4319452.493, 106
Trd, 4319453.393, 104
Trd, 4319454.793, 104
Trd, 4319455.143, 107
Trd, 4319455.393, 95
Trd, 4319457.893, 102
Trd, 4319459.093, 103
Trd, 4319459.693, 102
Trd, 4319460.993, 101
Trd, 4319461.193, 113
Trd, 4319463.093, 105
Trd, 4319466.193, 102
Trd, 4319466.393, 101
Trd, 4319469.243, 100
Trd, 4319469.843, 101
Trd, 4319469.993, 99
Trd, 4319471.543, 101
Trd, 4319472.593, 98
Trd, 4319475.793, 101
Trd, 4319476.593, 98
Trd, 4319476.793, 101
Trd, 4319478.693, 98
Trd, 4319478.743, 98
Trd, 4319481.693, 99
Trd, 4319482.593, 98
Trd, 4319484.593, 98
Trd, 4319485.793, 98
Trd, 4319486.693, 104
Trd, 4319490.193, 97
Trd, 4319491.043, 97
Trd, 4319491.743, 97
Trd, 4319492.693, 96
Trd, 4319494.193, 96
Trd, 4319494.343, 98
Trd, 4319498.893, 97
Trd, 4319499.543, 95
Trd, 4319499.993, 97
Trd, 4319501.843, 97
Trd, 4319502.443, 95
Trd, 4319503.043, 95
Trd, 4319504.393, 104
Trd, 4319508.943, 99
Trd, 4319510.393, 97
Trd, 4319511.293, 97
Trd, 4319511.843, 97
Trd, 4319513.043, 97
Trd, 4319513.793, 96
Trd, 4319520.693, 95
Trd, 4319521.443, 96
Trd, 4319523.693, 95
Trd, 4319524.693, 95
Trd, 4319524.793, 96
Trd, 4319525.443, 95
Trd, 4319525.493, 94
Trd, 4319528.443, 94
Trd, 4319530.393, 94
Trd, 4319531.643, 95
Trd, 4319532.143, 95
Trd, 4319532.643, 94
Trd, 4319532.893, 95
Trd, 4319535.493, 95
Trd, 4319537.543, 95
Trd, 4319538.643, 95
Trd, 4319539.593, 96
Trd, 4319539.643, 95
Trd, 4319542.543, 95
Trd, 4319544.893, 94
Trd, 4319545.493, 95
Trd, 4319547.143, 94
Trd, 4319547.843, 95
Trd, 4319550.393, 95
Trd, 4319552.393, 95
Trd, 4319552.743, 95
Trd, 4319554.143, 96
Trd, 4319556.893, 94
Trd, 4319558.843, 94
Trd, 4319559.293, 96
Trd, 4319561.093, 94
Trd, 4319562.393, 94
Trd, 4319563.493, 93
Trd, 4319563.693, 93
Trd, 4319564.743, 98
Trd, 4319566.493, 95
Trd, 4319569.043, 96
Trd, 4319570.793, 96
Trd, 4319571.643, 97
Trd, 4319572.643, 95
Trd, 4319574.043, 96
Trd, 4319574.643, 94
Trd, 4319576.843, 99
Trd, 4319577.493, 97
Trd, 4319577.743, 99
Trd, 4319579.843, 97
Trd, 4319583.093, 97
Trd, 4319583.243, 97
Trd, 4319587.343, 96
Trd, 4319588.843, 96
Trd, 4319589.993, 95
Trd, 4319591.543, 97
Trd, 4319593.243, 96
Trd, 4319593.593, 95
Trd, 4319595.643, 95
Trd, 4319596.043, 96
Trd, 4319596.293, 104
Trd, 4319599.243, 97
Trd, 4319599.843, 97
Trd, 4319602.443, 96
Trd, 4319606.343, 97
Trd, 4319607.243, 95
Trd, 4319608.743, 95
Trd, 4319611.793, 95
Trd, 4319613.293, 94
Trd, 4319614.393, 94
Trd, 4319614.843, 96
Trd, 4319616.643, 95
Trd, 4319616.993, 95
Trd, 4319618.693, 95
Trd, 4319618.893, 96
Trd, 4319622.043, 95
Trd, 4319623.243, 95
Trd, 4319623.643, 95
Trd, 4319623.893, 94
Trd, 4319627.243, 95
Trd, 4319628.393, 95
Trd, 4319629.393, 95
Trd, 4319630.393, 94
Trd, 4319632.393, 95
Trd, 4319633.793, 94
Trd, 4319634.043, 93
Trd, 4319634.193, 93
Trd, 4319635.743, 94
Trd, 4319637.793, 93
Trd, 4319639.293, 93
Trd, 4319641.793, 93
Trd, 4319643.293, 93
Trd, 4319644.193, 93
Trd, 4319645.843, 93
Trd, 4319648.093, 93
Trd, 4319649.843, 94
Trd, 4319650.393, 96
Trd, 4319652.843, 93
Trd, 4319654.593, 94
Trd, 4319655.793, 95
Trd, 4319657.593, 94
Trd, 4319658.143, 93
Trd, 4319659.393, 92
Trd, 4319660.993, 93
Trd, 4319661.993, 91
Trd, 4319663.693, 92
Trd, 4319664.243, 93
Trd, 4319664.843, 97
Trd, 4319667.093, 94
Trd, 4319669.643, 95
Trd, 4319671.443, 95
Trd, 4319674.943, 96
Trd, 4319675.293, 96
Trd, 4319677.893, 96
Trd, 4319678.443, 95
Trd, 4319679.293, 96
Trd, 4319681.843, 95
Trd, 4319683.143, 94
Trd, 4319685.693, 95
Trd, 4319686.093, 95
Trd, 4319686.543, 94
Trd, 4319687.293, 94
Trd, 4319688.293, 94
Trd, 4319691.693, 93
Trd, 4319691.743, 94
Trd, 4319691.943, 93
Trd, 4319692.193, 94
Trd, 4319696.643, 98
Trd, 4319697.793, 100
Trd, 4319698.643, 97
Trd, 4319699.943, 96
Trd, 4319701.893, 98
Trd, 4319703.393, 97
Trd, 4319704.743, 95
Trd, 4319705.693, 96
Trd, 4319706.043, 95
Trd, 4319707.043, 97
Trd, 4319708.443, 98
Trd, 4319708.493, 101
Trd, 4319711.693, 98
Trd, 4319712.193, 97
Trd, 4319714.143, 97
Trd, 4319714.743, 98
Trd, 4319717.693, 99
Trd, 4319717.843, 96
Trd, 4319718.893, 98
Trd, 4319720.693, 98
Trd, 4319723.493, 97
Trd, 4319723.593, 98
Trd, 4319727.043, 96
Trd, 4319727.943, 98
Trd, 4319728.393, 97
Trd, 4319729.893, 96
Trd, 4319730.043, 98
Trd, 4319731.843, 99
Trd, 4319732.093, 95
Trd, 4319737.093, 97
Trd, 4319738.893, 96
Trd, 4319740.443, 95
Trd, 4319743.193, 96
Trd, 4319743.893, 97
Trd, 4319746.143, 96
Trd, 4319747.443, 96
Trd, 4319749.293, 95
Trd, 4319751.543, 96
Trd, 4319753.843, 95
Trd, 4319754.643, 95
Trd, 4319755.943, 95
Trd, 4319756.843, 96
Trd, 4319757.943, 95
Trd, 4319758.493, 96
Trd, 4319760.643, 96
Trd, 4319764.493, 94
Trd, 4319764.543, 95
Trd, 4319765.993, 95
Trd, 4319766.643, 95
Trd, 4319768.193, 95
Trd, 4319769.143, 93
Trd, 4319771.093, 95
Trd, 4319772.543, 95
Trd, 4319773.893, 96
Trd, 4319774.993, 96
Trd, 4319775.543, 95
Trd, 4319776.793, 94
Trd, 4319777.793, 95
Trd, 4319779.993, 95
Trd, 4319782.643, 95
Trd, 4319782.693, 94
Trd, 4319783.643, 94
Trd, 4319787.543, 95
Trd, 4319787.943, 94
Trd, 4319789.893, 95
Trd, 4319790.993, 95
Trd, 4319791.343, 96
Trd, 4319792.943, 96
Trd, 4319795.443, 95
Trd, 4319797.143, 95
Trd, 4319798.393, 95
Trd, 4319799.943, 95
Trd, 4319800.043, 94
Trd, 4319801.693, 93
Trd, 4319803.543, 95
Trd, 4319805.843, 95
Trd, 4319806.693, 95
Trd, 4319811.043, 95
Trd, 4319811.893, 95
Trd, 4319813.093, 94
Trd, 4319813.343, 92
Trd, 4319815.043, 96
Trd, 4319815.193, 95
Trd, 4319815.343, 99
Trd, 4319816.893, 95
Trd, 4319817.593, 96
Trd, 4319818.243, 104
Trd, 4319821.793, 97
Trd, 4319821.993, 97
Trd, 4319823.243, 95
Trd, 4319823.693, 95
Trd, 4319823.943, 95
Trd, 4319825.643, 105
Trd, 4319827.143, 98
Trd, 4319827.643, 98
Trd, 4319830.543, 99
Trd, 4319831.143, 99
Trd, 4319832.643, 99
Trd, 4319833.893, 97
Trd, 4319836.443, 100
Trd, 4319839.243, 97
Trd, 4319841.043, 96
Trd, 4319841.293, 96
Trd, 4319841.943, 95
Trd, 4319842.093, 96
Trd, 4319842.243, 98
Trd, 4319846.393, 96
Trd, 4319846.743, 97
Trd, 4319847.043, 95
Trd, 4319847.093, 95
Trd, 4319848.543, 93
Trd, 4319849.193, 92
Trd, 4319850.693, 93
Trd, 4319852.293, 92
Trd, 4319853.793, 91
Trd, 4319854.443, 93
Trd, 4319855.643, 92
Trd, 4319858.493, 93
Trd, 4319859.093, 95
Trd, 4319859.293, 96
Trd, 4319860.693, 96
Trd, 4319862.693, 96
Trd, 4319866.143, 100
Trd, 4319867.393, 103
Trd, 4319868.393, 99
Trd, 4319869.343, 99
Trd, 4319870.143, 100
Trd, 4319872.293, 99
Trd, 4319875.943, 100
Trd, 4319875.993, 100
Trd, 4319877.043, 98
Trd, 4319877.793, 98
Trd, 4319879.443, 97
Trd, 4319882.243, 97
Trd, 4319882.543, 96
Trd, 4319885.043, 97
Trd, 4319886.893, 95
Trd, 4319887.193, 95
Trd, 4319887.243, 95
Trd, 4319887.743, 104
Trd, 4319888.493, 95
Trd, 4319890.193, 96
Trd, 4319892.093, 96
Trd, 4319892.743, 97
Trd, 4319894.543, 95
Trd, 4319897.143, 97
Trd, 4319897.343, 105
Trd, 4319900.243, 99
Trd, 4319900.393, 96
Trd, 4319901.493, 97
Trd, 4319904.043, 98
Trd, 4319905.593, 96
Trd, 4319905.693, 96
Trd, 4319907.393, 95
Trd, 4319910.093, 95
Trd, 4319910.143, 96
Trd, 4319910.593, 97
Trd, 4319915.393, 96
Trd, 4319915.543, 95
Trd, 4319920.093, 97
Trd, 4319920.593, 96
Trd, 4319921.043, 96
Trd, 4319922.893, 95
Trd, 4319923.743, 95
Trd, 4319925.343, 102
Trd, 4319928.993, 97
Trd, 4319929.843, 95
Trd, 4319932.543, 96
Trd, 4319933.893, 96
Trd, 4319936.343, 97
Trd, 4319936.993, 97
Trd, 4319937.943, 96
Trd, 4319938.593, 96
Trd, 4319940.993, 99
Trd, 4319943.643, 97
Trd, 4319944.943, 96
Trd, 4319946.943, 96
Trd, 4319949.143, 97
Trd, 4319950.043, 95
Trd, 4319950.293, 95
Trd, 4319950.693, 96
Trd, 4319951.493, 95
Trd, 4319953.493, 95
Trd, 4319954.943, 94
Trd, 4319955.093, 94
Trd, 4319956.043, 104
Trd, 4319957.043, 97
Trd, 4319957.793, 95
Trd, 4319959.493, 96
Trd, 4319960.743, 95
Trd, 4319961.493, 95
Trd, 4319963.543, 94
Trd, 4319963.743, 105
Trd, 4319965.993, 97
Trd, 4319966.693, 96
Trd, 4319968.643, 96
Trd, 4319970.093, 96
Trd, 4319970.993, 96
Trd, 4319973.343, 101
Trd, 4319973.393, 98
Trd, 4319974.443, 95
Trd, 4319975.243, 95
Trd, 4319979.443, 100
Trd, 4319980.043, 104
Trd, 4319980.693, 99
Trd, 4319982.393, 99
Trd, 4319982.443, 98
Trd, 4319983.993, 97
Trd, 4319984.693, 96
Trd, 4319986.843, 97
Trd, 4319988.093, 96
Trd, 4319989.193, 96
Trd, 4319994.643, 94
Trd, 4319995.093, 95
Trd, 4319995.593, 96
Trd, 4319997.243, 95
Trd, 4319997.643, 94
