Trd, 4317810.493, 105
Trd, 4317812.793, 105
Trd, 4317812.843, 104
Trd, 4317813.143, 104
Trd, 4317816.793, 104
Trd, 4317817.193, 104
Trd, 4317818.843, 106
Trd, 4317820.293, 105
Trd, 4317822.393, 105
Trd, 4317825.143, 104
Trd, 4317831.093, 104
Trd, 4317832.043, 105
Trd, 4317833.593, 104
Trd, 4317834.993, 103
Trd, 4317836.093, 104
Trd, 4317836.893, 102
Trd, 4317839.443, 104
Trd, 4317843.343, 102
Trd, 4317844.193, 103
Trd, 4317844.643, 103
Trd, 4317844.743, 102
Trd, 4317849.243, 103
Trd, 4317849.993, 105
Trd, 4317851.943, 104
Trd, 4317852.843, 104
Trd, 4317853.193, 103
Trd, 4317855.743, 122
Trd, 4317858.243, 108
Trd, 4317859.543, 107
Trd, 4317859.893, 106
Trd, 4317863.043, 108
Trd, 4317865.343, 106
Trd, 4317867.143, 108
Trd, 4317870.143, 104
Trd, 4317870.593, 104
Trd, 4317871.393, 104
Trd, 4317872.343, 104
Trd, 4317873.193, 104
Trd, 4317877.443, 104
Trd, 4317878.443, 104
Trd, 4317878.843, 103
Trd, 4317878.993, 104
Trd, 4317881.993, 106
Trd, 4317882.193, 105
Trd, 4317882.943, 106
Trd, 4317883.193, 114
Trd, 4317887.193, 107
Trd, 4317887.693, 107
Trd, 4317888.343, 104
Trd, 4317889.743, 105
Trd, 4317891.893, 95
Trd, 4317891.993, 93
Trd, 4317894.193, 92
Trd, 4317894.693, 77
Trd, 4317896.093, 92
Trd, 4317897.643, 89
Trd, 4317898.093, 114
Trd, 4317899.943, 98
Trd, 4317900.543, 98
Trd, 4317902.743, 104
Trd, 4317905.643, 98
Trd, 4317905.993, 98
Trd, 4317907.443, 98
Trd, 4317909.043, 98
Trd, 4317909.943, 104
Trd, 4317911.843, 114
Trd, 4317916.493, 103
Trd, 4317916.743, 104
Trd, 4317917.043, 105
Trd, 4317921.043, 104
Trd, 4317922.893, 105
Trd, 4317924.043, 105
Trd, 4317924.743, 104
Trd, 4317926.493, 105
Trd, 4317927.943, 104
Trd, 4317930.593, 104
Trd, 4317930.843, 105
Trd, 4317934.193, 106
Trd, 4317936.593, 104
Trd, 4317937.743, 106
Trd, 4317938.993, 106
Trd, 4317942.543, 103
Trd, 4317942.643, 104
Trd, 4317944.043, 104
Trd, 4317944.693, 103
Trd, 4317946.343, 102
Trd, 4317947.593, 102
Trd, 4317949.643, 97
Trd, 4317950.143, 97
Trd, 4317950.593, 98
Trd, 4317952.193, 97
Trd, 4317953.493, 96
Trd, 4317954.293, 97
Trd, 4317954.993, 96
Trd, 4317959.293, 104
Trd, 4317959.443, 99
Trd, 4317959.693, 100
Trd, 4317960.793, 113
Trd, 4317962.943, 113
Trd, 4317964.993, 110
Trd, 4317965.043, 105
Trd, 4317966.843, 105
Trd, 4317968.093, 99
Trd, 4317969.493, 106
Trd, 4317970.043, 106
Trd, 4317971.143, 105
Trd, 4317972.743, 105
Trd, 4317973.043, 106
Trd, 4317975.843, 105
Trd, 4317976.043, 105
Trd, 4317977.193, 106
Trd, 4317978.443, 104
Trd, 4317986.143, 107
Trd, 4317987.993, 107
Trd, 4317988.943, 107
Trd, 4317989.043, 104
Trd, 4317990.843, 107
Trd, 4317991.793, 102
Trd, 4317992.443, 104
Trd, 4317995.593, 104
Trd, 4317996.543, 103
Trd, 4317998.193, 102
Trd, 4317999.243, 103
Trd, 4317999.793, 102
Trd, 4318001.793, 103
Trd, 4318002.743, 103
Trd, 4318004.943, 103
Trd, 4318005.343, 102
Trd, 4318006.343, 104
Trd, 4318007.093, 104
Trd, 4318009.843, 105
Trd, 4318010.193, 107
Trd, 4318012.393, 105
Trd, 4318012.443, 106
Trd, 4318017.343, 106
Trd, 4318017.893, 105
Trd, 4318021.493, 105
Trd, 4318022.243, 105
Trd, 4318022.343, 104
Trd, 4318022.443, 103
Trd, 4318023.243, 104
Trd, 4318024.643, 102
Trd, 4318026.393, 105
Trd, 4318027.643, 104
Trd, 4318027.843, 113
Trd, 4318029.693, 106
Trd, 4318031.093, 105
Trd, 4318036.893, 107
Trd, 4318037.793, 104
Trd, 4318039.893, 104
Trd, 4318041.343, 107
Trd, 4318042.943, 107
Trd, 4318044.743, 107
Trd, 4318045.343, 104
Trd, 4318048.743, 106
Trd, 4318050.493, 107
Trd, 4318053.193, 105
Trd, 4318055.193, 106
Trd, 4318058.393, 105
Trd, 4318059.893, 104
Trd, 4318060.643, 104
Trd, 4318061.193, 105
Trd, 4318061.843, 103
Trd, 4318062.943, 104
Trd, 4318064.743, 99
Trd, 4318065.793, 89
Trd, 4318066.043, 99
Trd, 4318066.893, 99
Trd, 4318069.643, 99
Trd, 4318070.293, 98
Trd, 4318070.443, 104
Trd, 4318072.343, 102
Trd, 4318075.493, 103
Trd, 4318078.643, 103
Trd, 4318079.393, 103
Trd, 4318081.293, 103
Trd, 4318081.543, 98
Trd, 4318084.693, 103
Trd, 4318088.143, 103
Trd, 4318088.293, 103
Trd, 4318089.193, 102
Trd, 4318092.343, 103
Trd, 4318093.043, 104
Trd, 4318093.993, 103
Trd, 4318095.693, 104
Trd, 4318097.543, 97
Trd, 4318098.193, 97
Trd, 4318098.243, 85
Trd, 4318098.843, 104
Trd, 4318099.093, 97
Trd, 4318101.543, 96
Trd, 4318102.293, 121
Trd, 4318102.943, 105
Trd, 4318104.193, 99
Trd, 4318105.143, 108
Trd, 4318106.693, 101
Trd, 4318107.143, 84
Trd, 4318107.693, 101
Trd, 4318109.093, 97
Trd, 4318109.993, 84
Trd, 4318111.793, 96
Trd, 4318113.043, 98
Trd, 4318114.593, 100
Trd, 4318116.843, 107
Trd, 4318119.093, 101
Trd, 4318119.443, 101
Trd, 4318120.393, 102
Trd, 4318124.093, 101
Trd, 4318125.193, 101
Trd, 4318126.493, 102
Trd, 4318128.443, 102
Trd, 4318129.493, 102
Trd, 4318131.543, 113
Trd, 4318132.443, 101
Trd, 4318135.543, 106
Trd, 4318136.593, 100
Trd, 4318138.393, 99
Trd, 4318138.993, 99
Trd, 4318139.893, 108
Trd, 4318143.643, 102
Trd, 4318146.593, 101
Trd, 4318148.493, 101
Trd, 4318148.943, 100
Trd, 4318150.493, 107
Trd, 4318150.943, 105
Trd, 4318152.643, 103
Trd, 4318152.893, 105
Trd, 4318156.393, 105
Trd, 4318156.543, 104
Trd, 4318161.193, 104
Trd, 4318161.293, 105
Trd, 4318161.643, 104
Trd, 4318162.143, 104
Trd, 4318163.743, 104
Trd, 4318163.793, 114
Trd, 4318167.143, 104
Trd, 4318169.243, 104
Trd, 4318169.643, 105
Trd, 4318171.393, 104
Trd, 4318171.493, 104
Trd, 4318172.793, 103
Trd, 4318175.043, 104
Trd, 4318177.543, 103
Trd, 4318178.543, 103
Trd, 4318179.943, 103
Trd, 4318180.043, 102
Trd, 4318182.393, 103
Trd, 4318183.943, 102
Trd, 4318185.443, 104
Trd, 4318188.393, 102
Trd, 4318188.693, 103
Trd, 4318191.443, 103
Trd, 4318191.693, 103
Trd, 4318192.993, 103
Trd, 4318194.643, 109
Trd, 4318200.293, 105
Trd, 4318200.493, 104
Trd, 4318200.843, 105
Trd, 4318201.893, 102
Trd, 4318203.343, 99
Trd, 4318203.993, 99
Trd, 4318205.993, 105
Trd, 4318207.443, 101
Trd, 4318207.493, 106
Trd, 4318209.393, 105
Trd, 4318210.493, 104
Trd, 4318211.793, 115
Trd, 4318214.443, 105
Trd, 4318218.593, 106
Trd, 4318219.943, 104
Trd, 4318222.093, 105
Trd, 4318223.143, 105
Trd, 4318225.243, 103
Trd, 4318226.993, 104
Trd, 4318227.893, 102
Trd, 4318229.093, 99
Trd, 4318229.793, 85
Trd, 4318230.243, 102
Trd, 4318233.493, 100
Trd, 4318233.843, 107
Trd, 4318235.993, 102
Trd, 4318238.193, 103
Trd, 4318238.443, 105
Trd, 4318243.193, 103
Trd, 4318244.643, 104
Trd, 4318245.643, 103
Trd, 4318245.743, 102
Trd, 4318248.593, 95
Trd, 4318250.693, 96
Trd, 4318252.143, 95
Trd, 4318252.793, 96
Trd, 4318253.193, 108
Trd, 4318255.143, 99
Trd, 4318256.643, 99
Trd, 4318258.343, 99
Trd, 4318259.793, 104
Trd, 4318260.243, 101
Trd, 4318261.493, 102
Trd, 4318262.143, 101
Trd, 4318265.493, 102
Trd, 4318266.093, 102
Trd, 4318269.343, 102
Trd, 4318269.593, 101
Trd, 4318270.293, 101
Trd, 4318271.793, 101
Trd, 4318274.293, 101
Trd, 4318275.493, 102
Trd, 4318277.443, 104
Trd, 4318278.643, 104
Trd, 4318279.093, 103
Trd, 4318280.493, 104
Trd, 4318281.643, 104
Trd, 4318283.243, 106
Trd, 4318285.643, 106
Trd, 4318285.893, 116
Trd, 4318287.843, 105
Trd, 4318288.643, 108
Trd, 4318291.893, 108
Trd, 4318293.593, 106
Trd, 4318294.993, 107
Trd, 4318295.593, 105
Trd, 4318297.993, 105
Trd, 4318298.643, 104
Trd, 4318299.543, 106
Trd, 4318302.143, 106
Trd, 4318302.893, 102
Trd, 4318305.543, 106
Trd, 4318305.843, 107
Trd, 4318310.343, 106
Trd, 4318312.343, 104
Trd, 4318314.593, 105
Trd, 4318315.593, 105
Trd, 4318317.093, 105
Trd, 4318317.293, 106
Trd, 4318319.993, 106
Trd, 4318321.143, 105
Trd, 4318323.043, 104
Trd, 4318324.043, 105
Trd, 4318327.043, 105
Trd, 4318328.443, 105
Trd, 4318333.143, 105
Trd, 4318334.693, 104
Trd, 4318337.193, 104
Trd, 4318337.693, 105
Trd, 4318338.793, 105
Trd, 4318341.293, 104
Trd, 4318342.193, 106
Trd, 4318345.343, 104
Trd, 4318346.743, 105
Trd, 4318347.693, 105
Trd, 4318348.793, 104
Trd, 4318349.293, 104
Trd, 4318350.843, 122
Trd, 4318350.893, 121
Trd, 4318351.943, 104
Trd, 4318352.243, 104
Trd, 4318358.193, 107
Trd, 4318358.443, 109
Trd, 4318358.843, 108
Trd, 4318361.243, 106
Trd, 4318362.393, 108
Trd, 4318363.593, 108
Trd, 4318365.093, 108
Trd, 4318368.293, 108
Trd, 4318368.493, 109
Trd, 4318368.743, 105
Trd, 4318370.643, 105
Trd, 4318372.593, 104
Trd, 4318372.893, 109
Trd, 4318374.943, 96
Trd, 4318377.243, 104
Trd, 4318378.443, 104
Trd, 4318379.293, 98
Trd, 4318379.993, 105
Trd, 4318380.443, 91
Trd, 4318381.743, 96
Trd, 4318383.493, 99
Trd, 4318383.543, 105
Trd, 4318386.093, 99
Trd, 4318387.293, 103
Trd, 4318387.393, 85
Trd, 4318388.993, 112
Trd, 4318390.643, 101
Trd, 4318391.243, 114
Trd, 4318393.943, 105
Trd, 4318396.143, 105
Trd, 4318398.593, 105
Trd, 4318399.243, 104
Trd, 4318405.693, 105
Trd, 4318408.093, 104
Trd, 4318408.443, 105
Trd, 4318411.093, 105
Trd, 4318411.243, 104
Trd, 4318412.743, 114
Trd, 4318413.593, 112
Trd, 4318415.043, 111
Trd, 4318418.593, 105
Trd, 4318418.993, 105
Trd, 4318419.693, 105
Trd, 4318421.693, 107
Trd, 4318422.193, 104
Trd, 4318423.493, 106
Trd, 4318424.093, 105
Trd, 4318427.493, 105
Trd, 4318428.493, 106
Trd, 4318430.793, 105
Trd, 4318433.593, 106
Trd, 4318435.743, 104
Trd, 4318435.943, 106
Trd, 4318436.543, 106
Trd, 4318437.643, 106
Trd, 4318441.793, 105
Trd, 4318442.043, 104
Trd, 4318442.543, 105
Trd, 4318443.043, 104
Trd, 4318443.593, 104
Trd, 4318446.543, 104
Trd, 4318447.793, 103
Trd, 4318449.293, 104
Trd, 4318449.443, 104
Trd, 4318453.993, 103
Trd, 4318455.343, 104
Trd, 4318457.093, 104
Trd, 4318457.993, 103
Trd, 4318459.143, 85
Trd, 4318460.043, 100
Trd, 4318463.743, 95
Trd, 4318464.693, 95
Trd, 4318465.443, 98
Trd, 4318465.593, 100
Trd, 4318466.993, 97
Trd, 4318469.893, 111
Trd, 4318472.393, 104
Trd, 4318473.343, 104
Trd, 4318473.943, 102
Trd, 4318474.743, 103
Trd, 4318476.593, 102
Trd, 4318477.293, 104
Trd, 4318478.093, 102
Trd, 4318480.493, 115
Trd, 4318481.143, 107
Trd, 4318482.193, 106
Trd, 4318486.093, 107
Trd, 4318486.943, 107
Trd, 4318487.493, 106
Trd, 4318490.093, 107
Trd, 4318493.293, 105
Trd, 4318494.893, 104
Trd, 4318495.993, 104
Trd, 4318496.243, 105
Trd, 4318498.593, 103
Trd, 4318499.593, 105
Trd, 4318500.843, 104
Trd, 4318502.143, 104
Trd, 4318504.293, 105
Trd, 4318505.143, 105
Trd, 4318508.643, 105
Trd, 4318509.243, 104
Trd, 4318509.493, 105
Trd, 4318511.443, 104
Trd, 4318514.193, 104
Trd, 4318515.743, 105
Trd, 4318516.393, 105
Trd, 4318517.793, 104
Trd, 4318518.693, 104
Trd, 4318520.593, 99
Trd, 4318520.893, 99
Trd, 4318523.043, 100
Trd, 4318523.143, 104
Trd, 4318524.943, 104
Trd, 4318525.493, 102
Trd, 4318528.143, 104
Trd, 4318528.443, 101
Trd, 4318528.993, 104
Trd, 4318532.193, 103
Trd, 4318532.693, 101
Trd, 4318534.293, 95
Trd, 4318535.293, 97
Trd, 4318537.093, 104
Trd, 4318537.893, 104
Trd, 4318538.243, 103
Trd, 4318539.543, 104
Trd, 4318540.543, 103
Trd, 4318541.093, 105
Trd, 4318545.143, 104
Trd, 4318545.593, 102
Trd, 4318547.093, 102
Trd, 4318548.193, 104
Trd, 4318549.343, 102
Trd, 4318550.593, 103
Trd, 4318551.943, 103
Trd, 4318555.593, 102
Trd, 4318555.693, 104
Trd, 4318556.143, 107
Trd, 4318557.993, 105
Trd, 4318561.193, 105
Trd, 4318563.043, 104
Trd, 4318564.943, 103
Trd, 4318565.643, 104
Trd, 4318566.993, 104
Trd, 4318567.493, 104
Trd, 4318570.643, 105
Trd, 4318570.893, 102
Trd, 4318571.843, 98
Trd, 4318572.643, 104
Trd, 4318573.793, 100
Trd, 4318574.193, 99
Trd, 4318574.843, 87
Trd, 4318575.793, 103
Trd, 4318580.243, 104
Trd, 4318582.393, 102
Trd, 4318584.293, 106
Trd, 4318584.643, 103
Trd, 4318585.393, 103
Trd, 4318586.993, 102
Trd, 4318587.543, 102
Trd, 4318590.343, 101
Trd, 4318591.393, 100
Trd, 4318592.493, 100
Trd, 4318592.943, 98
Trd, 4318594.393, 97
Trd, 4318594.643, 108
Trd, 4318596.493, 104
Trd, 4318598.743, 104
Trd, 4318598.893, 103
Trd, 4318600.893, 105
Trd, 4318601.393, 104
Trd, 4318602.393, 103
Trd, 4318603.043, 105
Trd, 4318603.693, 104
Trd, 4318604.893, 106
Trd, 4318606.443, 104
Trd, 4318608.443, 106
Trd, 4318609.643, 105
Trd, 4318612.393, 104
Trd, 4318612.643, 107
Trd, 4318614.243, 103
Trd, 4318615.893, 105
Trd, 4318616.293, 106
Trd, 4318616.793, 104
Trd, 4318619.343, 99
Trd, 4318619.843, 99
Trd, 4318619.993, 86
Trd, 4318622.043, 96
Trd, 4318622.843, 96
Trd, 4318624.143, 98
Trd, 4318625.143, 105
Trd, 4318627.893, 99
Trd, 4318628.743, 100
Trd, 4318630.643, 105
Trd, 4318630.693, 104
Trd, 4318631.093, 102
Trd, 4318631.393, 98
Trd, 4318633.743, 100
Trd, 4318635.793, 99
Trd, 4318638.343, 101
Trd, 4318640.443, 91
Trd, 4318640.593, 101
Trd, 4318643.943, 96
Trd, 4318644.343, 94
Trd, 4318647.093, 96
Trd, 4318647.943, 94
Trd, 4318648.893, 95
Trd, 4318649.343, 95
Trd, 4318651.593, 95
Trd, 4318653.443, 94
Trd, 4318654.293, 104
Trd, 4318655.693, 98
Trd, 4318656.593, 99
Trd, 4318658.843, 98
Trd, 4318659.393, 98
Trd, 4318661.293, 105
Trd, 4318661.343, 104
Trd, 4318663.743, 102
Trd, 4318665.993, 103
Trd, 4318666.593, 100
Trd, 4318669.143, 101
Trd, 4318669.843, 103
Trd, 4318670.793, 103
Trd, 4318672.943, 98
Trd, 4318675.293, 101
Trd, 4318675.893, 101
Trd, 4318676.343, 102
Trd, 4318677.843, 101
Trd, 4318680.693, 104
Trd, 4318682.093, 103
Trd, 4318682.593, 103
Trd, 4318684.543, 105
Trd, 4318684.743, 113
Trd, 4318686.743, 111
Trd, 4318686.843, 110
Trd, 4318687.493, 122
Trd, 4318689.393, 104
Trd, 4318689.893, 102
Trd, 4318690.393, 112
Trd, 4318691.843, 108
Trd, 4318694.843, 106
Trd, 4318696.843, 98
Trd, 4318697.043, 101
Trd, 4318697.643, 106
Trd, 4318699.543, 104
Trd, 4318700.793, 104
Trd, 4318702.143, 114
Trd, 4318703.193, 107
Trd, 4318705.693, 107
Trd, 4318706.843, 106
Trd, 4318707.243, 105
Trd, 4318707.993, 114
Trd, 4318708.643, 104
Trd, 4318712.993, 106
Trd, 4318714.143, 104
Trd, 4318714.593, 104
Trd, 4318715.993, 105
Trd, 4318716.043, 105
Trd, 4318716.093, 104
Trd, 4318718.343, 104
Trd, 4318720.143, 103
Trd, 4318721.543, 102
Trd, 4318722.343, 85
Trd, 4318722.993, 104
Trd, 4318724.293, 103
Trd, 4318724.343, 122
Trd, 4318728.943, 106
Trd, 4318729.743, 104
Trd, 4318730.393, 104
Trd, 4318731.543, 105
Trd, 4318733.593, 105
Trd, 4318734.993, 104
Trd, 4318738.743, 106
Trd, 4318740.793, 105
Trd, 4318743.043, 106
Trd, 4318743.243, 104
Trd, 4318747.543, 105
Trd, 4318749.143, 104
Trd, 4318749.643, 105
Trd, 4318751.843, 105
Trd, 4318753.293, 104
Trd, 4318755.793, 104
Trd, 4318757.293, 104
Trd, 4318760.643, 104
Trd, 4318762.043, 114
Trd, 4318762.443, 103
Trd, 4318764.343, 104
Trd, 4318769.493, 105
Trd, 4318769.543, 104
Trd, 4318772.143, 105
Trd, 4318774.543, 105
Trd, 4318776.043, 104
Trd, 4318776.893, 104
Trd, 4318777.693, 105
Trd, 4318778.943, 105
Trd, 4318779.943, 104
Trd, 4318781.443, 105
Trd, 4318782.043, 105
Trd, 4318782.793, 104
Trd, 4318782.943, 103
Trd, 4318785.993, 104
Trd, 4318787.193, 102
Trd, 4318788.093, 102
Trd, 4318788.443, 105
Trd, 4318792.893, 104
Trd, 4318793.343, 104
Trd, 4318796.893, 104
Trd, 4318799.243, 104
Trd, 4318800.393, 104
Trd, 4318804.343, 104
Trd, 4318806.543, 104
Trd, 4318810.793, 104
Trd, 4318813.193, 105
Trd, 4318813.243, 105
Trd, 4318813.343, 105
Trd, 4318813.393, 104
Trd, 4318814.643, 103
Trd, 4318817.343, 105
Trd, 4318820.243, 106
Trd, 4318820.393, 104
Trd, 4318822.093, 106
Trd, 4318826.893, 105
Trd, 4318827.593, 104
Trd, 4318828.243, 104
Trd, 4318829.493, 103
Trd, 4318831.443, 104
Trd, 4318832.893, 106
Trd, 4318833.243, 106
Trd, 4318834.893, 105
Trd, 4318835.893, 106
Trd, 4318839.193, 106
Trd, 4318840.293, 107
Trd, 4318842.193, 105
Trd, 4318843.593, 106
Trd, 4318848.443, 106
Trd, 4318850.143, 104
Trd, 4318851.243, 105
Trd, 4318853.543, 105
Trd, 4318857.093, 105
Trd, 4318859.593, 104
Trd, 4318860.293, 105
Trd, 4318861.393, 105
Trd, 4318863.993, 104
Trd, 4318864.593, 103
Trd, 4318864.893, 102
Trd, 4318868.443, 103
Trd, 4318869.243, 103
Trd, 4318869.793, 102
Trd, 4318872.493, 102
Trd, 4318872.943, 101
Trd, 4318873.243, 102
Trd, 4318876.943, 103
Trd, 4318877.493, 103
Trd, 4318878.393, 104
Trd, 4318879.143, 103
Trd, 4318879.693, 102
Trd, 4318882.393, 113
Trd, 4318883.293, 104
Trd, 4318883.643, 105
Trd, 4318885.893, 106
Trd, 4318886.043, 104
Trd, 4318886.893, 107
Trd, 4318887.343, 104
Trd, 4318890.693, 98
Trd, 4318892.093, 97
Trd, 4318892.993, 107
Trd, 4318893.493, 102
Trd, 4318895.293, 101
Trd, 4318896.843, 101
Trd, 4318897.143, 114
Trd, 4318898.393, 105
Trd, 4318899.893, 105
Trd, 4318901.543, 106
Trd, 4318906.943, 106
Trd, 4318907.243, 106
Trd, 4318908.943, 104
Trd, 4318911.593, 104
Trd, 4318913.743, 99
Trd, 4318913.943, 100
Trd, 4318914.643, 100
Trd, 4318916.393, 98
Trd, 4318917.093, 100
Trd, 4318918.593, 104
Trd, 4318919.243, 97
Trd, 4318923.643, 101
Trd, 4318924.743, 101
Trd, 4318927.493, 105
Trd, 4318927.793, 103
Trd, 4318929.793, 104
Trd, 4318931.243, 105
Trd, 4318931.393, 102
Trd, 4318933.243, 104
Trd, 4318937.393, 104
Trd, 4318937.543, 104
Trd, 4318939.593, 104
Trd, 4318941.593, 104
Trd, 4318942.143, 104
Trd, 4318943.743, 104
Trd, 4318945.643, 104
Trd, 4318947.443, 103
Trd, 4318949.343, 103
Trd, 4318951.893, 112
Trd, 4318952.093, 105
Trd, 4318955.343, 104
Trd, 4318958.793, 104
Trd, 4318959.443, 104
Trd, 4318959.843, 105
Trd, 4318961.093, 104
Trd, 4318962.093, 105
Trd, 4318964.893, 105
Trd, 4318967.443, 105
Trd, 4318968.843, 105
Trd, 4318970.293, 104
Trd, 4318972.743, 104
Trd, 4318973.243, 106
Trd, 4318975.593, 106
Trd, 4318976.293, 105
Trd, 4318979.343, 104
Trd, 4318984.393, 106
Trd, 4318986.643, 104
Trd, 4318990.843, 106
Trd, 4318991.793, 113
Trd, 4318993.193, 122
Trd, 4318993.393, 104
Trd, 4318994.043, 100
Trd, 4318997.193, 102
Trd, 4318999.243, 104
Trd, 4318999.493, 105
Trd, 4319000.343, 105
Trd, 4319003.143, 106
Trd, 4319003.593, 107
Trd, 4319003.993, 104
Trd, 4319004.343, 114
Trd, 4319006.143, 88
Trd, 4319007.243, 103
Trd, 4319010.543, 97
Trd, 4319011.143, 100
Trd, 4319011.393, 105
Trd, 4319012.693, 104
Trd, 4319013.593, 106
Trd, 4319014.193, 104
Trd, 4319015.043, 104
Trd, 4319015.543, 114
Trd, 4319017.693, 107
Trd, 4319018.443, 107
Trd, 4319018.843, 106
Trd, 4319020.693, 108
Trd, 4319022.293, 108
Trd, 4319024.943, 108
Trd, 4319025.043, 105
Trd, 4319025.193, 109
Trd, 4319029.143, 108
Trd, 4319029.193, 106
Trd, 4319032.043, 105
Trd, 4319034.793, 106
Trd, 4319036.793, 105
Trd, 4319037.143, 105
Trd, 4319039.393, 104
Trd, 4319039.743, 105
Trd, 4319041.043, 104
Trd, 4319043.843, 105
Trd, 4319046.293, 105
Trd, 4319047.343, 105
Trd, 4319052.093, 105
Trd, 4319052.293, 105
Trd, 4319053.243, 105
Trd, 4319054.943, 105
Trd, 4319055.593, 104
Trd, 4319058.243, 105
Trd, 4319060.893, 103
Trd, 4319061.443, 105
Trd, 4319063.193, 104
Trd, 4319063.793, 103
Trd, 4319065.493, 104
Trd, 4319066.643, 101
Trd, 4319067.443, 107
Trd, 4319069.893, 105
Trd, 4319072.143, 105
Trd, 4319074.443, 104
Trd, 4319076.343, 104
Trd, 4319076.393, 103
Trd, 4319077.693, 103
Trd, 4319078.193, 102
Trd, 4319079.143, 94
Trd, 4319079.643, 91
Trd, 4319080.393, 105
Trd, 4319081.543, 96
Trd, 4319082.143, 104
Trd, 4319084.893, 97
Trd, 4319087.243, 96
Trd, 4319087.793, 87
Trd, 4319089.193, 92
Trd, 4319089.993, 93
Trd, 4319091.143, 95
Trd, 4319093.143, 94
Trd, 4319093.743, 109
Trd, 4319095.943, 98
Trd, 4319098.693, 98
Trd, 4319100.493, 98
Trd, 4319101.543, 96
Trd, 4319102.093, 97
Trd, 4319103.593, 96
Trd, 4319104.043, 99
Trd, 4319110.143, 97
Trd, 4319110.443, 98
Trd, 4319110.543, 98
Trd, 4319112.143, 98
Trd, 4319115.693, 98
Trd, 4319116.043, 103
Trd, 4319117.393, 107
Trd, 4319117.493, 102
Trd, 4319120.443, 100
Trd, 4319121.943, 99
Trd, 4319122.193, 99
Trd, 4319122.243, 103
Trd, 4319124.643, 99
Trd, 4319127.043, 100
Trd, 4319127.343, 100
Trd, 4319130.143, 100
Trd, 4319130.993, 100
Trd, 4319133.193, 99
Trd, 4319133.543, 100
Trd, 4319135.843, 100
Trd, 4319138.843, 101
Trd, 4319140.993, 99
Trd, 4319142.243, 100
Trd, 4319143.393, 100
Trd, 4319147.243, 101
Trd, 4319148.943, 104
Trd, 4319149.443, 103
Trd, 4319150.393, 102
Trd, 4319151.793, 112
Trd, 4319153.243, 106
Trd, 4319156.943, 106
Trd, 4319157.643, 106
Trd, 4319163.043, 107
Trd, 4319165.543, 106
Trd, 4319167.643, 105
Trd, 4319168.793, 104
Trd, 4319169.343, 103
Trd, 4319169.893, 105
Trd, 4319170.293, 105
Trd, 4319173.093, 104
Trd, 4319173.443, 104
Trd, 4319179.143, 104
Trd, 4319179.793, 104
Trd, 4319179.993, 103
Trd, 4319180.593, 103
Trd, 4319183.343, 103
Trd, 4319184.643, 104
Trd, 4319184.993, 103
Trd, 4319186.843, 113
Trd, 4319186.993, 104
Trd, 4319191.443, 105
Trd, 4319192.893, 106
Trd, 4319195.993, 104
Trd, 4319197.393, 106
Trd, 4319197.593, 110
Trd, 4319199.543, 108
Trd, 4319201.343, 108
Trd, 4319203.143, 106
Trd, 4319208.293, 106
Trd, 4319208.893, 107
Trd, 4319210.593, 106
Trd, 4319211.593, 104
Trd, 4319216.743, 107
Trd, 4319216.993, 106
Trd, 4319218.743, 106
Trd, 4319218.893, 105
Trd, 4319224.243, 106
Trd, 4319225.693, 106
Trd, 4319226.693, 105
Trd, 4319226.993, 102
Trd, 4319229.393, 106
Trd, 4319235.443, 106
Trd, 4319235.593, 107
Trd, 4319236.643, 107
Trd, 4319238.293, 104
Trd, 4319239.243, 103
Trd, 4319244.593, 107
Trd, 4319246.243, 107
Trd, 4319247.143, 106
Trd, 4319248.943, 107
Trd, 4319252.993, 106
Trd, 4319255.993, 106
Trd, 4319256.343, 105
Trd, 4319258.493, 106
Trd, 4319259.143, 104
Trd, 4319263.093, 105
Trd, 4319264.393, 104
Trd, 4319266.343, 104
Trd, 4319268.993, 103
Trd, 4319269.243, 104
Trd, 4319270.543, 104
Trd, 4319270.843, 104
Trd, 4319271.843, 114
Trd, 4319275.493, 104
Trd, 4319279.043, 107
Trd, 4319285.743, 108
Trd, 4319286.043, 108
Trd, 4319287.393, 105
Trd, 4319288.543, 108
Trd, 4319289.343, 106
Trd, 4319292.243, 108
Trd, 4319295.243, 105
Trd, 4319298.443, 104
Trd, 4319298.593, 104
Trd, 4319299.243, 104
Trd, 4319300.293, 101
Trd, 4319300.643, 104
Trd, 4319302.693, 102
Trd, 4319304.043, 102
Trd, 4319306.693, 102
Trd, 4319306.843, 101
Trd, 4319307.693, 102
Trd, 4319310.693, 102
Trd, 4319311.243, 102
Trd, 4319313.793, 102
Trd, 4319316.843, 101
Trd, 4319317.993, 102
Trd, 4319320.193, 100
Trd, 4319321.893, 102
Trd, 4319322.543, 98
Trd, 4319322.693, 97
Trd, 4319324.293, 102
Trd, 4319325.443, 98
Trd, 4319327.643, 100
Trd, 4319329.943, 99
Trd, 4319330.143, 97
Trd, 4319331.743, 99
Trd, 4319332.143, 98
Trd, 4319336.343, 100
Trd, 4319337.443, 100
Trd, 4319339.343, 100
Trd, 4319339.643, 100
Trd, 4319342.493, 100
Trd, 4319342.843, 99
Trd, 4319344.143, 105
Trd, 4319347.693, 101
Trd, 4319348.293, 102
Trd, 4319350.743, 100
Trd, 4319350.943, 101
Trd, 4319353.343, 103
Trd, 4319355.443, 101
Trd, 4319357.143, 103
Trd, 4319359.393, 99
Trd, 4319359.893, 102
Trd, 4319362.843, 109
Trd, 4319363.943, 109
Trd, 4319365.893, 110
Trd, 4319367.043, 109
Trd, 4319368.043, 106
Trd, 4319368.093, 85
Trd, 4319370.893, 106
Trd, 4319371.343, 105
Trd, 4319372.893, 104
Trd, 4319375.943, 105
Trd, 4319376.593, 104
Trd, 4319377.043, 103
Trd, 4319378.093, 105
Trd, 4319379.643, 110
Trd, 4319386.443, 106
Trd, 4319387.043, 105
Trd, 4319388.043, 104
Trd, 4319388.843, 106
Trd, 4319389.643, 101
Trd, 4319390.993, 99
Trd, 4319391.843, 102
Trd, 4319394.243, 100
Trd, 4319394.843, 101
Trd, 4319396.743, 100
Trd, 4319398.693, 100
Trd, 4319400.293, 101
Trd, 4319400.643, 107
Trd, 4319401.243, 104
Trd, 4319402.693, 104
Trd, 4319404.243, 84
Trd, 4319406.593, 104
Trd, 4319409.793, 100
Trd, 4319410.493, 103
Trd, 4319412.393, 104
Trd, 4319412.693, 104
Trd, 4319414.543, 103
Trd, 4319416.543, 103
Trd, 4319416.743, 110
Trd, 4319421.343, 104
Trd, 4319424.243, 105
Trd, 4319426.093, 104
Trd, 4319427.643, 104
Trd, 4319430.843, 104
Trd, 4319431.343, 104
Trd, 4319432.443, 103
Trd, 4319434.343, 101
Trd, 4319436.243, 104
Trd, 4319437.443, 104
Trd, 4319439.393, 103
Trd, 4319439.893, 102
Trd, 4319442.243, 101
Trd, 4319443.793, 101
Trd, 4319444.243, 103
Trd, 4319444.793, 103
Trd, 4319446.893, 103
Trd, 4319448.343, 99
Trd, 4319448.593, 102
Trd, 4319450.493, 102
Trd, 4319454.793, 102
Trd, 4319455.993, 103
Trd, 4319456.593, 101
Trd, 4319457.743, 103
Trd, 4319459.393, 104
Trd, 4319460.343, 101
Trd, 4319461.043, 103
Trd, 4319462.093, 101
Trd, 4319462.493, 104
Trd, 4319464.293, 104
Trd, 4319470.043, 104
Trd, 4319470.293, 104
Trd, 4319470.793, 104
Trd, 4319471.943, 105
Trd, 4319474.043, 103
Trd, 4319476.443, 104
Trd, 4319476.793, 104
Trd, 4319479.843, 105
Trd, 4319481.243, 106
Trd, 4319482.393, 105
Trd, 4319483.643, 108
Trd, 4319486.293, 107
Trd, 4319490.343, 107
Trd, 4319492.093, 105
Trd, 4319495.943, 105
Trd, 4319496.643, 105
Trd, 4319497.143, 107
Trd, 4319498.443, 106
Trd, 4319499.193, 104
Trd, 4319500.443, 114
Trd, 4319501.543, 107
Trd, 4319507.393, 106
Trd, 4319508.243, 106
Trd, 4319509.393, 104
Trd, 4319511.893, 106
Trd, 4319512.243, 104
Trd, 4319513.193, 104
Trd, 4319514.743, 103
Trd, 4319515.293, 104
Trd, 4319517.043, 104
Trd, 4319517.393, 105
Trd, 4319518.043, 104
Trd, 4319519.643, 104
Trd, 4319521.243, 102
Trd, 4319521.493, 101
Trd, 4319522.293, 99
Trd, 4319525.443, 122
Trd, 4319527.193, 104
Trd, 4319528.143, 102
Trd, 4319529.643, 103
Trd, 4319530.743, 103
Trd, 4319532.243, 114
Trd, 4319538.293, 106
Trd, 4319540.843, 106
Trd, 4319542.093, 104
Trd, 4319543.093, 104
Trd, 4319544.543, 103
Trd, 4319544.593, 104
Trd, 4319547.693, 104
Trd, 4319548.343, 104
Trd, 4319548.593, 104
Trd, 4319553.693, 105
Trd, 4319555.893, 105
Trd, 4319555.993, 104
Trd, 4319556.593, 104
Trd, 4319558.643, 104
Trd, 4319559.543, 103
Trd, 4319562.393, 105
Trd, 4319564.493, 105
Trd, 4319565.793, 105
Trd, 4319565.943, 104
Trd, 4319567.843, 100
Trd, 4319568.543, 102
Trd, 4319568.793, 104
Trd, 4319571.243, 114
Trd, 4319572.793, 102
Trd, 4319572.843, 106
Trd, 4319574.643, 103
Trd, 4319576.093, 102
Trd, 4319578.643, 104
Trd, 4319582.693, 103
Trd, 4319582.743, 101
Trd, 4319584.943, 102
Trd, 4319584.993, 101
Trd, 4319587.043, 104
Trd, 4319588.593, 103
Trd, 4319590.643, 103
Trd, 4319592.443, 108
Trd, 4319592.893, 104
Trd, 4319593.793, 103
Trd, 4319595.293, 104
Trd, 4319597.143, 105
Trd, 4319597.693, 105
Trd, 4319600.343, 104
Trd, 4319601.693, 105
Trd, 4319602.343, 107
Trd, 4319602.943, 108
Trd, 4319603.143, 114
Trd, 4319604.993, 109
Trd, 4319605.943, 107
Trd, 4319608.843, 107
Trd, 4319610.143, 109
Trd, 4319611.743, 109
Trd, 4319614.793, 107
Trd, 4319617.843, 109
Trd, 4319617.943, 107
Trd, 4319620.393, 109
Trd, 4319624.593, 109
Trd, 4319624.793, 106
Trd, 4319625.543, 107
Trd, 4319628.293, 106
Trd, 4319628.643, 109
Trd, 4319629.343, 104
Trd, 4319629.693, 108
Trd, 4319630.993, 103
Trd, 4319632.843, 103
Trd, 4319634.093, 103
Trd, 4319636.193, 113
Trd, 4319640.293, 105
Trd, 4319641.343, 104
Trd, 4319643.643, 104
Trd, 4319646.643, 103
Trd, 4319647.193, 104
Trd, 4319647.993, 104
Trd, 4319649.293, 104
Trd, 4319652.193, 104
Trd, 4319654.043, 103
Trd, 4319654.193, 104
Trd, 4319654.493, 104
Trd, 4319656.793, 105
Trd, 4319658.143, 105
Trd, 4319659.193, 105
Trd, 4319661.643, 105
Trd, 4319662.443, 104
Trd, 4319665.193, 105
Trd, 4319668.643, 105
Trd, 4319669.443, 106
Trd, 4319671.443, 106
Trd, 4319673.593, 105
Trd, 4319674.893, 105
Trd, 4319677.243, 104
Trd, 4319679.193, 103
Trd, 4319679.393, 105
Trd, 4319680.593, 104
Trd, 4319683.293, 105
Trd, 4319684.543, 105
Trd, 4319684.793, 104
Trd, 4319687.543, 105
Trd, 4319687.643, 104
Trd, 4319689.993, 105
Trd, 4319692.093, 104
Trd, 4319693.043, 105
Trd, 4319699.393, 105
Trd, 4319700.693, 105
Trd, 4319702.543, 105
Trd, 4319703.493, 104
Trd, 4319706.593, 105
Trd, 4319707.843, 105
Trd, 4319711.193, 105
Trd, 4319711.643, 104
Trd, 4319712.693, 104
Trd, 4319714.343, 104
Trd, 4319714.393, 110
Trd, 4319716.793, 104
Trd, 4319718.343, 104
Trd, 4319718.593, 103
Trd, 4319718.943, 103
Trd, 4319720.343, 103
Trd, 4319722.093, 105
Trd, 4319725.293, 104
Trd, 4319729.543, 104
Trd, 4319729.593, 104
Trd, 4319730.643, 105
Trd, 4319733.943, 104
Trd, 4319735.393, 103
Trd, 4319735.593, 105
Trd, 4319736.643, 104
Trd, 4319738.493, 114
Trd, 4319739.443, 107
Trd, 4319740.743, 107
Trd, 4319740.993, 107
Trd, 4319741.543, 107
Trd, 4319742.293, 107
Trd, 4319742.443, 106
Trd, 4319744.993, 100
Trd, 4319745.243, 104
Trd, 4319746.193, 102
Trd, 4319749.543, 105
Trd, 4319750.993, 108
Trd, 4319751.593, 115
Trd, 4319755.143, 106
Trd, 4319759.093, 105
Trd, 4319759.643, 105
Trd, 4319763.593, 105
Trd, 4319765.043, 104
Trd, 4319765.643, 104
Trd, 4319768.793, 104
Trd, 4319769.043, 85
Trd, 4319769.143, 104
Trd, 4319770.843, 100
Trd, 4319771.493, 106
Trd, 4319773.743, 104
Trd, 4319774.643, 105
Trd, 4319775.643, 104
Trd, 4319777.743, 104
Trd, 4319779.593, 104
Trd, 4319780.343, 104
Trd, 4319781.143, 113
Trd, 4319782.743, 112
Trd, 4319783.793, 121
Trd, 4319787.043, 114
Trd, 4319787.543, 112
Trd, 4319788.043, 114
Trd, 4319790.393, 104
Trd, 4319791.993, 105
Trd, 4319792.043, 111
Trd, 4319792.493, 122
Trd, 4319795.943, 104
Trd, 4319798.343, 105
Trd, 4319800.093, 109
Trd, 4319801.193, 108
Trd, 4319801.693, 109
Trd, 4319804.943, 106
Trd, 4319807.493, 109
Trd, 4319810.843, 108
Trd, 4319813.743, 109
Trd, 4319815.643, 105
Trd, 4319815.993, 105
Trd, 4319818.443, 105
Trd, 4319819.443, 106
Trd, 4319821.693, 107
Trd, 4319822.893, 105
Trd, 4319824.243, 105
Trd, 4319825.043, 105
Trd, 4319826.593, 106
Trd, 4319830.593, 105
Trd, 4319830.843, 104
Trd, 4319831.243, 104
Trd, 4319831.993, 107
Trd, 4319834.343, 106
Trd, 4319835.943, 104
Trd, 4319837.743, 106
Trd, 4319838.943, 106
Trd, 4319839.493, 105
Trd, 4319840.293, 105
Trd, 4319842.043, 104
Trd, 4319845.643, 104
Trd, 4319846.643, 107
Trd, 4319849.843, 107
Trd, 4319852.043, 107
Trd, 4319853.493, 106
Trd, 4319855.143, 122
Trd, 4319857.843, 110
Trd, 4319858.143, 108
Trd, 4319859.443, 107
Trd, 4319861.293, 109
Trd, 4319862.343, 110
Trd, 4319863.943, 110
Trd, 4319864.093, 110
Trd, 4319865.343, 107
Trd, 4319865.993, 108
Trd, 4319869.743, 107
Trd, 4319871.593, 106
Trd, 4319873.093, 109
Trd, 4319875.643, 108
Trd, 4319875.893, 106
Trd, 4319876.593, 109
Trd, 4319880.693, 109
Trd, 4319881.493, 105
Trd, 4319882.043, 110
Trd, 4319884.243, 107
Trd, 4319888.693, 107
Trd, 4319889.093, 103
Trd, 4319890.593, 101
Trd, 4319891.293, 104
Trd, 4319891.643, 102
Trd, 4319892.143, 100
Trd, 4319894.643, 98
Trd, 4319895.793, 98
Trd, 4319896.043, 98
Trd, 4319896.843, 106
Trd, 4319898.693, 104
Trd, 4319899.893, 90
Trd, 4319900.743, 102
Trd, 4319903.893, 102
Trd, 4319905.293, 102
Trd, 4319906.393, 100
Trd, 4319909.843, 101
Trd, 4319912.543, 102
Trd, 4319912.893, 107
Trd, 4319915.043, 104
Trd, 4319916.093, 103
Trd, 4319918.443, 105
Trd, 4319919.643, 105
Trd, 4319920.743, 104
Trd, 4319921.343, 113
Trd, 4319924.193, 106
Trd, 4319928.693, 107
Trd, 4319928.893, 107
Trd, 4319932.343, 107
Trd, 4319933.893, 105
Trd, 4319933.993, 107
Trd, 4319935.943, 105
Trd, 4319938.143, 106
Trd, 4319938.543, 107
Trd, 4319939.043, 104
Trd, 4319942.993, 107
Trd, 4319943.893, 107
Trd, 4319945.993, 104
Trd, 4319947.493, 107
Trd, 4319949.643, 105
Trd, 4319952.593, 105
Trd, 4319953.843, 107
Trd, 4319953.993, 107
Trd, 4319956.793, 107
Trd, 4319959.143, 104
Trd, 4319959.293, 107
Trd, 4319960.493, 107
Trd, 4319963.293, 106
Trd, 4319966.693, 106
Trd, 4319971.293, 107
Trd, 4319971.993, 106
Trd, 4319973.543, 107
Trd, 4319975.843, 106
Trd, 4319975.993, 104
Trd, 4319976.593, 107
Trd, 4319977.543, 104
Trd, 4319979.043, 105
Trd, 4319980.793, 104
Trd, 4319981.193, 104
Trd, 4319982.543, 104
Trd, 4319984.093, 103
Trd, 4319985.893, 103
Trd, 4319987.693, 105
Trd, 4319988.743, 93
Trd, 4319989.843, 98
Trd, 4319992.093, 97
Trd, 4319995.043, 102
Trd, 4319995.643, 103
Trd, 4319996.143, 102
Trd, 4319996.443, 109
Trd, 4319997.243, 93
Trd, 4319997.593, 98
Trd, 4319999.743, 95
