Trd, 4317708.543, 93
Trd, 4317708.993, 93
Trd, 4317714.093, 94
Trd, 4317715.343, 103
Trd, 4317715.693, 100
Trd, 4317715.943, 98
Trd, 4317717.293, 98
Trd, 4317718.393, 100
Trd, 4317718.443, 113
Trd, 4317721.893, 102
Trd, 4317723.393, 91
Trd, 4317725.393, 92
Trd, 4317726.643, 91
Trd, 4317727.493, 85
Trd, 4317727.793, 101
Trd, 4317731.393, 93
Trd, 4317731.693, 93
Trd, 4317740.493, 93
Trd, 4317741.593, 92
Trd, 4317742.293, 93
Trd, 4317747.793, 93
Trd, 4317748.443, 94
Trd, 4317752.443, 93
Trd, 4317754.943, 92
Trd, 4317755.843, 92
Trd, 4317759.393, 91
Trd, 4317760.293, 92
Trd, 4317766.243, 92
Trd, 4317769.893, 92
Trd, 4317776.093, 92
Trd, 4317779.593, 91
Trd, 4317783.893, 91
Trd, 4317786.243, 91
Trd, 4317795.243, 91
Trd, 4317800.893, 90
Trd, 4317802.493, 90
Trd, 4317802.593, 91
Trd, 4317807.943, 91
Trd, 4317808.293, 91
Trd, 4317810.143, 91
Trd, 4317818.593, 91
Trd, 4317819.293, 91
Trd, 4317824.093, 91
Trd, 4317828.793, 92
Trd, 4317834.993, 91
Trd, 4317839.943, 90
Trd, 4317847.543, 90
Trd, 4317848.493, 90
Trd, 4317849.743, 90
Trd, 4317853.793, 90
Trd, 4317854.443, 89
Trd, 4317856.093, 90
Trd, 4317856.843, 108
Trd, 4317858.143, 94
Trd, 4317859.593, 94
Trd, 4317865.143, 92
Trd, 4317869.443, 90
Trd, 4317875.793, 89
Trd, 4317877.093, 88
Trd, 4317877.143, 88
Trd, 4317877.493, 95
Trd, 4317881.793, 91
Trd, 4317885.443, 90
Trd, 4317887.293, 90
Trd, 4317893.593, 90
Trd, 4317896.543, 90
Trd, 4317899.343, 89
Trd, 4317910.393, 88
Trd, 4317913.443, 88
Trd, 4317913.793, 87
Trd, 4317917.143, 86
Trd, 4317918.143, 88
Trd, 4317918.843, 89
Trd, 4317920.743, 97
Trd, 4317925.243, 90
Trd, 4317927.443, 90
Trd, 4317929.793, 90
Trd, 4317933.193, 89
Trd, 4317935.243, 89
Trd, 4317937.093, 89
Trd, 4317937.143, 88
Trd, 4317937.293, 88
Trd, 4317942.343, 96
Trd, 4317942.793, 91
Trd, 4317947.793, 90
Trd, 4317950.093, 88
Trd, 4317950.893, 117
Trd, 4317954.793, 92
Trd, 4317956.193, 92
Trd, 4317958.493, 92
Trd, 4317965.443, 92
Trd, 4317966.793, 92
Trd, 4317970.243, 92
Trd, 4317971.393, 93
Trd, 4317972.443, 93
Trd, 4317976.193, 92
Trd, 4317979.943, 91
Trd, 4317980.293, 91
Trd, 4317986.093, 91
Trd, 4317987.393, 91
Trd, 4317991.543, 91
Trd, 4317992.443, 91
Trd, 4317996.043, 90
Trd, 4317996.243, 91
Trd, 4317999.993, 92
Trd, 4318002.043, 92
Trd, 4318009.493, 91
Trd, 4318011.193, 91
Trd, 4318014.593, 91
Trd, 4318016.243, 91
Trd, 4318017.793, 91
Trd, 4318029.843, 91
Trd, 4318033.143, 91
Trd, 4318033.793, 91
Trd, 4318035.943, 90
Trd, 4318042.793, 90
Trd, 4318044.043, 90
Trd, 4318046.643, 94
Trd, 4318046.943, 92
Trd, 4318048.243, 96
Trd, 4318049.393, 96
Trd, 4318051.493, 96
Trd, 4318054.393, 93
Trd, 4318054.443, 94
Trd, 4318056.593, 94
Trd, 4318060.343, 95
Trd, 4318065.793, 95
Trd, 4318065.993, 95
Trd, 4318070.693, 95
Trd, 4318071.143, 93
Trd, 4318071.643, 93
Trd, 4318076.193, 92
Trd, 4318077.243, 93
Trd, 4318090.893, 92
Trd, 4318091.693, 92
Trd, 4318091.743, 91
Trd, 4318097.193, 92
Trd, 4318098.643, 92
Trd, 4318102.693, 91
Trd, 4318103.443, 90
Trd, 4318103.543, 93
Trd, 4318105.443, 96
Trd, 4318106.243, 93
Trd, 4318106.493, 92
Trd, 4318109.443, 94
Trd, 4318112.543, 95
Trd, 4318112.893, 95
Trd, 4318114.143, 94
Trd, 4318116.293, 104
Trd, 4318117.243, 95
Trd, 4318118.443, 96
Trd, 4318119.943, 96
Trd, 4318120.993, 95
Trd, 4318122.843, 95
Trd, 4318123.993, 94
Trd, 4318125.343, 94
Trd, 4318127.243, 96
Trd, 4318129.693, 95
Trd, 4318132.493, 96
Trd, 4318137.143, 96
Trd, 4318142.643, 95
Trd, 4318145.543, 95
Trd, 4318152.043, 95
Trd, 4318153.743, 95
Trd, 4318155.643, 95
Trd, 4318159.193, 95
Trd, 4318165.843, 95
Trd, 4318167.593, 95
Trd, 4318169.243, 94
Trd, 4318169.443, 95
Trd, 4318171.093, 100
Trd, 4318172.393, 96
Trd, 4318174.893, 91
Trd, 4318175.393, 96
Trd, 4318176.093, 100
Trd, 4318177.793, 100
Trd, 4318178.793, 103
Trd, 4318179.993, 101
Trd, 4318180.893, 96
Trd, 4318181.843, 105
Trd, 4318185.993, 101
Trd, 4318192.093, 101
Trd, 4318192.443, 100
Trd, 4318193.793, 100
Trd, 4318195.043, 100
Trd, 4318196.343, 98
Trd, 4318204.293, 100
Trd, 4318204.943, 98
Trd, 4318207.143, 100
Trd, 4318210.493, 98
Trd, 4318214.043, 100
Trd, 4318219.043, 100
Trd, 4318220.593, 98
Trd, 4318220.743, 99
Trd, 4318222.143, 97
Trd, 4318224.643, 100
Trd, 4318229.343, 96
Trd, 4318231.193, 99
Trd, 4318235.643, 97
Trd, 4318241.443, 97
Trd, 4318243.693, 97
Trd, 4318248.043, 97
Trd, 4318248.693, 98
Trd, 4318253.093, 98
Trd, 4318261.993, 95
Trd, 4318263.943, 98
Trd, 4318265.543, 98
Trd, 4318267.293, 99
Trd, 4318278.993, 96
Trd, 4318285.043, 95
Trd, 4318285.193, 94
Trd, 4318285.243, 94
Trd, 4318285.743, 93
Trd, 4318288.093, 93
Trd, 4318289.293, 93
Trd, 4318290.693, 123
Trd, 4318292.093, 106
Trd, 4318295.093, 99
Trd, 4318298.443, 104
Trd, 4318298.693, 97
Trd, 4318298.893, 95
Trd, 4318299.593, 92
Trd, 4318300.343, 95
Trd, 4318301.943, 92
Trd, 4318302.443, 121
Trd, 4318306.443, 97
Trd, 4318311.793, 95
Trd, 4318313.993, 95
Trd, 4318315.343, 95
Trd, 4318316.393, 94
Trd, 4318322.743, 94
Trd, 4318326.843, 94
Trd, 4318330.293, 94
Trd, 4318330.393, 93
Trd, 4318331.943, 100
Trd, 4318332.893, 96
Trd, 4318336.343, 96
Trd, 4318337.043, 97
Trd, 4318339.543, 98
Trd, 4318339.643, 96
Trd, 4318342.893, 98
Trd, 4318343.343, 97
Trd, 4318343.843, 99
Trd, 4318344.443, 98
Trd, 4318344.643, 97
Trd, 4318347.743, 98
Trd, 4318348.643, 98
Trd, 4318351.543, 98
Trd, 4318352.643, 100
Trd, 4318354.443, 112
Trd, 4318356.293, 105
Trd, 4318357.693, 101
Trd, 4318358.243, 102
Trd, 4318361.893, 103
Trd, 4318363.343, 102
Trd, 4318367.543, 101
Trd, 4318367.993, 102
Trd, 4318368.093, 100
Trd, 4318368.943, 93
Trd, 4318370.043, 114
Trd, 4318371.043, 96
Trd, 4318372.743, 92
Trd, 4318373.643, 90
Trd, 4318375.743, 99
Trd, 4318376.043, 94
Trd, 4318378.193, 97
Trd, 4318378.643, 96
Trd, 4318379.943, 93
Trd, 4318379.993, 95
Trd, 4318384.243, 100
Trd, 4318386.843, 106
Trd, 4318388.243, 102
Trd, 4318388.943, 104
Trd, 4318390.043, 104
Trd, 4318391.843, 101
Trd, 4318394.593, 101
Trd, 4318395.343, 101
Trd, 4318395.743, 102
Trd, 4318397.143, 103
Trd, 4318399.793, 98
Trd, 4318399.893, 98
Trd, 4318402.393, 98
Trd, 4318402.643, 98
Trd, 4318406.643, 112
Trd, 4318408.643, 110
Trd, 4318409.643, 106
Trd, 4318412.793, 106
Trd, 4318413.893, 108
Trd, 4318415.993, 107
Trd, 4318417.493, 105
Trd, 4318419.493, 107
Trd, 4318421.143, 105
Trd, 4318421.193, 104
Trd, 4318424.793, 103
Trd, 4318428.893, 105
Trd, 4318429.543, 103
Trd, 4318435.093, 104
Trd, 4318435.743, 102
Trd, 4318436.343, 101
Trd, 4318436.443, 103
Trd, 4318441.493, 102
Trd, 4318442.643, 101
Trd, 4318444.343, 100
Trd, 4318444.643, 99
Trd, 4318446.443, 95
Trd, 4318446.693, 94
Trd, 4318447.793, 99
Trd, 4318448.293, 95
Trd, 4318450.043, 97
Trd, 4318452.093, 101
Trd, 4318452.643, 99
Trd, 4318455.243, 100
Trd, 4318456.343, 99
Trd, 4318458.843, 118
Trd, 4318459.843, 100
Trd, 4318461.243, 100
Trd, 4318471.893, 102
Trd, 4318472.793, 101
Trd, 4318473.193, 102
Trd, 4318474.693, 101
Trd, 4318481.393, 101
Trd, 4318481.593, 100
Trd, 4318481.893, 99
Trd, 4318483.293, 98
Trd, 4318486.343, 100
Trd, 4318488.143, 99
Trd, 4318489.593, 87
Trd, 4318490.793, 90
Trd, 4318491.193, 90
Trd, 4318492.843, 89
Trd, 4318495.193, 94
Trd, 4318495.893, 94
Trd, 4318495.943, 99
Trd, 4318498.743, 94
Trd, 4318500.143, 95
Trd, 4318502.543, 95
Trd, 4318507.193, 94
Trd, 4318508.343, 93
Trd, 4318510.343, 94
Trd, 4318515.993, 94
Trd, 4318519.343, 94
Trd, 4318522.193, 94
Trd, 4318525.743, 92
Trd, 4318526.093, 93
Trd, 4318526.743, 92
Trd, 4318529.543, 93
Trd, 4318530.143, 94
Trd, 4318533.143, 95
Trd, 4318536.543, 94
Trd, 4318537.493, 94
Trd, 4318540.943, 94
Trd, 4318542.343, 93
Trd, 4318547.043, 93
Trd, 4318547.093, 94
Trd, 4318549.493, 94
Trd, 4318550.793, 94
Trd, 4318554.693, 94
Trd, 4318557.193, 92
Trd, 4318560.593, 94
Trd, 4318565.843, 94
Trd, 4318566.893, 94
Trd, 4318572.043, 94
Trd, 4318575.993, 94
Trd, 4318576.743, 94
Trd, 4318578.043, 100
Trd, 4318578.643, 97
Trd, 4318584.543, 97
Trd, 4318587.543, 97
Trd, 4318589.293, 95
Trd, 4318589.893, 96
Trd, 4318594.993, 96
Trd, 4318597.593, 95
Trd, 4318598.043, 94
Trd, 4318601.293, 94
Trd, 4318602.393, 93
Trd, 4318608.343, 94
Trd, 4318611.793, 93
Trd, 4318612.143, 93
Trd, 4318612.493, 92
Trd, 4318615.093, 96
Trd, 4318615.543, 96
Trd, 4318617.193, 96
Trd, 4318619.293, 100
Trd, 4318619.943, 99
Trd, 4318622.193, 106
Trd, 4318623.393, 106
Trd, 4318624.393, 127
Trd, 4318624.743, 104
Trd, 4318626.943, 105
Trd, 4318628.143, 94
Trd, 4318629.493, 100
Trd, 4318630.643, 90
Trd, 4318631.143, 88
Trd, 4318633.643, 126
Trd, 4318634.693, 115
Trd, 4318635.393, 103
Trd, 4318638.343, 109
Trd, 4318638.793, 108
Trd, 4318639.943, 111
Trd, 4318640.593, 108
Trd, 4318644.243, 109
Trd, 4318647.693, 108
Trd, 4318650.793, 109
Trd, 4318651.393, 107
Trd, 4318653.743, 109
Trd, 4318655.843, 107
Trd, 4318656.193, 109
Trd, 4318659.893, 106
Trd, 4318668.193, 109
Trd, 4318668.443, 105
Trd, 4318670.793, 104
Trd, 4318678.193, 105
Trd, 4318679.943, 104
Trd, 4318680.493, 103
Trd, 4318680.943, 103
Trd, 4318683.593, 102
Trd, 4318683.693, 103
Trd, 4318684.143, 115
Trd, 4318688.143, 107
Trd, 4318691.993, 104
Trd, 4318695.893, 100
Trd, 4318697.893, 104
Trd, 4318699.043, 100
Trd, 4318701.243, 99
Trd, 4318704.043, 98
Trd, 4318704.793, 97
Trd, 4318705.743, 97
Trd, 4318706.693, 99
Trd, 4318709.593, 97
Trd, 4318710.143, 96
Trd, 4318710.793, 95
Trd, 4318711.243, 100
Trd, 4318711.743, 115
Trd, 4318714.143, 100
Trd, 4318716.093, 101
Trd, 4318716.943, 101
Trd, 4318718.843, 98
Trd, 4318722.143, 101
Trd, 4318728.193, 99
Trd, 4318731.993, 101
Trd, 4318732.343, 99
Trd, 4318734.343, 100
Trd, 4318734.543, 101
Trd, 4318741.543, 98
Trd, 4318743.643, 101
Trd, 4318748.093, 97
Trd, 4318748.843, 101
Trd, 4318759.793, 99
Trd, 4318760.693, 99
Trd, 4318762.493, 97
Trd, 4318762.693, 98
Trd, 4318768.593, 99
Trd, 4318770.793, 100
Trd, 4318771.193, 97
Trd, 4318776.893, 100
Trd, 4318778.643, 133
Trd, 4318788.843, 99
Trd, 4318789.743, 98
Trd, 4318790.593, 97
Trd, 4318792.343, 96
Trd, 4318793.343, 96
Trd, 4318795.093, 95
Trd, 4318795.643, 134
Trd, 4318796.893, 101
Trd, 4318797.793, 104
Trd, 4318798.943, 105
Trd, 4318800.193, 104
Trd, 4318801.443, 103
Trd, 4318804.693, 103
Trd, 4318806.293, 104
Trd, 4318811.793, 102
Trd, 4318813.093, 102
Trd, 4318813.193, 103
Trd, 4318823.693, 102
Trd, 4318823.943, 101
Trd, 4318824.543, 102
Trd, 4318826.493, 103
Trd, 4318828.743, 103
Trd, 4318830.443, 101
Trd, 4318833.193, 100
Trd, 4318834.793, 103
Trd, 4318835.243, 100
Trd, 4318837.893, 103
Trd, 4318840.693, 99
Trd, 4318842.493, 103
Trd, 4318847.443, 98
Trd, 4318848.643, 101
Trd, 4318852.193, 100
Trd, 4318854.293, 98
Trd, 4318856.343, 97
Trd, 4318856.393, 96
Trd, 4318857.443, 96
Trd, 4318860.243, 96
Trd, 4318866.393, 95
Trd, 4318870.393, 96
Trd, 4318872.843, 94
Trd, 4318878.093, 96
Trd, 4318885.643, 95
Trd, 4318885.743, 93
Trd, 4318890.893, 95
Trd, 4318892.193, 94
Trd, 4318910.193, 93
Trd, 4318910.393, 93
Trd, 4318911.543, 100
Trd, 4318913.243, 98
Trd, 4318915.893, 98
Trd, 4318916.293, 97
Trd, 4318916.493, 99
Trd, 4318919.393, 91
Trd, 4318919.493, 93
Trd, 4318920.093, 103
Trd, 4318926.793, 97
Trd, 4318926.943, 97
Trd, 4318934.143, 97
Trd, 4318934.693, 98
Trd, 4318937.643, 97
Trd, 4318938.893, 95
Trd, 4318939.393, 95
Trd, 4318940.193, 96
Trd, 4318941.643, 95
Trd, 4318942.943, 96
Trd, 4318947.943, 96
Trd, 4318948.393, 95
Trd, 4318949.143, 95
Trd, 4318951.643, 95
Trd, 4318954.093, 95
Trd, 4318954.143, 94
Trd, 4318954.593, 110
Trd, 4318955.743, 113
Trd, 4318959.543, 107
Trd, 4318960.993, 102
Trd, 4318962.193, 108
Trd, 4318964.093, 106
Trd, 4318968.193, 104
Trd, 4318969.943, 102
Trd, 4318970.643, 107
Trd, 4318971.093, 120
Trd, 4318972.143, 84
Trd, 4318973.743, 97
Trd, 4318974.143, 100
Trd, 4318975.743, 93
Trd, 4318976.493, 87
Trd, 4318977.293, 87
Trd, 4318980.393, 94
Trd, 4318980.893, 117
Trd, 4318981.343, 99
Trd, 4318983.493, 98
Trd, 4318984.593, 105
Trd, 4318986.943, 101
Trd, 4318990.443, 99
Trd, 4318990.543, 98
Trd, 4318990.843, 97
Trd, 4318993.193, 95
Trd, 4318994.993, 98
Trd, 4318995.793, 88
Trd, 4318996.393, 88
Trd, 4318999.443, 102
Trd, 4319000.193, 100
Trd, 4319000.893, 94
Trd, 4319003.543, 87
Trd, 4319005.493, 88
Trd, 4319006.193, 93
Trd, 4319006.443, 97
Trd, 4319008.993, 107
Trd, 4319009.693, 107
Trd, 4319014.393, 98
Trd, 4319015.693, 102
Trd, 4319016.893, 100
Trd, 4319017.693, 103
Trd, 4319020.743, 103
Trd, 4319021.443, 102
Trd, 4319026.043, 102
Trd, 4319026.443, 101
Trd, 4319033.693, 100
Trd, 4319034.593, 102
Trd, 4319041.693, 103
Trd, 4319046.593, 102
Trd, 4319046.943, 102
Trd, 4319051.793, 99
Trd, 4319052.643, 100
Trd, 4319055.343, 99
Trd, 4319056.643, 101
Trd, 4319058.693, 99
Trd, 4319059.843, 98
Trd, 4319060.393, 101
Trd, 4319063.243, 90
Trd, 4319063.893, 98
Trd, 4319064.093, 95
Trd, 4319065.043, 113
Trd, 4319068.243, 103
Trd, 4319070.193, 104
Trd, 4319071.443, 102
Trd, 4319072.543, 105
Trd, 4319077.043, 102
Trd, 4319077.093, 101
Trd, 4319077.493, 100
Trd, 4319078.743, 106
Trd, 4319082.193, 96
Trd, 4319082.343, 97
Trd, 4319082.593, 99
Trd, 4319084.893, 104
Trd, 4319087.343, 89
Trd, 4319087.643, 92
Trd, 4319090.143, 90
Trd, 4319090.643, 89
Trd, 4319092.993, 81
Trd, 4319093.693, 89
Trd, 4319094.743, 106
Trd, 4319095.193, 91
Trd, 4319098.893, 95
Trd, 4319104.193, 92
Trd, 4319105.343, 91
Trd, 4319105.793, 90
Trd, 4319106.593, 104
Trd, 4319108.143, 98
Trd, 4319109.543, 103
Trd, 4319111.393, 100
Trd, 4319112.743, 94
Trd, 4319113.443, 94
Trd, 4319114.543, 103
Trd, 4319116.493, 97
Trd, 4319117.693, 101
Trd, 4319119.093, 109
Trd, 4319120.743, 105
Trd, 4319123.643, 103
Trd, 4319123.943, 103
Trd, 4319124.543, 103
Trd, 4319126.243, 102
Trd, 4319126.993, 102
Trd, 4319129.393, 102
Trd, 4319130.893, 101
Trd, 4319133.143, 103
Trd, 4319140.493, 100
Trd, 4319140.743, 103
Trd, 4319144.093, 102
Trd, 4319145.893, 108
Trd, 4319147.793, 107
Trd, 4319150.043, 105
Trd, 4319151.343, 106
Trd, 4319153.643, 107
Trd, 4319153.793, 104
Trd, 4319154.443, 103
Trd, 4319154.893, 107
Trd, 4319155.793, 102
Trd, 4319157.543, 108
Trd, 4319157.743, 131
Trd, 4319159.143, 114
Trd, 4319161.793, 110
Trd, 4319163.443, 110
Trd, 4319164.093, 106
Trd, 4319166.393, 134
Trd, 4319166.943, 106
Trd, 4319171.993, 109
Trd, 4319173.143, 108
Trd, 4319174.343, 100
Trd, 4319175.693, 102
Trd, 4319176.093, 103
Trd, 4319178.193, 103
Trd, 4319180.093, 100
Trd, 4319182.093, 102
Trd, 4319182.343, 100
Trd, 4319184.093, 98
Trd, 4319185.043, 101
Trd, 4319185.793, 98
Trd, 4319190.893, 97
Trd, 4319191.293, 97
Trd, 4319191.493, 98
Trd, 4319192.393, 98
Trd, 4319193.043, 120
Trd, 4319195.093, 102
Trd, 4319195.943, 98
Trd, 4319197.793, 95
Trd, 4319199.543, 94
Trd, 4319202.193, 96
Trd, 4319202.343, 99
Trd, 4319206.493, 98
Trd, 4319207.343, 98
Trd, 4319208.343, 97
Trd, 4319210.593, 100
Trd, 4319210.993, 104
Trd, 4319214.343, 104
Trd, 4319215.643, 102
Trd, 4319218.043, 105
Trd, 4319219.143, 104
Trd, 4319221.143, 105
Trd, 4319222.993, 103
Trd, 4319224.643, 104
Trd, 4319227.743, 103
Trd, 4319229.043, 101
Trd, 4319231.743, 104
Trd, 4319233.343, 100
Trd, 4319233.593, 106
Trd, 4319235.343, 103
Trd, 4319236.193, 102
Trd, 4319237.193, 93
Trd, 4319237.893, 92
Trd, 4319238.493, 98
Trd, 4319239.893, 93
Trd, 4319240.643, 94
Trd, 4319241.643, 96
Trd, 4319243.393, 100
Trd, 4319244.243, 96
Trd, 4319245.643, 101
Trd, 4319247.293, 102
Trd, 4319247.343, 116
Trd, 4319250.243, 102
Trd, 4319252.193, 101
Trd, 4319253.443, 101
Trd, 4319254.293, 102
Trd, 4319254.893, 101
Trd, 4319259.043, 101
Trd, 4319260.743, 101
Trd, 4319266.193, 100
Trd, 4319268.293, 101
Trd, 4319268.343, 101
Trd, 4319268.593, 100
Trd, 4319272.093, 111
Trd, 4319272.893, 106
Trd, 4319273.443, 103
Trd, 4319275.293, 103
Trd, 4319277.593, 104
Trd, 4319278.393, 102
Trd, 4319284.043, 102
Trd, 4319284.093, 103
Trd, 4319284.593, 93
Trd, 4319290.693, 103
Trd, 4319291.593, 103
Trd, 4319292.193, 100
Trd, 4319293.443, 99
Trd, 4319296.393, 101
Trd, 4319300.343, 98
Trd, 4319300.593, 101
Trd, 4319305.493, 98
Trd, 4319311.943, 98
Trd, 4319317.793, 100
Trd, 4319319.943, 97
Trd, 4319325.643, 99
Trd, 4319327.343, 96
Trd, 4319328.443, 99
Trd, 4319334.443, 97
Trd, 4319334.693, 96
Trd, 4319337.343, 96
Trd, 4319337.593, 96
Trd, 4319339.843, 96
Trd, 4319342.593, 97
Trd, 4319351.143, 97
Trd, 4319351.343, 95
Trd, 4319352.793, 96
Trd, 4319355.743, 95
Trd, 4319357.243, 94
Trd, 4319359.943, 96
Trd, 4319362.543, 93
Trd, 4319365.843, 95
Trd, 4319370.093, 94
Trd, 4319371.843, 95
Trd, 4319375.243, 94
Trd, 4319382.443, 94
Trd, 4319387.893, 94
Trd, 4319388.243, 94
Trd, 4319392.043, 93
Trd, 4319392.243, 92
Trd, 4319392.443, 92
Trd, 4319393.543, 91
Trd, 4319396.893, 91
Trd, 4319397.143, 92
Trd, 4319401.593, 93
Trd, 4319403.293, 94
Trd, 4319404.993, 95
Trd, 4319405.593, 96
Trd, 4319406.793, 97
Trd, 4319410.343, 95
Trd, 4319412.693, 95
Trd, 4319418.143, 95
Trd, 4319419.593, 96
Trd, 4319421.493, 95
Trd, 4319427.643, 95
Trd, 4319427.993, 97
Trd, 4319430.393, 96
Trd, 4319432.393, 97
Trd, 4319438.893, 96
Trd, 4319439.093, 94
Trd, 4319441.243, 96
Trd, 4319441.593, 114
Trd, 4319445.093, 99
Trd, 4319447.893, 100
Trd, 4319449.493, 98
Trd, 4319452.743, 99
Trd, 4319454.443, 96
Trd, 4319455.293, 93
Trd, 4319456.643, 93
Trd, 4319457.393, 93
Trd, 4319459.293, 92
Trd, 4319459.593, 98
Trd, 4319463.693, 95
Trd, 4319464.543, 93
Trd, 4319468.393, 93
Trd, 4319471.243, 95
Trd, 4319472.043, 101
Trd, 4319473.193, 101
Trd, 4319474.093, 99
Trd, 4319474.243, 99
Trd, 4319475.393, 118
Trd, 4319479.843, 98
Trd, 4319480.293, 103
Trd, 4319484.043, 98
Trd, 4319485.693, 102
Trd, 4319488.993, 100
Trd, 4319490.243, 101
Trd, 4319495.243, 97
Trd, 4319497.343, 100
Trd, 4319500.793, 99
Trd, 4319501.093, 98
Trd, 4319509.293, 97
Trd, 4319509.543, 96
Trd, 4319510.293, 99
Trd, 4319514.843, 97
Trd, 4319519.043, 97
Trd, 4319520.943, 97
Trd, 4319522.093, 96
Trd, 4319525.643, 97
Trd, 4319527.243, 97
Trd, 4319529.293, 95
Trd, 4319531.743, 95
Trd, 4319534.393, 96
Trd, 4319538.343, 95
Trd, 4319538.593, 94
Trd, 4319538.743, 94
Trd, 4319540.693, 94
Trd, 4319541.093, 103
Trd, 4319544.893, 96
Trd, 4319545.693, 95
Trd, 4319547.843, 96
Trd, 4319552.643, 96
Trd, 4319554.643, 96
Trd, 4319557.193, 96
Trd, 4319566.093, 96
Trd, 4319571.843, 95
Trd, 4319573.043, 95
Trd, 4319577.143, 95
Trd, 4319583.443, 94
Trd, 4319584.043, 93
Trd, 4319584.343, 94
Trd, 4319588.943, 94
Trd, 4319589.543, 93
Trd, 4319589.893, 94
Trd, 4319592.443, 96
Trd, 4319594.293, 95
Trd, 4319597.843, 95
Trd, 4319602.993, 94
Trd, 4319606.143, 95
Trd, 4319607.843, 92
Trd, 4319608.543, 94
Trd, 4319611.743, 94
Trd, 4319619.093, 94
Trd, 4319619.143, 95
Trd, 4319626.493, 95
Trd, 4319626.643, 92
Trd, 4319630.143, 93
Trd, 4319630.193, 94
Trd, 4319632.993, 93
Trd, 4319639.143, 93
Trd, 4319641.393, 92
Trd, 4319641.793, 94
Trd, 4319647.393, 92
Trd, 4319648.793, 93
Trd, 4319652.093, 92
Trd, 4319653.293, 92
Trd, 4319656.193, 93
Trd, 4319658.043, 92
Trd, 4319661.343, 92
Trd, 4319665.193, 92
Trd, 4319667.293, 92
Trd, 4319667.793, 93
Trd, 4319668.493, 93
Trd, 4319670.893, 97
Trd, 4319674.593, 94
Trd, 4319675.093, 93
Trd, 4319677.493, 94
Trd, 4319681.893, 94
Trd, 4319681.993, 95
Trd, 4319689.043, 95
Trd, 4319693.343, 94
Trd, 4319693.393, 93
Trd, 4319697.143, 94
Trd, 4319702.143, 94
Trd, 4319705.293, 93
Trd, 4319709.193, 93
Trd, 4319710.243, 93
Trd, 4319714.293, 93
Trd, 4319715.193, 92
Trd, 4319716.943, 93
Trd, 4319721.293, 92
Trd, 4319725.093, 92
Trd, 4319727.393, 92
Trd, 4319729.293, 92
Trd, 4319730.393, 91
Trd, 4319732.343, 92
Trd, 4319735.093, 92
Trd, 4319737.193, 93
Trd, 4319737.893, 93
Trd, 4319743.343, 92
Trd, 4319743.593, 93
Trd, 4319745.943, 93
Trd, 4319748.493, 93
Trd, 4319750.693, 93
Trd, 4319751.343, 100
Trd, 4319754.543, 95
Trd, 4319758.193, 90
Trd, 4319761.143, 95
Trd, 4319764.543, 93
Trd, 4319765.593, 93
Trd, 4319770.343, 93
Trd, 4319773.293, 93
Trd, 4319776.493, 93
Trd, 4319777.143, 91
Trd, 4319778.643, 92
Trd, 4319779.643, 93
Trd, 4319779.993, 103
Trd, 4319783.393, 95
Trd, 4319783.793, 95
Trd, 4319788.393, 94
Trd, 4319792.993, 93
Trd, 4319793.143, 95
Trd, 4319796.743, 93
Trd, 4319798.693, 91
Trd, 4319801.043, 92
Trd, 4319804.493, 92
Trd, 4319806.843, 93
Trd, 4319811.793, 93
Trd, 4319817.293, 91
Trd, 4319817.543, 101
Trd, 4319819.043, 97
Trd, 4319821.843, 96
Trd, 4319824.343, 96
Trd, 4319824.693, 95
Trd, 4319831.343, 95
Trd, 4319834.793, 95
Trd, 4319835.643, 96
Trd, 4319838.593, 95
Trd, 4319845.043, 95
Trd, 4319847.943, 96
Trd, 4319853.493, 95
Trd, 4319854.343, 94
Trd, 4319855.943, 96
Trd, 4319857.793, 104
Trd, 4319861.343, 97
Trd, 4319865.893, 95
Trd, 4319872.593, 94
Trd, 4319873.743, 94
Trd, 4319877.043, 94
Trd, 4319877.643, 94
Trd, 4319877.843, 93
Trd, 4319877.943, 97
Trd, 4319883.043, 94
Trd, 4319886.093, 94
Trd, 4319895.193, 94
Trd, 4319895.243, 94
Trd, 4319895.743, 93
Trd, 4319896.793, 95
Trd, 4319899.393, 94
Trd, 4319899.493, 93
Trd, 4319904.393, 94
Trd, 4319905.193, 93
Trd, 4319906.043, 95
Trd, 4319909.543, 94
Trd, 4319913.093, 94
Trd, 4319913.593, 95
Trd, 4319916.093, 94
Trd, 4319918.143, 94
Trd, 4319923.143, 94
Trd, 4319923.343, 93
Trd, 4319925.343, 93
Trd, 4319926.643, 92
Trd, 4319928.193, 98
Trd, 4319931.693, 117
Trd, 4319931.793, 108
Trd, 4319933.243, 109
Trd, 4319937.993, 104
Trd, 4319938.893, 101
Trd, 4319938.993, 103
Trd, 4319942.693, 105
Trd, 4319944.493, 100
Trd, 4319945.093, 102
Trd, 4319945.543, 101
Trd, 4319946.543, 112
Trd, 4319948.443, 106
Trd, 4319952.393, 104
Trd, 4319959.243, 103
Trd, 4319961.943, 106
Trd, 4319962.593, 103
Trd, 4319964.343, 107
Trd, 4319966.343, 105
Trd, 4319967.343, 104
Trd, 4319971.543, 105
Trd, 4319972.543, 106
Trd, 4319974.293, 90
Trd, 4319974.993, 95
Trd, 4319977.943, 89
Trd, 4319978.293, 85
Trd, 4319979.093, 85
Trd, 4319979.193, 86
Trd, 4319981.093, 101
Trd, 4319982.243, 92
Trd, 4319984.193, 91
Trd, 4319986.143, 94
Trd, 4319990.543, 91
Trd, 4319993.543, 94
Trd, 4319997.643, 92
