Trd, 4317908.893, 101
Trd, 4317910.543, 101
Trd, 4317910.793, 97
Trd, 4317914.143, 101
Trd, 4317914.593, 101
Trd, 4317915.343, 104
Trd, 4317915.493, 100
Trd, 4317916.193, 98
Trd, 4317917.643, 102
Trd, 4317918.893, 96
Trd, 4317918.943, 95
Trd, 4317923.093, 98
Trd, 4317923.393, 101
Trd, 4317924.443, 97
Trd, 4317924.743, 117
Trd, 4317925.793, 101
Trd, 4317925.993, 104
Trd, 4317929.143, 99
Trd, 4317931.043, 102
Trd, 4317931.993, 85
Trd, 4317932.693, 95
Trd, 4317933.043, 104
Trd, 4317936.343, 96
Trd, 4317939.243, 96
Trd, 4317940.543, 99
Trd, 4317940.993, 104
Trd, 4317942.443, 96
Trd, 4317943.393, 113
Trd, 4317945.293, 95
Trd, 4317946.893, 102
Trd, 4317948.443, 101
Trd, 4317949.143, 98
Trd, 4317949.193, 97
Trd, 4317949.643, 101
Trd, 4317950.643, 104
Trd, 4317953.043, 102
Trd, 4317954.293, 95
Trd, 4317955.443, 92
Trd, 4317955.643, 101
Trd, 4317958.343, 102
Trd, 4317958.743, 96
Trd, 4317959.093, 112
Trd, 4317960.243, 101
Trd, 4317961.693, 96
Trd, 4317962.043, 101
Trd, 4317964.943, 95
Trd, 4317965.493, 101
Trd, 4317966.143, 94
Trd, 4317966.193, 101
Trd, 4317967.693, 86
Trd, 4317968.143, 104
Trd, 4317971.193, 96
Trd, 4317972.693, 94
Trd, 4317973.293, 88
Trd, 4317975.043, 95
Trd, 4317976.093, 99
Trd, 4317976.293, 104
Trd, 4317978.493, 101
Trd, 4317978.543, 96
Trd, 4317980.643, 98
Trd, 4317982.293, 99
Trd, 4317983.043, 95
Trd, 4317984.343, 99
Trd, 4317984.693, 96
Trd, 4317985.593, 98
Trd, 4317985.893, 113
Trd, 4317987.743, 113
Trd, 4317989.093, 122
Trd, 4317990.493, 98
Trd, 4317991.193, 98
Trd, 4317991.243, 84
Trd, 4317993.243, 99
Trd, 4317994.193, 86
Trd, 4317996.893, 79
Trd, 4317998.093, 100
Trd, 4317998.593, 97
Trd, 4317999.443, 104
Trd, 4318001.043, 98
Trd, 4318001.393, 95
Trd, 4318002.543, 104
Trd, 4318002.993, 117
Trd, 4318004.143, 102
Trd, 4318004.193, 122
Trd, 4318004.643, 98
Trd, 4318004.843, 94
Trd, 4318007.093, 101
Trd, 4318008.093, 121
Trd, 4318008.543, 109
Trd, 4318009.343, 80
Trd, 4318009.743, 128
Trd, 4318011.893, 106
Trd, 4318012.893, 95
Trd, 4318014.293, 104
Trd, 4318015.543, 96
Trd, 4318017.843, 103
Trd, 4318018.743, 102
Trd, 4318019.443, 99
Trd, 4318019.843, 103
Trd, 4318021.343, 104
Trd, 4318021.543, 104
Trd, 4318021.693, 94
Trd, 4318022.293, 122
Trd, 4318024.193, 99
Trd, 4318024.943, 93
Trd, 4318026.043, 100
Trd, 4318026.193, 99
Trd, 4318026.843, 118
Trd, 4318028.343, 95
Trd, 4318029.193, 103
Trd, 4318031.343, 108
Trd, 4318032.643, 98
Trd, 4318033.393, 103
Trd, 4318033.493, 96
Trd, 4318035.143, 115
Trd, 4318036.543, 82
Trd, 4318037.493, 100
Trd, 4318038.293, 114
Trd, 4318038.893, 93
Trd, 4318039.793, 86
Trd, 4318042.893, 96
Trd, 4318043.143, 95
Trd, 4318043.943, 96
Trd, 4318046.243, 92
Trd, 4318048.793, 94
Trd, 4318050.743, 96
Trd, 4318050.993, 104
Trd, 4318051.293, 95
Trd, 4318051.343, 114
Trd, 4318051.793, 93
Trd, 4318053.743, 99
Trd, 4318054.793, 98
Trd, 4318057.043, 97
Trd, 4318057.443, 95
Trd, 4318059.243, 95
Trd, 4318060.043, 88
Trd, 4318060.493, 114
Trd, 4318061.193, 122
Trd, 4318062.843, 104
Trd, 4318064.343, 104
Trd, 4318065.093, 96
Trd, 4318066.893, 104
Trd, 4318066.993, 104
Trd, 4318067.793, 95
Trd, 4318068.793, 118
Trd, 4318069.343, 98
Trd, 4318071.593, 90
Trd, 4318072.643, 106
Trd, 4318074.093, 87
Trd, 4318074.893, 95
Trd, 4318075.643, 94
Trd, 4318076.143, 87
Trd, 4318077.793, 88
Trd, 4318079.243, 89
Trd, 4318079.293, 95
Trd, 4318080.743, 104
Trd, 4318083.143, 95
Trd, 4318084.093, 94
Trd, 4318085.093, 93
Trd, 4318086.243, 96
Trd, 4318086.943, 96
Trd, 4318087.643, 94
Trd, 4318089.293, 96
Trd, 4318090.143, 89
Trd, 4318091.143, 86
Trd, 4318093.993, 91
Trd, 4318094.143, 96
Trd, 4318094.393, 90
Trd, 4318096.593, 93
Trd, 4318097.143, 122
Trd, 4318098.593, 117
Trd, 4318098.793, 98
Trd, 4318101.593, 104
Trd, 4318102.193, 100
Trd, 4318103.693, 103
Trd, 4318104.043, 116
Trd, 4318104.243, 100
Trd, 4318106.643, 103
Trd, 4318107.093, 99
Trd, 4318108.493, 102
Trd, 4318109.693, 93
Trd, 4318112.843, 100
Trd, 4318113.043, 102
Trd, 4318113.643, 104
Trd, 4318113.693, 100
Trd, 4318117.043, 98
Trd, 4318117.593, 101
Trd, 4318118.143, 104
Trd, 4318118.993, 87
Trd, 4318119.793, 98
Trd, 4318120.243, 94
Trd, 4318122.393, 85
Trd, 4318122.843, 98
Trd, 4318123.093, 104
Trd, 4318123.643, 96
Trd, 4318126.193, 98
Trd, 4318126.493, 99
Trd, 4318126.893, 94
Trd, 4318127.643, 113
Trd, 4318129.843, 83
Trd, 4318130.643, 92
Trd, 4318132.443, 97
Trd, 4318132.743, 95
Trd, 4318134.143, 98
Trd, 4318134.543, 114
Trd, 4318138.243, 96
Trd, 4318138.593, 95
Trd, 4318138.843, 100
Trd, 4318139.443, 95
Trd, 4318139.493, 104
Trd, 4318141.043, 111
Trd, 4318143.743, 105
Trd, 4318144.043, 95
Trd, 4318147.493, 104
Trd, 4318147.843, 95
Trd, 4318148.493, 95
Trd, 4318148.993, 114
Trd, 4318153.093, 105
Trd, 4318153.543, 101
Trd, 4318154.293, 100
Trd, 4318154.493, 100
Trd, 4318156.343, 102
Trd, 4318156.893, 103
Trd, 4318157.143, 114
Trd, 4318157.243, 98
Trd, 4318159.993, 98
Trd, 4318161.843, 105
Trd, 4318162.943, 83
Trd, 4318163.143, 105
Trd, 4318166.493, 96
Trd, 4318168.593, 99
Trd, 4318168.843, 104
Trd, 4318169.593, 103
Trd, 4318170.743, 104
Trd, 4318171.493, 101
Trd, 4318172.743, 112
Trd, 4318174.393, 100
Trd, 4318175.793, 101
Trd, 4318176.643, 105
Trd, 4318177.843, 95
Trd, 4318178.943, 103
Trd, 4318183.593, 103
Trd, 4318183.693, 103
Trd, 4318184.293, 120
Trd, 4318185.343, 90
Trd, 4318186.843, 95
Trd, 4318188.093, 82
Trd, 4318189.493, 101
Trd, 4318189.843, 101
Trd, 4318190.143, 94
Trd, 4318193.443, 100
Trd, 4318193.793, 82
Trd, 4318194.443, 77
Trd, 4318194.943, 89
Trd, 4318197.143, 88
Trd, 4318197.343, 95
Trd, 4318199.593, 93
Trd, 4318199.943, 78
Trd, 4318201.943, 81
Trd, 4318203.343, 88
Trd, 4318203.893, 87
Trd, 4318204.693, 95
Trd, 4318206.743, 93
Trd, 4318207.193, 104
Trd, 4318208.443, 94
Trd, 4318208.593, 97
Trd, 4318211.043, 94
Trd, 4318211.993, 95
Trd, 4318212.043, 104
Trd, 4318214.493, 117
Trd, 4318216.493, 78
Trd, 4318218.293, 98
Trd, 4318219.143, 103
Trd, 4318219.743, 103
Trd, 4318221.393, 118
Trd, 4318222.893, 100
Trd, 4318223.293, 99
Trd, 4318223.443, 103
Trd, 4318224.443, 115
Trd, 4318225.343, 91
Trd, 4318226.243, 96
Trd, 4318226.793, 94
Trd, 4318229.093, 101
Trd, 4318230.893, 101
Trd, 4318232.343, 96
Trd, 4318233.543, 102
Trd, 4318234.343, 101
Trd, 4318235.343, 96
Trd, 4318237.093, 104
Trd, 4318237.193, 95
Trd, 4318238.893, 101
Trd, 4318240.593, 81
Trd, 4318243.343, 97
Trd, 4318244.343, 94
Trd, 4318246.293, 97
Trd, 4318246.993, 95
Trd, 4318247.143, 97
Trd, 4318248.393, 104
Trd, 4318251.993, 113
Trd, 4318252.443, 100
Trd, 4318252.643, 94
Trd, 4318254.793, 97
Trd, 4318255.443, 99
Trd, 4318257.143, 103
Trd, 4318257.293, 102
Trd, 4318257.693, 80
Trd, 4318259.943, 100
Trd, 4318260.693, 122
Trd, 4318261.343, 104
Trd, 4318264.093, 105
Trd, 4318264.243, 107
Trd, 4318265.693, 99
Trd, 4318266.193, 80
Trd, 4318267.443, 91
Trd, 4318267.593, 116
Trd, 4318270.393, 99
Trd, 4318270.743, 101
Trd, 4318272.393, 97
Trd, 4318273.393, 100
Trd, 4318273.443, 104
Trd, 4318275.193, 98
Trd, 4318275.443, 85
Trd, 4318276.143, 122
Trd, 4318278.093, 104
Trd, 4318278.243, 104
Trd, 4318279.693, 97
Trd, 4318281.643, 100
Trd, 4318282.143, 104
Trd, 4318282.393, 99
Trd, 4318282.793, 94
Trd, 4318284.743, 101
Trd, 4318287.393, 117
Trd, 4318290.843, 104
Trd, 4318291.543, 103
Trd, 4318292.593, 103
Trd, 4318293.743, 117
Trd, 4318294.693, 101
Trd, 4318296.043, 87
Trd, 4318297.543, 97
Trd, 4318298.843, 96
Trd, 4318300.093, 98
Trd, 4318301.993, 98
Trd, 4318302.043, 98
Trd, 4318303.243, 117
Trd, 4318304.443, 95
Trd, 4318305.443, 102
Trd, 4318305.743, 86
Trd, 4318307.993, 100
Trd, 4318308.793, 118
Trd, 4318309.893, 99
Trd, 4318312.193, 105
Trd, 4318314.893, 103
Trd, 4318315.843, 99
Trd, 4318316.443, 104
Trd, 4318317.943, 104
Trd, 4318319.243, 98
Trd, 4318319.993, 104
Trd, 4318321.693, 104
Trd, 4318322.693, 97
Trd, 4318324.443, 97
Trd, 4318325.243, 104
Trd, 4318325.643, 104
Trd, 4318326.543, 98
Trd, 4318328.143, 104
Trd, 4318328.893, 119
Trd, 4318330.443, 98
Trd, 4318330.593, 94
Trd, 4318333.043, 108
Trd, 4318334.293, 100
Trd, 4318336.293, 99
Trd, 4318336.843, 98
Trd, 4318338.793, 98
Trd, 4318339.293, 97
Trd, 4318342.043, 109
Trd, 4318342.093, 100
Trd, 4318343.293, 100
Trd, 4318343.643, 112
Trd, 4318344.943, 100
Trd, 4318345.143, 105
Trd, 4318348.143, 102
Trd, 4318348.543, 98
Trd, 4318349.243, 102
Trd, 4318350.393, 97
Trd, 4318351.643, 91
Trd, 4318352.243, 98
Trd, 4318353.143, 99
Trd, 4318354.643, 95
Trd, 4318355.193, 99
Trd, 4318355.693, 104
Trd, 4318358.143, 101
Trd, 4318358.643, 85
Trd, 4318360.343, 113
Trd, 4318360.893, 97
Trd, 4318361.493, 102
Trd, 4318364.693, 100
Trd, 4318366.893, 100
Trd, 4318366.943, 102
Trd, 4318367.493, 94
Trd, 4318367.693, 104
Trd, 4318369.243, 86
Trd, 4318369.643, 85
Trd, 4318369.743, 112
Trd, 4318372.193, 100
Trd, 4318375.043, 96
Trd, 4318375.843, 99
Trd, 4318376.043, 100
Trd, 4318376.993, 95
Trd, 4318377.443, 100
Trd, 4318378.893, 101
Trd, 4318379.043, 99
Trd, 4318382.193, 100
Trd, 4318382.843, 94
Trd, 4318383.343, 101
Trd, 4318384.793, 101
Trd, 4318386.243, 114
Trd, 4318386.843, 96
Trd, 4318387.843, 112
Trd, 4318387.943, 113
Trd, 4318389.793, 108
Trd, 4318390.643, 105
Trd, 4318391.843, 108
Trd, 4318391.893, 97
Trd, 4318393.093, 110
Trd, 4318393.543, 122
Trd, 4318396.593, 109
Trd, 4318398.543, 104
Trd, 4318398.643, 109
Trd, 4318399.843, 103
Trd, 4318400.543, 108
Trd, 4318402.043, 94
Trd, 4318403.593, 108
Trd, 4318406.143, 104
Trd, 4318408.843, 102
Trd, 4318409.493, 104
Trd, 4318409.743, 104
Trd, 4318409.943, 101
Trd, 4318411.993, 104
Trd, 4318412.793, 95
Trd, 4318413.343, 103
Trd, 4318415.243, 102
Trd, 4318416.143, 101
Trd, 4318417.443, 103
Trd, 4318418.443, 109
Trd, 4318420.243, 100
Trd, 4318421.993, 99
Trd, 4318422.393, 104
Trd, 4318423.043, 104
Trd, 4318423.593, 104
Trd, 4318425.343, 101
Trd, 4318425.593, 113
Trd, 4318427.393, 113
Trd, 4318428.343, 100
Trd, 4318428.993, 94
Trd, 4318431.793, 96
Trd, 4318433.843, 103
Trd, 4318434.093, 84
Trd, 4318435.093, 105
Trd, 4318436.143, 83
Trd, 4318436.993, 113
Trd, 4318439.143, 102
Trd, 4318439.593, 100
Trd, 4318439.793, 102
Trd, 4318441.293, 110
Trd, 4318441.643, 100
Trd, 4318442.593, 122
Trd, 4318443.893, 96
Trd, 4318444.793, 107
Trd, 4318448.343, 97
Trd, 4318448.643, 106
Trd, 4318449.393, 94
Trd, 4318451.493, 95
Trd, 4318453.493, 96
Trd, 4318454.043, 95
Trd, 4318454.493, 104
Trd, 4318455.693, 98
Trd, 4318456.293, 118
Trd, 4318457.543, 100
Trd, 4318459.443, 102
Trd, 4318460.793, 100
Trd, 4318461.393, 99
Trd, 4318461.593, 103
Trd, 4318463.643, 98
Trd, 4318466.293, 88
Trd, 4318467.593, 95
Trd, 4318468.093, 97
Trd, 4318468.493, 95
Trd, 4318470.493, 95
Trd, 4318470.543, 94
Trd, 4318472.043, 95
Trd, 4318473.443, 86
Trd, 4318475.643, 84
Trd, 4318477.593, 104
Trd, 4318479.593, 97
Trd, 4318480.493, 96
Trd, 4318481.293, 117
Trd, 4318482.293, 95
Trd, 4318483.243, 101
Trd, 4318483.343, 96
Trd, 4318486.093, 96
Trd, 4318487.043, 94
Trd, 4318487.293, 101
Trd, 4318487.943, 96
Trd, 4318488.743, 104
Trd, 4318490.843, 102
Trd, 4318492.693, 95
Trd, 4318492.943, 102
Trd, 4318493.943, 94
Trd, 4318497.943, 97
Trd, 4318498.643, 102
Trd, 4318498.993, 104
Trd, 4318499.443, 103
Trd, 4318500.793, 98
Trd, 4318501.443, 85
Trd, 4318503.743, 103
Trd, 4318505.543, 99
Trd, 4318506.393, 95
Trd, 4318507.893, 96
Trd, 4318509.093, 101
Trd, 4318510.193, 96
Trd, 4318510.643, 100
Trd, 4318514.943, 100
Trd, 4318514.993, 104
Trd, 4318515.093, 93
Trd, 4318515.293, 121
Trd, 4318517.693, 101
Trd, 4318519.443, 119
Trd, 4318520.693, 101
Trd, 4318523.143, 106
Trd, 4318523.993, 104
Trd, 4318524.643, 106
Trd, 4318524.843, 104
Trd, 4318525.243, 94
Trd, 4318525.393, 105
Trd, 4318527.093, 121
Trd, 4318528.193, 105
Trd, 4318529.393, 88
Trd, 4318530.043, 119
Trd, 4318532.793, 104
Trd, 4318533.493, 95
Trd, 4318533.543, 104
Trd, 4318534.093, 104
Trd, 4318536.143, 98
Trd, 4318536.543, 95
Trd, 4318538.093, 101
Trd, 4318540.743, 100
Trd, 4318541.143, 96
Trd, 4318541.893, 101
Trd, 4318542.193, 94
Trd, 4318543.193, 101
Trd, 4318543.543, 101
Trd, 4318543.943, 101
Trd, 4318548.443, 105
Trd, 4318549.343, 122
Trd, 4318549.793, 104
Trd, 4318550.293, 119
Trd, 4318551.193, 103
Trd, 4318553.493, 85
Trd, 4318554.193, 97
Trd, 4318554.643, 104
Trd, 4318555.393, 95
Trd, 4318557.443, 103
Trd, 4318559.643, 102
Trd, 4318561.643, 97
Trd, 4318562.043, 104
Trd, 4318562.243, 102
Trd, 4318563.443, 96
Trd, 4318566.143, 95
Trd, 4318566.543, 99
Trd, 4318566.593, 85
Trd, 4318566.943, 119
Trd, 4318568.743, 121
Trd, 4318568.793, 122
Trd, 4318569.043, 104
Trd, 4318571.443, 109
Trd, 4318572.943, 108
Trd, 4318573.693, 106
Trd, 4318576.043, 103
Trd, 4318576.143, 104
Trd, 4318576.743, 97
Trd, 4318581.543, 103
Trd, 4318582.343, 101
Trd, 4318582.643, 97
Trd, 4318582.893, 94
Trd, 4318583.143, 103
Trd, 4318585.143, 93
Trd, 4318586.393, 95
Trd, 4318586.593, 102
Trd, 4318587.493, 102
Trd, 4318588.543, 113
Trd, 4318591.443, 101
Trd, 4318592.393, 103
Trd, 4318593.043, 103
Trd, 4318593.293, 95
Trd, 4318594.293, 113
Trd, 4318596.443, 121
Trd, 4318598.143, 102
Trd, 4318598.943, 95
Trd, 4318601.093, 108
Trd, 4318601.643, 104
Trd, 4318602.793, 99
Trd, 4318603.193, 105
Trd, 4318604.943, 105
Trd, 4318606.793, 102
Trd, 4318608.393, 101
Trd, 4318608.443, 96
Trd, 4318610.043, 92
Trd, 4318611.543, 77
Trd, 4318612.393, 91
Trd, 4318613.493, 95
Trd, 4318614.043, 90
Trd, 4318614.543, 89
Trd, 4318615.243, 104
Trd, 4318617.143, 82
Trd, 4318618.393, 96
Trd, 4318619.393, 94
Trd, 4318620.243, 113
Trd, 4318622.243, 94
Trd, 4318622.443, 99
Trd, 4318622.943, 91
Trd, 4318624.443, 94
Trd, 4318627.143, 82
Trd, 4318627.443, 96
Trd, 4318627.943, 96
Trd, 4318631.193, 96
Trd, 4318631.743, 97
Trd, 4318633.043, 112
Trd, 4318633.993, 95
Trd, 4318635.093, 121
Trd, 4318635.943, 131
Trd, 4318638.093, 119
Trd, 4318639.143, 103
Trd, 4318640.743, 108
Trd, 4318641.093, 96
Trd, 4318642.393, 95
Trd, 4318642.593, 107
Trd, 4318643.343, 99
Trd, 4318643.993, 105
Trd, 4318645.693, 98
Trd, 4318646.093, 82
Trd, 4318646.843, 90
Trd, 4318649.043, 96
Trd, 4318650.843, 100
Trd, 4318651.493, 95
Trd, 4318652.543, 99
Trd, 4318653.993, 100
Trd, 4318654.143, 113
Trd, 4318654.793, 102
Trd, 4318655.993, 102
Trd, 4318657.843, 98
Trd, 4318657.943, 102
Trd, 4318659.543, 98
Trd, 4318660.693, 104
Trd, 4318664.193, 103
Trd, 4318664.693, 103
Trd, 4318664.743, 95
Trd, 4318665.643, 104
Trd, 4318666.293, 85
Trd, 4318668.493, 95
Trd, 4318669.893, 94
Trd, 4318670.043, 98
Trd, 4318671.793, 95
Trd, 4318674.243, 97
Trd, 4318674.443, 95
Trd, 4318674.943, 97
Trd, 4318675.143, 82
Trd, 4318675.593, 114
Trd, 4318677.893, 95
Trd, 4318678.643, 100
Trd, 4318681.393, 97
Trd, 4318681.993, 96
Trd, 4318682.943, 96
Trd, 4318683.893, 96
Trd, 4318684.643, 104
Trd, 4318684.943, 114
Trd, 4318685.643, 95
Trd, 4318686.643, 122
Trd, 4318688.843, 109
Trd, 4318689.193, 118
Trd, 4318690.693, 97
Trd, 4318691.943, 96
Trd, 4318693.243, 108
Trd, 4318696.443, 102
Trd, 4318696.693, 106
Trd, 4318698.243, 106
Trd, 4318700.493, 105
Trd, 4318700.543, 101
Trd, 4318701.243, 101
Trd, 4318705.543, 104
Trd, 4318706.093, 118
Trd, 4318708.593, 104
Trd, 4318709.143, 102
Trd, 4318709.543, 106
Trd, 4318710.893, 101
Trd, 4318714.393, 104
Trd, 4318714.443, 95
Trd, 4318715.443, 99
Trd, 4318716.443, 101
Trd, 4318716.943, 113
Trd, 4318718.843, 102
Trd, 4318719.743, 104
Trd, 4318720.843, 102
Trd, 4318723.043, 103
Trd, 4318726.993, 103
Trd, 4318727.443, 101
Trd, 4318728.193, 103
Trd, 4318729.593, 104
Trd, 4318730.893, 103
Trd, 4318731.743, 87
Trd, 4318733.543, 94
Trd, 4318733.893, 97
Trd, 4318733.993, 104
Trd, 4318736.493, 98
Trd, 4318738.293, 98
Trd, 4318739.193, 98
Trd, 4318739.343, 95
Trd, 4318739.393, 84
Trd, 4318739.893, 110
Trd, 4318742.043, 101
Trd, 4318743.243, 98
Trd, 4318745.893, 108
Trd, 4318746.193, 113
Trd, 4318747.493, 101
Trd, 4318749.393, 104
Trd, 4318750.243, 103
Trd, 4318752.243, 104
Trd, 4318754.843, 104
Trd, 4318755.843, 101
Trd, 4318756.143, 104
Trd, 4318756.893, 95
Trd, 4318757.493, 90
Trd, 4318758.093, 97
Trd, 4318761.243, 98
Trd, 4318761.843, 95
Trd, 4318762.643, 98
Trd, 4318764.993, 98
Trd, 4318765.643, 95
Trd, 4318766.143, 98
Trd, 4318766.493, 95
Trd, 4318768.243, 104
Trd, 4318768.943, 97
Trd, 4318769.843, 111
Trd, 4318770.043, 98
Trd, 4318770.543, 95
Trd, 4318772.793, 101
Trd, 4318774.443, 96
Trd, 4318775.843, 101
Trd, 4318776.243, 95
Trd, 4318777.243, 113
Trd, 4318778.743, 102
Trd, 4318780.843, 104
Trd, 4318781.593, 103
Trd, 4318784.343, 108
Trd, 4318784.393, 118
Trd, 4318784.843, 104
Trd, 4318785.793, 115
Trd, 4318787.593, 107
Trd, 4318789.493, 107
Trd, 4318789.743, 106
Trd, 4318790.293, 122
Trd, 4318791.793, 104
Trd, 4318792.393, 112
Trd, 4318794.193, 95
Trd, 4318795.793, 102
Trd, 4318796.793, 101
Trd, 4318798.643, 102
Trd, 4318799.193, 97
Trd, 4318799.343, 114
Trd, 4318799.393, 95
Trd, 4318799.643, 83
Trd, 4318802.643, 99
Trd, 4318804.443, 93
Trd, 4318805.543, 99
Trd, 4318807.443, 95
Trd, 4318807.743, 95
Trd, 4318808.343, 96
Trd, 4318810.093, 83
Trd, 4318812.193, 96
Trd, 4318814.643, 96
Trd, 4318815.393, 96
Trd, 4318815.743, 98
Trd, 4318816.393, 95
Trd, 4318817.593, 97
Trd, 4318818.743, 95
Trd, 4318820.093, 111
Trd, 4318820.793, 99
Trd, 4318821.343, 94
Trd, 4318823.293, 82
Trd, 4318824.493, 88
Trd, 4318825.593, 89
Trd, 4318825.693, 114
Trd, 4318826.293, 86
Trd, 4318828.493, 95
Trd, 4318829.893, 95
Trd, 4318831.243, 95
Trd, 4318831.993, 95
Trd, 4318832.343, 104
Trd, 4318833.693, 97
Trd, 4318836.093, 95
Trd, 4318836.343, 97
Trd, 4318837.393, 94
Trd, 4318838.843, 95
Trd, 4318839.793, 113
Trd, 4318841.543, 97
Trd, 4318845.143, 121
Trd, 4318845.293, 120
Trd, 4318847.943, 95
Trd, 4318848.193, 95
Trd, 4318849.843, 85
Trd, 4318850.643, 121
Trd, 4318851.743, 100
Trd, 4318852.393, 101
Trd, 4318853.393, 99
Trd, 4318856.343, 101
Trd, 4318857.893, 96
Trd, 4318858.393, 109
Trd, 4318859.293, 95
Trd, 4318861.093, 104
Trd, 4318861.643, 107
Trd, 4318863.743, 102
Trd, 4318864.693, 101
Trd, 4318864.843, 104
Trd, 4318865.243, 87
Trd, 4318867.943, 103
Trd, 4318868.593, 96
Trd, 4318869.043, 113
Trd, 4318869.793, 105
Trd, 4318872.643, 105
Trd, 4318874.593, 104
Trd, 4318874.993, 100
Trd, 4318875.243, 85
Trd, 4318876.393, 104
Trd, 4318877.193, 113
Trd, 4318878.643, 100
Trd, 4318879.243, 99
Trd, 4318879.293, 95
Trd, 4318879.643, 103
Trd, 4318880.693, 104
Trd, 4318881.743, 85
Trd, 4318884.593, 96
Trd, 4318885.143, 104
Trd, 4318885.593, 122
Trd, 4318887.643, 105
Trd, 4318887.993, 104
Trd, 4318888.743, 103
Trd, 4318889.393, 94
Trd, 4318890.343, 102
Trd, 4318891.543, 102
Trd, 4318893.143, 101
Trd, 4318897.043, 101
Trd, 4318897.793, 100
Trd, 4318897.843, 117
Trd, 4318898.793, 96
Trd, 4318900.993, 100
Trd, 4318904.093, 103
Trd, 4318904.343, 103
Trd, 4318904.543, 98
Trd, 4318906.443, 102
Trd, 4318907.443, 103
Trd, 4318907.843, 104
Trd, 4318908.343, 97
Trd, 4318910.493, 98
Trd, 4318910.993, 107
Trd, 4318911.293, 116
Trd, 4318911.543, 122
Trd, 4318912.043, 95
Trd, 4318916.143, 100
Trd, 4318917.043, 96
Trd, 4318917.843, 103
Trd, 4318917.993, 103
Trd, 4318918.943, 95
Trd, 4318919.893, 112
Trd, 4318920.943, 105
Trd, 4318923.293, 102
Trd, 4318923.993, 100
Trd, 4318924.443, 98
Trd, 4318926.493, 103
Trd, 4318928.293, 103
Trd, 4318929.043, 99
Trd, 4318930.393, 98
Trd, 4318930.843, 95
Trd, 4318932.243, 77
Trd, 4318932.693, 97
Trd, 4318934.093, 104
Trd, 4318935.443, 98
Trd, 4318936.693, 97
Trd, 4318937.043, 113
Trd, 4318937.543, 96
Trd, 4318939.943, 95
Trd, 4318940.693, 102
Trd, 4318940.793, 114
Trd, 4318941.493, 103
Trd, 4318942.193, 93
Trd, 4318943.243, 120
Trd, 4318945.093, 121
Trd, 4318947.093, 105
Trd, 4318947.893, 104
Trd, 4318950.493, 104
Trd, 4318950.693, 104
Trd, 4318952.743, 102
Trd, 4318954.393, 98
Trd, 4318955.443, 101
Trd, 4318955.643, 100
Trd, 4318955.743, 101
Trd, 4318957.393, 113
Trd, 4318957.693, 99
Trd, 4318958.843, 104
Trd, 4318960.793, 104
Trd, 4318960.893, 96
Trd, 4318963.793, 104
Trd, 4318964.843, 98
Trd, 4318964.993, 104
Trd, 4318967.093, 104
Trd, 4318968.443, 97
Trd, 4318969.093, 109
Trd, 4318970.043, 98
Trd, 4318970.593, 113
Trd, 4318973.543, 94
Trd, 4318975.793, 99
Trd, 4318976.043, 97
Trd, 4318978.843, 101
Trd, 4318979.093, 101
Trd, 4318979.343, 101
Trd, 4318980.743, 83
Trd, 4318982.543, 101
Trd, 4318983.643, 98
Trd, 4318984.693, 99
Trd, 4318985.993, 110
Trd, 4318987.293, 102
Trd, 4318988.293, 102
Trd, 4318989.743, 112
Trd, 4318990.443, 97
Trd, 4318991.843, 98
Trd, 4318992.143, 104
Trd, 4318993.393, 122
Trd, 4318993.943, 121
Trd, 4318994.643, 95
Trd, 4318997.993, 103
Trd, 4318998.143, 108
Trd, 4318999.943, 107
Trd, 4319001.093, 103
Trd, 4319001.393, 106
Trd, 4319003.743, 112
Trd, 4319004.143, 104
Trd, 4319005.543, 109
Trd, 4319006.093, 103
Trd, 4319007.493, 107
Trd, 4319009.243, 95
Trd, 4319010.393, 87
Trd, 4319012.843, 112
Trd, 4319013.243, 104
Trd, 4319014.543, 104
Trd, 4319015.343, 101
Trd, 4319015.493, 95
Trd, 4319017.243, 104
Trd, 4319018.643, 104
Trd, 4319020.043, 97
Trd, 4319021.393, 97
Trd, 4319022.493, 104
Trd, 4319023.043, 104
Trd, 4319023.843, 101
Trd, 4319024.093, 100
Trd, 4319024.743, 93
Trd, 4319027.343, 95
Trd, 4319028.443, 103
Trd, 4319029.293, 103
Trd, 4319031.493, 95
Trd, 4319034.343, 99
Trd, 4319034.743, 93
Trd, 4319034.943, 103
Trd, 4319034.993, 104
Trd, 4319039.343, 96
Trd, 4319040.493, 102
Trd, 4319041.243, 102
Trd, 4319043.193, 83
Trd, 4319043.893, 93
Trd, 4319044.243, 83
Trd, 4319044.493, 93
Trd, 4319045.143, 113
Trd, 4319046.043, 87
Trd, 4319049.943, 87
Trd, 4319051.293, 96
Trd, 4319051.343, 95
Trd, 4319052.193, 95
Trd, 4319052.293, 113
Trd, 4319055.993, 77
Trd, 4319056.143, 94
Trd, 4319057.143, 98
Trd, 4319058.193, 95
Trd, 4319059.593, 97
Trd, 4319061.993, 98
Trd, 4319062.593, 97
Trd, 4319065.043, 97
Trd, 4319065.143, 111
Trd, 4319065.743, 96
Trd, 4319066.693, 83
Trd, 4319066.793, 113
Trd, 4319067.793, 122
Trd, 4319069.143, 105
Trd, 4319070.293, 102
Trd, 4319070.393, 101
Trd, 4319075.493, 95
Trd, 4319077.043, 104
Trd, 4319078.043, 104
Trd, 4319078.943, 118
Trd, 4319079.093, 101
Trd, 4319080.543, 81
Trd, 4319080.643, 88
Trd, 4319083.443, 95
Trd, 4319084.143, 103
Trd, 4319085.143, 97
Trd, 4319086.243, 98
Trd, 4319086.993, 97
Trd, 4319087.843, 92
Trd, 4319088.443, 118
Trd, 4319088.893, 99
Trd, 4319090.793, 118
Trd, 4319091.143, 99
Trd, 4319093.293, 95
Trd, 4319093.343, 85
Trd, 4319095.993, 97
Trd, 4319096.593, 88
Trd, 4319097.293, 95
Trd, 4319099.743, 95
Trd, 4319100.843, 117
Trd, 4319102.793, 95
Trd, 4319103.143, 98
Trd, 4319104.793, 96
Trd, 4319105.293, 97
Trd, 4319106.293, 97
Trd, 4319107.143, 104
Trd, 4319108.043, 95
Trd, 4319110.343, 100
Trd, 4319110.593, 96
Trd, 4319113.243, 98
Trd, 4319113.343, 100
Trd, 4319113.443, 94
Trd, 4319114.343, 117
Trd, 4319114.543, 96
Trd, 4319115.943, 122
Trd, 4319119.693, 101
Trd, 4319121.743, 101
Trd, 4319122.843, 97
Trd, 4319123.243, 95
Trd, 4319124.393, 100
Trd, 4319126.743, 98
Trd, 4319127.093, 100
Trd, 4319129.093, 94
Trd, 4319130.143, 99
Trd, 4319131.493, 99
Trd, 4319131.543, 96
Trd, 4319132.293, 121
Trd, 4319133.693, 109
Trd, 4319134.843, 108
Trd, 4319136.743, 85
Trd, 4319137.043, 95
Trd, 4319137.743, 104
Trd, 4319138.093, 102
Trd, 4319139.893, 87
Trd, 4319141.693, 87
Trd, 4319142.743, 113
Trd, 4319143.043, 85
Trd, 4319143.193, 114
Trd, 4319145.293, 97
Trd, 4319146.043, 103
Trd, 4319146.943, 121
Trd, 4319147.593, 131
Trd, 4319151.343, 107
Trd, 4319151.393, 108
Trd, 4319151.793, 104
Trd, 4319155.193, 107
Trd, 4319155.343, 97
Trd, 4319155.893, 108
Trd, 4319158.243, 108
Trd, 4319159.243, 98
Trd, 4319159.293, 95
Trd, 4319162.643, 104
Trd, 4319164.043, 101
Trd, 4319164.843, 104
Trd, 4319165.243, 101
Trd, 4319166.943, 104
Trd, 4319167.993, 104
Trd, 4319169.193, 102
Trd, 4319170.593, 110
Trd, 4319172.343, 103
Trd, 4319173.843, 103
Trd, 4319174.393, 94
Trd, 4319175.243, 98
Trd, 4319175.793, 104
Trd, 4319177.143, 95
Trd, 4319177.543, 99
Trd, 4319180.693, 101
Trd, 4319181.993, 92
Trd, 4319182.093, 97
Trd, 4319183.943, 90
Trd, 4319184.693, 107
Trd, 4319184.993, 112
Trd, 4319185.393, 102
Trd, 4319185.643, 89
Trd, 4319187.943, 104
Trd, 4319188.593, 86
Trd, 4319189.143, 95
Trd, 4319189.943, 88
Trd, 4319193.093, 93
Trd, 4319193.493, 96
Trd, 4319195.043, 96
Trd, 4319195.143, 104
Trd, 4319195.593, 95
Trd, 4319197.593, 109
Trd, 4319198.993, 96
Trd, 4319199.793, 101
Trd, 4319202.043, 109
Trd, 4319203.843, 99
Trd, 4319204.343, 100
Trd, 4319204.893, 95
Trd, 4319207.493, 97
Trd, 4319209.743, 96
Trd, 4319209.843, 95
Trd, 4319210.243, 88
Trd, 4319210.993, 95
Trd, 4319213.393, 86
Trd, 4319213.643, 86
Trd, 4319214.593, 87
Trd, 4319214.943, 97
Trd, 4319216.793, 109
Trd, 4319217.093, 99
Trd, 4319219.293, 111
Trd, 4319219.993, 95
Trd, 4319222.493, 113
Trd, 4319224.193, 100
Trd, 4319224.443, 99
Trd, 4319226.993, 92
Trd, 4319227.443, 91
Trd, 4319227.893, 104
Trd, 4319229.343, 87
Trd, 4319231.143, 90
Trd, 4319232.843, 95
Trd, 4319234.393, 107
Trd, 4319234.943, 104
Trd, 4319235.693, 95
Trd, 4319237.193, 97
Trd, 4319237.643, 99
Trd, 4319238.093, 99
Trd, 4319238.943, 95
Trd, 4319240.493, 104
Trd, 4319240.643, 78
Trd, 4319241.393, 113
Trd, 4319242.793, 122
Trd, 4319243.143, 83
Trd, 4319244.643, 101
Trd, 4319245.493, 93
Trd, 4319246.243, 89
Trd, 4319247.743, 97
Trd, 4319250.593, 97
Trd, 4319250.793, 96
Trd, 4319251.043, 104
Trd, 4319253.493, 95
Trd, 4319253.843, 98
Trd, 4319254.543, 104
Trd, 4319255.443, 85
Trd, 4319256.343, 95
Trd, 4319258.043, 119
Trd, 4319260.993, 109
Trd, 4319261.043, 122
Trd, 4319261.943, 105
Trd, 4319262.693, 104
Trd, 4319262.743, 121
Trd, 4319263.593, 95
Trd, 4319264.543, 109
Trd, 4319268.493, 95
Trd, 4319268.643, 106
Trd, 4319271.543, 99
Trd, 4319271.993, 100
Trd, 4319272.143, 98
Trd, 4319274.793, 110
Trd, 4319274.993, 104
Trd, 4319275.093, 94
Trd, 4319277.343, 112
Trd, 4319279.743, 100
Trd, 4319279.943, 105
Trd, 4319281.343, 105
Trd, 4319281.643, 102
Trd, 4319282.293, 101
Trd, 4319283.743, 105
Trd, 4319285.993, 112
Trd, 4319286.593, 104
Trd, 4319288.143, 106
Trd, 4319288.543, 102
Trd, 4319289.543, 95
Trd, 4319291.093, 108
Trd, 4319292.843, 106
Trd, 4319294.693, 112
Trd, 4319295.793, 102
Trd, 4319296.993, 96
Trd, 4319299.043, 100
Trd, 4319299.593, 107
Trd, 4319300.793, 106
Trd, 4319301.343, 97
Trd, 4319302.043, 106
Trd, 4319303.543, 129
Trd, 4319304.143, 122
Trd, 4319304.843, 85
Trd, 4319305.393, 86
Trd, 4319308.043, 100
Trd, 4319308.543, 104
Trd, 4319310.343, 88
Trd, 4319311.393, 99
Trd, 4319314.793, 101
Trd, 4319315.093, 113
Trd, 4319316.743, 98
Trd, 4319317.643, 104
Trd, 4319317.693, 95
Trd, 4319318.593, 114
Trd, 4319319.193, 86
Trd, 4319320.193, 92
Trd, 4319323.093, 94
Trd, 4319323.943, 89
Trd, 4319324.143, 86
Trd, 4319325.493, 99
Trd, 4319326.843, 115
Trd, 4319328.993, 95
Trd, 4319330.393, 86
Trd, 4319332.043, 94
Trd, 4319332.193, 95
Trd, 4319334.693, 104
Trd, 4319335.743, 94
Trd, 4319335.843, 98
Trd, 4319336.393, 93
Trd, 4319336.993, 97
Trd, 4319338.193, 97
Trd, 4319339.043, 116
Trd, 4319339.543, 97
Trd, 4319340.843, 95
Trd, 4319341.193, 103
Trd, 4319342.243, 99
Trd, 4319344.193, 104
Trd, 4319344.543, 103
Trd, 4319346.843, 103
Trd, 4319347.643, 102
Trd, 4319349.043, 87
Trd, 4319349.293, 85
Trd, 4319350.493, 116
Trd, 4319352.743, 104
Trd, 4319353.043, 100
Trd, 4319355.843, 98
Trd, 4319355.993, 101
Trd, 4319357.143, 98
Trd, 4319360.343, 99
Trd, 4319360.543, 101
Trd, 4319361.793, 100
Trd, 4319362.193, 104
Trd, 4319365.293, 95
Trd, 4319365.893, 98
Trd, 4319366.893, 102
Trd, 4319367.293, 103
Trd, 4319368.643, 103
Trd, 4319370.143, 94
Trd, 4319370.643, 96
Trd, 4319371.993, 103
Trd, 4319372.093, 96
Trd, 4319376.443, 104
Trd, 4319376.693, 104
Trd, 4319377.393, 96
Trd, 4319378.443, 97
Trd, 4319381.043, 96
Trd, 4319381.093, 104
Trd, 4319381.293, 95
Trd, 4319381.493, 104
Trd, 4319383.843, 104
Trd, 4319385.993, 100
Trd, 4319387.243, 95
Trd, 4319387.343, 104
Trd, 4319389.243, 95
Trd, 4319390.893, 104
Trd, 4319391.443, 104
Trd, 4319393.843, 97
Trd, 4319396.043, 102
Trd, 4319396.593, 99
Trd, 4319396.893, 103
Trd, 4319398.093, 99
Trd, 4319398.893, 103
Trd, 4319400.943, 96
Trd, 4319401.993, 97
Trd, 4319402.293, 114
Trd, 4319403.643, 105
Trd, 4319405.193, 94
Trd, 4319405.393, 102
Trd, 4319406.493, 107
Trd, 4319407.893, 103
Trd, 4319411.493, 100
Trd, 4319411.693, 98
Trd, 4319413.143, 101
Trd, 4319413.443, 104
Trd, 4319413.743, 115
Trd, 4319416.493, 105
Trd, 4319418.243, 100
Trd, 4319419.593, 103
Trd, 4319420.093, 100
Trd, 4319420.543, 104
Trd, 4319421.393, 95
Trd, 4319423.243, 86
Trd, 4319423.693, 103
Trd, 4319425.643, 100
Trd, 4319427.493, 97
Trd, 4319427.693, 99
Trd, 4319428.593, 99
Trd, 4319429.993, 98
Trd, 4319430.443, 104
Trd, 4319430.643, 98
Trd, 4319433.893, 97
Trd, 4319434.143, 96
Trd, 4319434.693, 95
Trd, 4319436.343, 91
Trd, 4319436.743, 96
Trd, 4319437.093, 88
Trd, 4319437.993, 104
Trd, 4319439.493, 111
Trd, 4319441.443, 94
Trd, 4319442.343, 85
Trd, 4319442.643, 100
Trd, 4319448.043, 96
Trd, 4319448.093, 100
Trd, 4319449.143, 96
Trd, 4319450.343, 113
Trd, 4319453.193, 98
Trd, 4319453.543, 96
Trd, 4319454.193, 94
Trd, 4319457.343, 95
Trd, 4319457.493, 96
Trd, 4319458.543, 96
Trd, 4319459.693, 96
Trd, 4319460.793, 95
Trd, 4319462.093, 96
Trd, 4319465.593, 104
Trd, 4319465.793, 100
Trd, 4319465.843, 99
Trd, 4319466.643, 108
Trd, 4319466.843, 114
Trd, 4319468.693, 96
Trd, 4319468.843, 83
Trd, 4319470.743, 95
Trd, 4319471.293, 103
Trd, 4319471.543, 94
Trd, 4319472.843, 103
Trd, 4319473.793, 103
Trd, 4319478.243, 103
Trd, 4319478.493, 99
Trd, 4319478.643, 104
Trd, 4319480.743, 98
Trd, 4319480.793, 103
Trd, 4319482.143, 104
Trd, 4319485.493, 99
Trd, 4319486.493, 103
Trd, 4319487.143, 95
Trd, 4319487.543, 94
Trd, 4319488.043, 113
Trd, 4319488.293, 77
Trd, 4319488.843, 115
Trd, 4319490.343, 95
Trd, 4319491.543, 94
Trd, 4319491.943, 95
Trd, 4319492.643, 99
Trd, 4319493.243, 95
Trd, 4319495.693, 116
Trd, 4319496.693, 97
Trd, 4319497.843, 102
Trd, 4319498.043, 104
Trd, 4319499.993, 103
Trd, 4319500.593, 102
Trd, 4319502.643, 116
Trd, 4319502.993, 101
Trd, 4319503.543, 113
Trd, 4319503.793, 108
Trd, 4319506.693, 109
Trd, 4319508.043, 104
Trd, 4319511.293, 105
Trd, 4319511.943, 104
Trd, 4319512.793, 105
Trd, 4319513.243, 104
Trd, 4319513.393, 107
Trd, 4319516.343, 95
Trd, 4319518.343, 100
Trd, 4319518.443, 104
Trd, 4319520.093, 88
Trd, 4319520.243, 93
Trd, 4319522.043, 96
Trd, 4319522.543, 95
Trd, 4319523.893, 104
Trd, 4319524.643, 94
Trd, 4319526.443, 97
Trd, 4319529.693, 87
Trd, 4319529.943, 104
Trd, 4319530.843, 86
Trd, 4319532.843, 95
Trd, 4319533.993, 97
Trd, 4319536.343, 97
Trd, 4319537.343, 97
Trd, 4319537.743, 95
Trd, 4319539.093, 122
Trd, 4319539.593, 96
Trd, 4319543.793, 99
Trd, 4319543.893, 101
Trd, 4319545.743, 101
Trd, 4319547.093, 104
Trd, 4319547.343, 98
Trd, 4319548.143, 98
Trd, 4319548.743, 122
Trd, 4319551.243, 96
Trd, 4319553.093, 96
Trd, 4319553.143, 104
Trd, 4319555.193, 95
Trd, 4319556.793, 95
Trd, 4319559.493, 104
Trd, 4319560.493, 99
Trd, 4319561.543, 99
Trd, 4319562.093, 104
Trd, 4319562.843, 95
Trd, 4319563.543, 104
Trd, 4319564.543, 104
Trd, 4319564.643, 88
Trd, 4319566.193, 95
Trd, 4319567.743, 104
Trd, 4319568.793, 94
Trd, 4319569.593, 95
Trd, 4319569.643, 104
Trd, 4319571.343, 104
Trd, 4319573.093, 97
Trd, 4319574.093, 104
Trd, 4319575.993, 99
Trd, 4319576.193, 104
Trd, 4319576.943, 104
Trd, 4319579.043, 98
Trd, 4319579.993, 103
Trd, 4319581.893, 96
Trd, 4319583.143, 103
Trd, 4319583.643, 104
Trd, 4319584.393, 99
Trd, 4319584.743, 122
Trd, 4319587.593, 92
Trd, 4319588.293, 99
Trd, 4319589.193, 86
Trd, 4319589.393, 89
Trd, 4319590.093, 122
Trd, 4319590.943, 90
Trd, 4319593.643, 99
Trd, 4319594.393, 98
Trd, 4319596.293, 100
Trd, 4319596.593, 119
Trd, 4319596.943, 92
Trd, 4319598.493, 122
Trd, 4319599.393, 122
Trd, 4319599.593, 84
Trd, 4319599.893, 117
Trd, 4319602.793, 101
Trd, 4319605.643, 102
Trd, 4319605.743, 104
Trd, 4319606.693, 100
Trd, 4319606.943, 104
Trd, 4319608.543, 99
Trd, 4319609.193, 104
Trd, 4319611.943, 101
Trd, 4319612.043, 104
Trd, 4319612.543, 100
Trd, 4319615.393, 104
Trd, 4319617.243, 104
Trd, 4319617.943, 100
Trd, 4319618.593, 105
Trd, 4319618.793, 117
Trd, 4319619.293, 99
Trd, 4319620.993, 98
Trd, 4319622.093, 106
Trd, 4319622.893, 98
Trd, 4319623.193, 105
Trd, 4319624.443, 85
Trd, 4319625.093, 87
Trd, 4319626.943, 92
Trd, 4319628.693, 98
Trd, 4319629.043, 91
Trd, 4319629.193, 104
Trd, 4319630.643, 98
Trd, 4319630.993, 99
Trd, 4319632.343, 89
Trd, 4319633.343, 94
Trd, 4319634.693, 92
Trd, 4319636.143, 84
Trd, 4319637.493, 98
Trd, 4319637.893, 98
Trd, 4319638.943, 93
Trd, 4319640.743, 98
Trd, 4319643.543, 95
Trd, 4319643.643, 104
Trd, 4319643.743, 90
Trd, 4319645.293, 98
Trd, 4319647.143, 86
Trd, 4319647.543, 95
Trd, 4319648.993, 99
Trd, 4319649.543, 95
Trd, 4319649.643, 111
Trd, 4319651.893, 100
Trd, 4319652.093, 95
Trd, 4319653.743, 96
Trd, 4319653.793, 114
Trd, 4319654.493, 97
Trd, 4319656.693, 104
Trd, 4319657.343, 113
Trd, 4319658.293, 100
Trd, 4319660.493, 95
Trd, 4319661.593, 92
Trd, 4319662.293, 94
Trd, 4319664.193, 104
Trd, 4319666.893, 99
Trd, 4319667.593, 98
Trd, 4319667.943, 97
Trd, 4319668.893, 99
Trd, 4319672.193, 99
Trd, 4319672.443, 106
Trd, 4319672.743, 109
Trd, 4319672.893, 96
Trd, 4319674.293, 113
Trd, 4319674.493, 95
Trd, 4319675.293, 86
Trd, 4319677.943, 95
Trd, 4319678.443, 101
Trd, 4319679.493, 100
Trd, 4319679.593, 95
Trd, 4319679.843, 114
Trd, 4319680.243, 122
Trd, 4319681.743, 109
Trd, 4319683.043, 105
Trd, 4319684.143, 86
Trd, 4319684.893, 92
Trd, 4319684.993, 84
Trd, 4319685.693, 118
Trd, 4319686.693, 99
Trd, 4319688.093, 87
Trd, 4319688.743, 84
Trd, 4319690.843, 86
Trd, 4319691.393, 90
Trd, 4319692.443, 83
Trd, 4319693.093, 104
Trd, 4319693.693, 93
Trd, 4319694.343, 97
Trd, 4319695.343, 89
Trd, 4319698.093, 100
Trd, 4319699.693, 84
Trd, 4319699.743, 104
Trd, 4319701.443, 95
Trd, 4319702.793, 106
Trd, 4319704.293, 95
Trd, 4319704.843, 97
Trd, 4319704.943, 98
Trd, 4319707.543, 100
Trd, 4319708.343, 100
Trd, 4319708.593, 114
Trd, 4319710.143, 122
Trd, 4319710.693, 95
Trd, 4319712.743, 88
Trd, 4319714.243, 97
Trd, 4319715.643, 99
Trd, 4319716.443, 99
Trd, 4319717.093, 95
Trd, 4319718.243, 104
Trd, 4319719.943, 101
Trd, 4319720.643, 97
Trd, 4319722.043, 101
Trd, 4319723.143, 91
Trd, 4319724.993, 101
Trd, 4319726.193, 94
Trd, 4319727.743, 101
Trd, 4319729.343, 94
Trd, 4319729.793, 86
Trd, 4319729.943, 100
Trd, 4319730.893, 95
Trd, 4319731.293, 93
Trd, 4319732.843, 115
Trd, 4319733.193, 116
Trd, 4319735.843, 103
Trd, 4319738.243, 104
Trd, 4319738.793, 103
Trd, 4319739.943, 104
Trd, 4319740.143, 87
Trd, 4319740.543, 99
Trd, 4319741.743, 97
Trd, 4319742.043, 96
Trd, 4319743.793, 115
Trd, 4319744.443, 84
Trd, 4319746.193, 95
Trd, 4319747.793, 119
Trd, 4319748.743, 97
Trd, 4319750.443, 104
Trd, 4319751.393, 104
Trd, 4319752.293, 95
Trd, 4319753.893, 99
Trd, 4319755.043, 98
Trd, 4319756.293, 104
Trd, 4319757.243, 104
Trd, 4319757.793, 97
Trd, 4319759.893, 104
Trd, 4319760.493, 104
Trd, 4319761.393, 98
Trd, 4319761.593, 104
Trd, 4319762.343, 115
Trd, 4319763.243, 106
Trd, 4319763.893, 97
Trd, 4319764.643, 95
Trd, 4319768.243, 99
Trd, 4319768.443, 99
Trd, 4319770.743, 99
Trd, 4319770.993, 98
Trd, 4319772.243, 98
Trd, 4319772.643, 83
Trd, 4319774.543, 94
Trd, 4319775.343, 100
Trd, 4319777.043, 104
Trd, 4319777.243, 85
Trd, 4319781.293, 96
Trd, 4319782.193, 100
Trd, 4319784.143, 104
Trd, 4319784.893, 98
Trd, 4319785.193, 101
Trd, 4319785.893, 99
Trd, 4319786.993, 101
Trd, 4319787.493, 104
Trd, 4319788.093, 85
Trd, 4319788.893, 86
Trd, 4319790.943, 90
Trd, 4319791.743, 97
Trd, 4319791.943, 96
Trd, 4319792.393, 88
Trd, 4319793.743, 122
Trd, 4319794.043, 105
Trd, 4319794.493, 98
Trd, 4319795.993, 117
Trd, 4319798.493, 100
Trd, 4319799.993, 115
Trd, 4319801.693, 95
Trd, 4319802.343, 85
Trd, 4319802.743, 84
Trd, 4319803.993, 103
Trd, 4319805.793, 101
Trd, 4319807.793, 102
Trd, 4319807.893, 101
Trd, 4319808.943, 101
Trd, 4319809.193, 104
Trd, 4319809.593, 100
Trd, 4319809.843, 114
Trd, 4319810.993, 92
Trd, 4319814.593, 101
Trd, 4319815.793, 96
Trd, 4319816.043, 101
Trd, 4319817.393, 103
Trd, 4319818.193, 95
Trd, 4319818.293, 115
Trd, 4319818.643, 77
Trd, 4319823.993, 104
Trd, 4319824.543, 113
Trd, 4319825.793, 101
Trd, 4319828.093, 105
Trd, 4319828.643, 113
Trd, 4319828.693, 104
Trd, 4319831.343, 92
Trd, 4319831.893, 101
Trd, 4319832.693, 96
Trd, 4319832.743, 94
Trd, 4319834.743, 96
Trd, 4319835.093, 113
Trd, 4319836.693, 82
Trd, 4319837.993, 102
Trd, 4319838.193, 94
Trd, 4319841.643, 98
Trd, 4319844.293, 101
Trd, 4319845.043, 104
Trd, 4319845.293, 95
Trd, 4319846.543, 96
Trd, 4319847.093, 85
Trd, 4319848.893, 87
Trd, 4319848.993, 104
Trd, 4319851.343, 97
Trd, 4319852.243, 97
Trd, 4319852.793, 122
Trd, 4319853.643, 96
Trd, 4319854.193, 99
Trd, 4319856.693, 118
Trd, 4319856.943, 104
Trd, 4319858.843, 104
Trd, 4319860.443, 105
Trd, 4319860.993, 106
Trd, 4319862.943, 103
Trd, 4319863.443, 96
Trd, 4319865.393, 99
Trd, 4319866.843, 112
Trd, 4319867.643, 98
Trd, 4319868.343, 112
Trd, 4319869.993, 99
Trd, 4319870.643, 98
Trd, 4319873.893, 104
Trd, 4319874.193, 103
Trd, 4319875.443, 102
Trd, 4319876.693, 102
Trd, 4319878.643, 103
Trd, 4319879.043, 104
Trd, 4319881.143, 104
Trd, 4319881.343, 113
Trd, 4319881.493, 101
Trd, 4319883.493, 97
Trd, 4319883.643, 105
Trd, 4319885.493, 86
Trd, 4319887.493, 95
Trd, 4319887.743, 95
Trd, 4319889.693, 91
Trd, 4319890.943, 85
Trd, 4319891.693, 94
Trd, 4319893.443, 104
Trd, 4319894.543, 122
Trd, 4319895.243, 95
Trd, 4319895.793, 101
Trd, 4319898.243, 96
Trd, 4319898.443, 101
Trd, 4319900.243, 95
Trd, 4319900.443, 86
Trd, 4319900.693, 96
Trd, 4319901.643, 96
Trd, 4319904.493, 92
Trd, 4319904.993, 85
Trd, 4319905.593, 96
Trd, 4319906.343, 104
Trd, 4319908.943, 98
Trd, 4319909.993, 95
Trd, 4319910.393, 98
Trd, 4319911.043, 98
Trd, 4319912.493, 119
Trd, 4319912.593, 120
Trd, 4319917.593, 105
Trd, 4319919.093, 100
Trd, 4319921.043, 104
Trd, 4319921.343, 104
Trd, 4319922.993, 86
Trd, 4319923.693, 94
Trd, 4319924.693, 92
Trd, 4319926.743, 112
Trd, 4319926.793, 113
Trd, 4319929.243, 99
Trd, 4319929.443, 95
Trd, 4319931.693, 99
Trd, 4319933.593, 95
Trd, 4319934.393, 95
Trd, 4319934.593, 98
Trd, 4319936.393, 104
Trd, 4319937.093, 122
Trd, 4319938.143, 99
Trd, 4319939.343, 103
Trd, 4319940.093, 96
Trd, 4319940.443, 103
Trd, 4319942.593, 101
Trd, 4319943.093, 103
Trd, 4319944.043, 95
Trd, 4319944.693, 103
Trd, 4319945.393, 85
Trd, 4319945.543, 104
Trd, 4319946.043, 81
Trd, 4319947.543, 95
Trd, 4319949.593, 93
Trd, 4319949.943, 93
Trd, 4319951.243, 91
Trd, 4319952.643, 93
Trd, 4319953.593, 92
Trd, 4319954.543, 95
Trd, 4319954.893, 91
Trd, 4319956.743, 118
Trd, 4319957.093, 97
Trd, 4319959.843, 99
Trd, 4319959.993, 99
Trd, 4319962.243, 116
Trd, 4319962.843, 100
Trd, 4319963.893, 85
Trd, 4319966.943, 98
Trd, 4319967.193, 102
Trd, 4319968.043, 93
Trd, 4319968.143, 102
Trd, 4319970.143, 110
Trd, 4319972.043, 95
Trd, 4319973.743, 104
Trd, 4319975.143, 104
Trd, 4319975.443, 99
Trd, 4319975.793, 104
Trd, 4319980.043, 104
Trd, 4319980.093, 100
Trd, 4319981.843, 94
Trd, 4319982.293, 97
Trd, 4319984.243, 104
Trd, 4319984.743, 122
Trd, 4319989.643, 100
Trd, 4319990.393, 107
Trd, 4319990.593, 119
Trd, 4319990.843, 101
Trd, 4319993.793, 97
Trd, 4319994.593, 83
Trd, 4319996.093, 110
Trd, 4319996.843, 96
Trd, 4319997.693, 110
Trd, 4319998.393, 95
Trd, 4319999.043, 108
