Trd, 4317830.043, 90
Trd, 4317831.743, 93
Trd, 4317832.143, 92
Trd, 4317833.193, 96
Trd, 4317833.293, 91
Trd, 4317834.643, 90
Trd, 4317835.543, 109
Trd, 4317836.243, 91
Trd, 4317840.493, 91
Trd, 4317842.243, 91
Trd, 4317844.743, 89
Trd, 4317845.443, 91
Trd, 4317846.343, 90
Trd, 4317848.443, 92
Trd, 4317849.343, 93
Trd, 4317852.343, 93
Trd, 4317852.893, 92
Trd, 4317853.143, 92
Trd, 4317853.643, 91
Trd, 4317855.243, 91
Trd, 4317857.493, 104
Trd, 4317861.443, 91
Trd, 4317863.193, 93
Trd, 4317863.593, 90
Trd, 4317863.943, 90
Trd, 4317864.093, 96
Trd, 4317865.443, 90
Trd, 4317865.693, 90
Trd, 4317868.043, 89
Trd, 4317869.243, 92
Trd, 4317871.293, 95
Trd, 4317871.343, 94
Trd, 4317871.543, 92
Trd, 4317871.943, 76
Trd, 4317876.693, 92
Trd, 4317878.243, 93
Trd, 4317879.693, 94
Trd, 4317879.793, 93
Trd, 4317881.443, 93
Trd, 4317881.593, 92
Trd, 4317881.843, 108
Trd, 4317883.943, 91
Trd, 4317885.943, 90
Trd, 4317886.593, 90
Trd, 4317890.093, 89
Trd, 4317894.343, 90
Trd, 4317896.243, 89
Trd, 4317896.593, 89
Trd, 4317896.843, 89
Trd, 4317900.943, 88
Trd, 4317902.243, 87
Trd, 4317904.843, 89
Trd, 4317906.443, 86
Trd, 4317906.993, 88
Trd, 4317907.943, 86
Trd, 4317912.043, 85
Trd, 4317912.193, 85
Trd, 4317912.943, 88
Trd, 4317913.543, 96
Trd, 4317919.093, 85
Trd, 4317919.343, 85
Trd, 4317920.243, 86
Trd, 4317920.943, 88
Trd, 4317927.493, 86
Trd, 4317928.293, 96
Trd, 4317928.543, 85
Trd, 4317931.693, 92
Trd, 4317932.193, 91
Trd, 4317933.693, 91
Trd, 4317934.643, 96
Trd, 4317935.243, 91
Trd, 4317936.993, 92
Trd, 4317938.393, 92
Trd, 4317940.693, 98
Trd, 4317941.443, 91
Trd, 4317942.143, 91
Trd, 4317943.343, 91
Trd, 4317945.193, 90
Trd, 4317945.343, 92
Trd, 4317946.243, 90
Trd, 4317948.743, 89
Trd, 4317949.143, 95
Trd, 4317952.343, 90
Trd, 4317952.393, 89
Trd, 4317954.343, 90
Trd, 4317955.543, 89
Trd, 4317955.643, 89
Trd, 4317957.743, 93
Trd, 4317959.143, 90
Trd, 4317960.693, 93
Trd, 4317961.343, 90
Trd, 4317962.193, 89
Trd, 4317962.793, 88
Trd, 4317964.443, 93
Trd, 4317966.793, 87
Trd, 4317967.143, 92
Trd, 4317969.843, 88
Trd, 4317974.643, 88
Trd, 4317975.343, 91
Trd, 4317979.043, 87
Trd, 4317979.493, 90
Trd, 4317979.743, 87
Trd, 4317981.343, 87
Trd, 4317983.693, 86
Trd, 4317985.043, 86
Trd, 4317986.293, 86
Trd, 4317988.243, 86
Trd, 4317992.643, 89
Trd, 4317995.293, 87
Trd, 4317995.543, 87
Trd, 4317995.793, 89
Trd, 4317996.043, 87
Trd, 4317998.143, 95
Trd, 4317999.443, 93
Trd, 4317999.493, 80
Trd, 4318001.393, 95
Trd, 4318001.743, 91
Trd, 4318002.843, 92
Trd, 4318003.793, 92
Trd, 4318003.893, 92
Trd, 4318006.543, 90
Trd, 4318006.893, 92
Trd, 4318008.393, 91
Trd, 4318009.543, 90
Trd, 4318010.543, 83
Trd, 4318011.393, 89
Trd, 4318012.743, 98
Trd, 4318014.243, 90
Trd, 4318015.893, 89
Trd, 4318016.793, 90
Trd, 4318018.243, 98
Trd, 4318019.643, 91
Trd, 4318021.443, 91
Trd, 4318021.693, 91
Trd, 4318024.393, 90
Trd, 4318025.693, 89
Trd, 4318026.793, 90
Trd, 4318027.193, 91
Trd, 4318030.893, 89
Trd, 4318031.043, 89
Trd, 4318032.293, 88
Trd, 4318033.393, 95
Trd, 4318035.893, 94
Trd, 4318036.493, 93
Trd, 4318036.593, 93
Trd, 4318037.343, 96
Trd, 4318040.943, 93
Trd, 4318042.543, 93
Trd, 4318042.743, 92
Trd, 4318046.643, 93
Trd, 4318048.343, 94
Trd, 4318049.993, 96
Trd, 4318050.643, 92
Trd, 4318050.693, 92
Trd, 4318053.093, 91
Trd, 4318054.843, 91
Trd, 4318057.743, 93
Trd, 4318058.593, 90
Trd, 4318059.043, 90
Trd, 4318059.993, 89
Trd, 4318061.543, 88
Trd, 4318063.093, 111
Trd, 4318063.493, 95
Trd, 4318065.043, 94
Trd, 4318066.093, 94
Trd, 4318066.843, 86
Trd, 4318071.343, 95
Trd, 4318072.093, 92
Trd, 4318073.693, 91
Trd, 4318076.243, 91
Trd, 4318076.793, 91
Trd, 4318078.893, 95
Trd, 4318078.943, 90
Trd, 4318081.293, 90
Trd, 4318081.543, 90
Trd, 4318084.143, 92
Trd, 4318086.393, 90
Trd, 4318087.043, 93
Trd, 4318087.593, 90
Trd, 4318088.693, 90
Trd, 4318088.843, 96
Trd, 4318090.643, 91
Trd, 4318091.693, 90
Trd, 4318093.393, 90
Trd, 4318094.743, 93
Trd, 4318096.343, 95
Trd, 4318097.343, 92
Trd, 4318098.593, 91
Trd, 4318099.393, 81
Trd, 4318100.193, 88
Trd, 4318102.343, 100
Trd, 4318102.393, 94
Trd, 4318103.293, 95
Trd, 4318105.543, 94
Trd, 4318106.593, 94
Trd, 4318108.443, 94
Trd, 4318109.193, 97
Trd, 4318109.243, 93
Trd, 4318109.843, 94
Trd, 4318113.293, 99
Trd, 4318113.593, 97
Trd, 4318114.243, 97
Trd, 4318114.843, 97
Trd, 4318114.893, 105
Trd, 4318115.493, 76
Trd, 4318118.193, 95
Trd, 4318119.943, 98
Trd, 4318120.493, 94
Trd, 4318120.993, 94
Trd, 4318122.743, 99
Trd, 4318124.993, 93
Trd, 4318126.893, 92
Trd, 4318127.093, 92
Trd, 4318130.793, 91
Trd, 4318132.043, 90
Trd, 4318132.943, 93
Trd, 4318133.943, 89
Trd, 4318138.443, 89
Trd, 4318140.143, 88
Trd, 4318140.993, 93
Trd, 4318142.443, 93
Trd, 4318142.793, 87
Trd, 4318143.943, 96
Trd, 4318144.743, 107
Trd, 4318145.243, 93
Trd, 4318145.843, 93
Trd, 4318146.943, 94
Trd, 4318148.843, 94
Trd, 4318149.643, 94
Trd, 4318152.943, 94
Trd, 4318156.393, 96
Trd, 4318156.893, 93
Trd, 4318159.643, 92
Trd, 4318162.293, 91
Trd, 4318162.343, 91
Trd, 4318165.893, 91
Trd, 4318166.993, 94
Trd, 4318167.493, 91
Trd, 4318168.743, 91
Trd, 4318168.993, 90
Trd, 4318170.843, 113
Trd, 4318171.093, 86
Trd, 4318171.793, 84
Trd, 4318174.243, 93
Trd, 4318177.193, 93
Trd, 4318177.393, 94
Trd, 4318179.793, 92
Trd, 4318180.243, 92
Trd, 4318180.293, 92
Trd, 4318181.543, 92
Trd, 4318182.543, 95
Trd, 4318184.993, 94
Trd, 4318185.793, 94
Trd, 4318187.843, 94
Trd, 4318189.443, 93
Trd, 4318191.043, 93
Trd, 4318191.743, 93
Trd, 4318193.543, 92
Trd, 4318193.793, 92
Trd, 4318194.243, 96
Trd, 4318197.043, 91
Trd, 4318198.143, 95
Trd, 4318200.893, 90
Trd, 4318201.893, 89
Trd, 4318204.493, 90
Trd, 4318207.343, 89
Trd, 4318207.493, 89
Trd, 4318211.543, 89
Trd, 4318211.993, 91
Trd, 4318213.793, 88
Trd, 4318214.543, 88
Trd, 4318215.943, 91
Trd, 4318215.993, 87
Trd, 4318217.743, 94
Trd, 4318219.393, 89
Trd, 4318219.493, 88
Trd, 4318219.743, 95
Trd, 4318220.543, 92
Trd, 4318223.643, 92
Trd, 4318223.943, 91
Trd, 4318224.293, 90
Trd, 4318226.543, 91
Trd, 4318228.143, 90
Trd, 4318228.993, 89
Trd, 4318230.243, 76
Trd, 4318231.143, 87
Trd, 4318232.743, 95
Trd, 4318235.343, 91
Trd, 4318235.443, 92
Trd, 4318236.943, 102
Trd, 4318237.993, 96
Trd, 4318239.193, 98
Trd, 4318240.943, 96
Trd, 4318240.993, 95
Trd, 4318241.793, 95
Trd, 4318242.593, 94
Trd, 4318244.343, 93
Trd, 4318247.393, 91
Trd, 4318252.943, 92
Trd, 4318253.343, 92
Trd, 4318254.693, 93
Trd, 4318256.743, 92
Trd, 4318259.743, 92
Trd, 4318260.243, 94
Trd, 4318262.493, 92
Trd, 4318263.543, 91
Trd, 4318266.793, 91
Trd, 4318266.943, 91
Trd, 4318266.993, 94
Trd, 4318268.643, 90
Trd, 4318269.593, 95
Trd, 4318271.143, 96
Trd, 4318272.593, 94
Trd, 4318272.793, 93
Trd, 4318272.943, 93
Trd, 4318275.393, 93
Trd, 4318276.693, 96
Trd, 4318277.593, 95
Trd, 4318278.543, 104
Trd, 4318280.093, 102
Trd, 4318282.343, 103
Trd, 4318282.543, 100
Trd, 4318283.193, 108
Trd, 4318283.993, 99
Trd, 4318286.643, 98
Trd, 4318288.393, 98
Trd, 4318290.693, 99
Trd, 4318290.843, 103
Trd, 4318292.243, 98
Trd, 4318292.943, 98
Trd, 4318293.843, 97
Trd, 4318297.043, 100
Trd, 4318297.793, 97
Trd, 4318298.743, 100
Trd, 4318299.893, 96
Trd, 4318302.443, 95
Trd, 4318306.143, 94
Trd, 4318307.093, 94
Trd, 4318309.493, 95
Trd, 4318309.743, 99
Trd, 4318312.743, 96
Trd, 4318314.293, 95
Trd, 4318315.793, 95
Trd, 4318316.743, 94
Trd, 4318317.443, 99
Trd, 4318319.893, 93
Trd, 4318322.143, 93
Trd, 4318322.743, 92
Trd, 4318324.743, 93
Trd, 4318326.543, 92
Trd, 4318327.593, 92
Trd, 4318327.993, 92
Trd, 4318332.493, 92
Trd, 4318334.943, 91
Trd, 4318335.393, 90
Trd, 4318336.243, 90
Trd, 4318338.893, 97
Trd, 4318339.493, 90
Trd, 4318342.593, 97
Trd, 4318342.643, 90
Trd, 4318345.493, 89
Trd, 4318346.843, 89
Trd, 4318347.093, 95
Trd, 4318347.743, 88
Trd, 4318348.893, 88
Trd, 4318351.393, 89
Trd, 4318353.343, 88
Trd, 4318356.493, 87
Trd, 4318357.393, 87
Trd, 4318358.443, 88
Trd, 4318360.093, 89
Trd, 4318361.443, 87
Trd, 4318362.043, 88
Trd, 4318363.993, 88
Trd, 4318365.393, 86
Trd, 4318366.443, 88
Trd, 4318366.893, 86
Trd, 4318367.693, 85
Trd, 4318371.143, 87
Trd, 4318371.443, 87
Trd, 4318372.943, 84
Trd, 4318374.993, 84
Trd, 4318375.443, 95
Trd, 4318376.793, 83
Trd, 4318379.943, 83
Trd, 4318383.343, 82
Trd, 4318383.393, 88
Trd, 4318387.043, 82
Trd, 4318387.093, 87
Trd, 4318387.193, 96
Trd, 4318392.743, 88
Trd, 4318393.243, 88
Trd, 4318393.343, 85
Trd, 4318394.393, 85
Trd, 4318396.843, 83
Trd, 4318399.143, 83
Trd, 4318399.493, 87
Trd, 4318400.643, 87
Trd, 4318402.743, 87
Trd, 4318403.393, 84
Trd, 4318404.093, 76
Trd, 4318407.643, 86
Trd, 4318407.693, 85
Trd, 4318416.493, 86
Trd, 4318416.893, 85
Trd, 4318417.393, 83
Trd, 4318418.093, 87
Trd, 4318419.993, 86
Trd, 4318422.893, 86
Trd, 4318423.243, 85
Trd, 4318424.143, 85
Trd, 4318425.443, 84
Trd, 4318426.093, 86
Trd, 4318426.543, 100
Trd, 4318428.843, 92
Trd, 4318430.243, 93
Trd, 4318431.143, 92
Trd, 4318432.043, 91
Trd, 4318433.643, 91
Trd, 4318434.143, 99
Trd, 4318435.493, 97
Trd, 4318436.943, 97
Trd, 4318441.243, 98
Trd, 4318442.543, 97
Trd, 4318444.093, 97
Trd, 4318445.743, 107
Trd, 4318447.243, 96
Trd, 4318448.793, 96
Trd, 4318450.693, 96
Trd, 4318453.693, 95
Trd, 4318454.343, 95
Trd, 4318454.393, 94
Trd, 4318459.243, 94
Trd, 4318461.643, 94
Trd, 4318461.843, 93
Trd, 4318463.443, 97
Trd, 4318463.793, 92
Trd, 4318464.643, 92
Trd, 4318465.143, 97
Trd, 4318467.193, 92
Trd, 4318467.843, 106
Trd, 4318468.043, 91
Trd, 4318472.143, 97
Trd, 4318472.743, 95
Trd, 4318473.343, 95
Trd, 4318477.343, 94
Trd, 4318481.443, 95
Trd, 4318482.443, 98
Trd, 4318483.993, 94
Trd, 4318484.543, 113
Trd, 4318486.843, 93
Trd, 4318486.993, 93
Trd, 4318488.043, 93
Trd, 4318489.693, 96
Trd, 4318491.343, 92
Trd, 4318491.443, 92
Trd, 4318492.893, 91
Trd, 4318495.693, 93
Trd, 4318496.293, 92
Trd, 4318496.543, 97
Trd, 4318498.193, 92
Trd, 4318501.243, 91
Trd, 4318501.693, 97
Trd, 4318503.443, 90
Trd, 4318504.643, 94
Trd, 4318506.243, 89
Trd, 4318506.593, 78
Trd, 4318508.443, 91
Trd, 4318511.143, 87
Trd, 4318512.443, 95
Trd, 4318512.843, 90
Trd, 4318514.293, 92
Trd, 4318516.393, 92
Trd, 4318517.643, 91
Trd, 4318519.793, 90
Trd, 4318520.793, 90
Trd, 4318523.043, 89
Trd, 4318524.493, 89
Trd, 4318525.493, 90
Trd, 4318526.593, 90
Trd, 4318526.643, 88
Trd, 4318527.993, 95
Trd, 4318528.243, 87
Trd, 4318529.893, 91
Trd, 4318531.843, 93
Trd, 4318532.393, 92
Trd, 4318533.643, 81
Trd, 4318533.843, 79
Trd, 4318538.843, 89
Trd, 4318539.193, 76
Trd, 4318540.193, 75
Trd, 4318544.143, 84
Trd, 4318545.293, 85
Trd, 4318547.093, 86
Trd, 4318551.193, 93
Trd, 4318552.293, 92
Trd, 4318552.893, 87
Trd, 4318553.343, 89
Trd, 4318553.493, 89
Trd, 4318556.843, 89
Trd, 4318557.143, 89
Trd, 4318557.793, 76
Trd, 4318560.343, 92
Trd, 4318561.543, 93
Trd, 4318562.543, 88
Trd, 4318565.593, 89
Trd, 4318565.693, 88
Trd, 4318567.043, 90
Trd, 4318567.943, 88
Trd, 4318568.943, 94
Trd, 4318572.043, 95
Trd, 4318572.293, 93
Trd, 4318573.093, 92
Trd, 4318574.643, 90
Trd, 4318576.343, 97
Trd, 4318576.793, 96
Trd, 4318577.193, 96
Trd, 4318580.143, 102
Trd, 4318581.043, 99
Trd, 4318581.893, 97
Trd, 4318582.943, 100
Trd, 4318583.793, 100
Trd, 4318585.093, 99
Trd, 4318586.543, 108
Trd, 4318588.443, 99
Trd, 4318589.143, 98
Trd, 4318590.793, 98
Trd, 4318591.843, 89
Trd, 4318595.443, 101
Trd, 4318597.793, 98
Trd, 4318598.293, 97
Trd, 4318599.593, 96
Trd, 4318602.293, 100
Trd, 4318602.893, 95
Trd, 4318603.543, 95
Trd, 4318607.643, 95
Trd, 4318609.843, 102
Trd, 4318610.493, 95
Trd, 4318611.893, 94
Trd, 4318612.993, 94
Trd, 4318616.493, 93
Trd, 4318616.693, 93
Trd, 4318616.743, 77
Trd, 4318618.443, 95
Trd, 4318618.743, 93
Trd, 4318620.243, 76
Trd, 4318621.593, 86
Trd, 4318621.793, 93
Trd, 4318623.693, 89
Trd, 4318625.343, 88
Trd, 4318625.993, 89
Trd, 4318626.843, 87
Trd, 4318629.193, 93
Trd, 4318630.043, 100
Trd, 4318631.993, 104
Trd, 4318632.693, 99
Trd, 4318633.243, 98
Trd, 4318634.543, 97
Trd, 4318634.643, 83
Trd, 4318635.843, 94
Trd, 4318638.193, 95
Trd, 4318639.393, 98
Trd, 4318639.743, 94
Trd, 4318641.293, 93
Trd, 4318642.993, 76
Trd, 4318644.943, 92
Trd, 4318646.693, 91
Trd, 4318648.893, 91
Trd, 4318649.593, 90
Trd, 4318651.493, 90
Trd, 4318652.993, 90
Trd, 4318653.793, 92
Trd, 4318654.693, 90
Trd, 4318655.893, 95
Trd, 4318657.393, 91
Trd, 4318660.193, 90
Trd, 4318660.493, 91
Trd, 4318660.943, 89
Trd, 4318664.893, 88
Trd, 4318665.393, 88
Trd, 4318666.693, 88
Trd, 4318666.843, 87
Trd, 4318673.393, 90
Trd, 4318675.243, 94
Trd, 4318677.243, 88
Trd, 4318680.193, 87
Trd, 4318681.493, 92
Trd, 4318683.043, 86
Trd, 4318685.193, 85
Trd, 4318685.643, 84
Trd, 4318686.993, 107
Trd, 4318688.343, 94
Trd, 4318689.593, 90
Trd, 4318691.043, 92
Trd, 4318692.193, 91
Trd, 4318693.143, 94
Trd, 4318695.893, 91
Trd, 4318696.293, 90
Trd, 4318698.843, 90
Trd, 4318700.243, 94
Trd, 4318702.093, 89
Trd, 4318703.243, 95
Trd, 4318703.843, 88
Trd, 4318706.243, 93
Trd, 4318709.793, 88
Trd, 4318712.143, 87
Trd, 4318713.593, 86
Trd, 4318715.093, 90
Trd, 4318716.443, 86
Trd, 4318717.743, 85
Trd, 4318718.043, 86
Trd, 4318721.793, 88
Trd, 4318722.343, 95
Trd, 4318723.343, 87
Trd, 4318723.743, 86
Trd, 4318724.893, 86
Trd, 4318727.093, 89
Trd, 4318727.243, 85
Trd, 4318728.543, 88
Trd, 4318732.543, 91
Trd, 4318733.943, 88
Trd, 4318736.893, 86
Trd, 4318738.293, 92
Trd, 4318738.793, 91
Trd, 4318739.443, 89
Trd, 4318741.943, 89
Trd, 4318744.043, 101
Trd, 4318744.793, 82
Trd, 4318746.293, 91
Trd, 4318748.543, 92
Trd, 4318748.693, 91
Trd, 4318749.393, 97
Trd, 4318751.743, 92
Trd, 4318753.343, 95
Trd, 4318753.443, 93
Trd, 4318755.193, 88
Trd, 4318755.593, 91
Trd, 4318756.793, 97
Trd, 4318759.693, 90
Trd, 4318761.993, 89
Trd, 4318762.443, 94
Trd, 4318763.743, 87
Trd, 4318766.943, 90
Trd, 4318767.343, 89
Trd, 4318769.643, 88
Trd, 4318771.243, 90
Trd, 4318771.393, 88
Trd, 4318772.443, 90
Trd, 4318773.493, 88
Trd, 4318775.193, 95
Trd, 4318776.593, 87
Trd, 4318777.893, 86
Trd, 4318778.993, 86
Trd, 4318780.293, 85
Trd, 4318782.543, 81
Trd, 4318782.793, 87
Trd, 4318782.843, 89
Trd, 4318786.643, 85
Trd, 4318787.143, 87
Trd, 4318787.493, 89
Trd, 4318787.743, 87
Trd, 4318789.093, 85
Trd, 4318792.893, 92
Trd, 4318793.893, 90
Trd, 4318794.743, 90
Trd, 4318797.543, 91
Trd, 4318797.843, 89
Trd, 4318798.193, 76
Trd, 4318798.843, 90
Trd, 4318800.193, 88
Trd, 4318801.043, 88
Trd, 4318803.543, 87
Trd, 4318806.343, 95
Trd, 4318807.093, 87
Trd, 4318809.343, 90
Trd, 4318809.693, 87
Trd, 4318812.293, 86
Trd, 4318813.793, 91
Trd, 4318816.243, 88
Trd, 4318817.443, 85
Trd, 4318820.693, 89
Trd, 4318820.743, 85
Trd, 4318821.143, 85
Trd, 4318823.443, 95
Trd, 4318825.543, 91
Trd, 4318826.293, 89
Trd, 4318827.843, 94
Trd, 4318828.093, 94
Trd, 4318828.643, 92
Trd, 4318830.043, 95
Trd, 4318832.193, 92
Trd, 4318835.243, 92
Trd, 4318835.393, 91
Trd, 4318836.143, 93
Trd, 4318836.593, 91
Trd, 4318839.393, 96
Trd, 4318840.343, 95
Trd, 4318840.493, 93
Trd, 4318841.143, 95
Trd, 4318842.043, 94
Trd, 4318842.943, 94
Trd, 4318844.393, 96
Trd, 4318845.843, 95
Trd, 4318847.243, 94
Trd, 4318847.893, 90
Trd, 4318852.393, 94
Trd, 4318852.743, 93
Trd, 4318854.293, 93
Trd, 4318855.393, 94
Trd, 4318855.593, 93
Trd, 4318857.343, 94
Trd, 4318859.343, 93
Trd, 4318861.693, 92
Trd, 4318861.843, 93
Trd, 4318863.793, 92
Trd, 4318864.043, 91
Trd, 4318866.493, 91
Trd, 4318867.243, 90
Trd, 4318869.243, 92
Trd, 4318869.443, 95
Trd, 4318871.643, 91
Trd, 4318872.493, 93
Trd, 4318872.693, 90
Trd, 4318875.093, 89
Trd, 4318877.093, 89
Trd, 4318877.193, 88
Trd, 4318878.043, 92
Trd, 4318880.993, 90
Trd, 4318883.043, 92
Trd, 4318883.293, 90
Trd, 4318883.393, 89
Trd, 4318884.493, 92
Trd, 4318884.743, 95
Trd, 4318886.493, 90
Trd, 4318891.293, 89
Trd, 4318892.593, 92
Trd, 4318893.743, 89
Trd, 4318893.793, 88
Trd, 4318895.293, 90
Trd, 4318896.643, 92
Trd, 4318899.193, 91
Trd, 4318900.243, 90
Trd, 4318902.093, 90
Trd, 4318902.143, 92
Trd, 4318905.143, 89
Trd, 4318907.793, 89
Trd, 4318908.343, 88
Trd, 4318910.143, 90
Trd, 4318910.743, 88
Trd, 4318911.993, 87
Trd, 4318913.493, 90
Trd, 4318913.943, 95
Trd, 4318914.493, 87
Trd, 4318916.593, 86
Trd, 4318917.493, 90
Trd, 4318919.943, 92
Trd, 4318921.743, 92
Trd, 4318922.393, 90
Trd, 4318923.343, 88
Trd, 4318929.143, 89
Trd, 4318929.193, 88
Trd, 4318929.493, 87
Trd, 4318930.143, 83
Trd, 4318931.093, 88
Trd, 4318932.243, 85
Trd, 4318932.893, 85
Trd, 4318937.943, 84
Trd, 4318939.293, 85
Trd, 4318942.893, 84
Trd, 4318943.243, 86
Trd, 4318944.143, 88
Trd, 4318946.443, 90
Trd, 4318947.343, 91
Trd, 4318948.643, 90
Trd, 4318949.393, 95
Trd, 4318951.193, 95
Trd, 4318952.743, 105
Trd, 4318953.193, 101
Trd, 4318953.493, 97
Trd, 4318955.993, 96
Trd, 4318956.493, 91
Trd, 4318956.993, 94
Trd, 4318959.093, 95
Trd, 4318960.043, 93
Trd, 4318960.393, 89
Trd, 4318960.893, 83
Trd, 4318962.943, 96
Trd, 4318965.643, 93
Trd, 4318966.843, 98
Trd, 4318966.893, 96
Trd, 4318967.343, 97
Trd, 4318968.043, 113
Trd, 4318968.943, 98
Trd, 4318971.193, 99
Trd, 4318972.293, 98
Trd, 4318972.543, 86
Trd, 4318973.993, 96
Trd, 4318974.893, 96
Trd, 4318977.843, 95
Trd, 4318978.093, 96
Trd, 4318978.543, 95
Trd, 4318979.143, 94
Trd, 4318980.693, 94
Trd, 4318981.943, 93
Trd, 4318984.243, 92
Trd, 4318985.893, 92
Trd, 4318986.843, 97
Trd, 4318986.943, 91
Trd, 4318988.143, 90
Trd, 4318990.043, 92
Trd, 4318992.743, 91
Trd, 4318993.493, 94
Trd, 4318995.593, 91
Trd, 4318996.043, 90
Trd, 4318997.793, 90
Trd, 4319000.593, 89
Trd, 4319001.493, 89
Trd, 4319003.443, 93
Trd, 4319004.643, 96
Trd, 4319004.693, 89
Trd, 4319005.843, 88
Trd, 4319007.093, 88
Trd, 4319008.793, 93
Trd, 4319009.793, 87
Trd, 4319012.593, 90
Trd, 4319014.493, 87
Trd, 4319017.293, 90
Trd, 4319019.443, 92
Trd, 4319020.293, 89
Trd, 4319021.093, 87
Trd, 4319023.893, 90
Trd, 4319026.943, 89
Trd, 4319027.243, 87
Trd, 4319029.243, 87
Trd, 4319030.143, 88
Trd, 4319032.543, 88
Trd, 4319032.943, 88
Trd, 4319033.193, 88
Trd, 4319034.843, 87
Trd, 4319038.943, 88
Trd, 4319041.793, 88
Trd, 4319042.293, 87
Trd, 4319043.593, 86
Trd, 4319046.393, 86
Trd, 4319047.893, 85
Trd, 4319048.393, 85
Trd, 4319051.443, 88
Trd, 4319052.693, 95
Trd, 4319053.643, 87
Trd, 4319054.843, 88
Trd, 4319060.493, 89
Trd, 4319062.093, 87
Trd, 4319062.793, 87
Trd, 4319063.343, 87
Trd, 4319066.543, 86
Trd, 4319066.993, 86
Trd, 4319067.693, 89
Trd, 4319068.993, 108
Trd, 4319069.093, 85
Trd, 4319070.093, 104
Trd, 4319071.843, 94
Trd, 4319072.443, 92
Trd, 4319073.393, 89
Trd, 4319076.243, 92
Trd, 4319077.893, 91
Trd, 4319078.393, 91
Trd, 4319078.493, 91
Trd, 4319082.593, 90
Trd, 4319082.943, 96
Trd, 4319083.193, 90
Trd, 4319084.743, 89
Trd, 4319086.393, 91
Trd, 4319087.693, 91
Trd, 4319087.943, 91
Trd, 4319089.443, 90
Trd, 4319091.443, 91
Trd, 4319091.743, 90
Trd, 4319092.293, 82
Trd, 4319094.393, 95
Trd, 4319095.693, 89
Trd, 4319096.793, 88
Trd, 4319097.393, 91
Trd, 4319100.843, 87
Trd, 4319102.243, 87
Trd, 4319102.443, 91
Trd, 4319103.243, 86
Trd, 4319105.543, 85
Trd, 4319106.193, 76
Trd, 4319106.843, 90
Trd, 4319108.843, 106
Trd, 4319109.943, 100
Trd, 4319111.593, 104
Trd, 4319112.143, 99
Trd, 4319112.443, 98
Trd, 4319113.743, 98
Trd, 4319115.593, 96
Trd, 4319116.043, 60
Trd, 4319117.243, 86
Trd, 4319118.993, 87
Trd, 4319120.543, 88
Trd, 4319121.243, 87
Trd, 4319122.043, 101
Trd, 4319122.443, 88
Trd, 4319122.693, 86
Trd, 4319126.093, 93
Trd, 4319127.143, 93
Trd, 4319127.343, 92
Trd, 4319130.993, 91
Trd, 4319132.143, 90
Trd, 4319133.343, 95
Trd, 4319135.343, 90
Trd, 4319136.193, 90
Trd, 4319137.993, 89
Trd, 4319140.443, 88
Trd, 4319145.193, 92
Trd, 4319146.243, 89
Trd, 4319147.043, 88
Trd, 4319149.293, 88
Trd, 4319151.543, 87
Trd, 4319153.493, 88
Trd, 4319153.893, 87
Trd, 4319155.143, 96
Trd, 4319157.543, 86
Trd, 4319157.893, 86
Trd, 4319159.593, 86
Trd, 4319159.843, 90
Trd, 4319163.843, 90
Trd, 4319165.143, 85
Trd, 4319165.243, 85
Trd, 4319167.793, 84
Trd, 4319168.343, 89
Trd, 4319169.443, 90
Trd, 4319172.043, 88
Trd, 4319174.343, 84
Trd, 4319177.643, 83
Trd, 4319178.793, 82
Trd, 4319180.693, 87
Trd, 4319183.443, 82
Trd, 4319185.093, 86
Trd, 4319185.643, 83
Trd, 4319187.043, 82
Trd, 4319188.643, 87
Trd, 4319190.893, 81
Trd, 4319193.693, 92
Trd, 4319194.943, 91
Trd, 4319195.493, 90
Trd, 4319196.143, 90
Trd, 4319196.843, 88
Trd, 4319197.793, 88
Trd, 4319200.643, 88
Trd, 4319203.993, 87
Trd, 4319205.193, 86
Trd, 4319205.643, 95
Trd, 4319207.293, 85
Trd, 4319209.893, 94
Trd, 4319209.943, 91
Trd, 4319210.693, 87
Trd, 4319210.943, 93
Trd, 4319213.093, 95
Trd, 4319213.443, 90
Trd, 4319217.293, 90
Trd, 4319218.993, 92
Trd, 4319220.893, 89
Trd, 4319223.843, 89
Trd, 4319225.343, 89
Trd, 4319227.393, 91
Trd, 4319229.643, 89
Trd, 4319231.543, 88
Trd, 4319231.593, 88
Trd, 4319233.343, 87
Trd, 4319236.243, 87
Trd, 4319236.793, 90
Trd, 4319240.543, 86
Trd, 4319241.043, 90
Trd, 4319241.893, 86
Trd, 4319243.293, 89
Trd, 4319248.293, 92
Trd, 4319250.443, 86
Trd, 4319250.793, 86
Trd, 4319254.093, 89
Trd, 4319254.993, 94
Trd, 4319255.693, 87
Trd, 4319256.793, 88
Trd, 4319259.343, 91
Trd, 4319259.493, 95
Trd, 4319261.393, 87
Trd, 4319261.943, 86
Trd, 4319264.243, 95
Trd, 4319264.693, 95
Trd, 4319265.993, 96
Trd, 4319267.993, 96
Trd, 4319271.193, 95
Trd, 4319271.643, 94
Trd, 4319274.043, 93
Trd, 4319275.343, 94
Trd, 4319276.343, 83
Trd, 4319276.793, 106
Trd, 4319278.193, 86
Trd, 4319280.993, 91
Trd, 4319281.093, 90
Trd, 4319283.193, 89
Trd, 4319285.093, 90
Trd, 4319286.743, 89
Trd, 4319286.843, 92
Trd, 4319289.793, 92
Trd, 4319291.143, 88
Trd, 4319292.293, 88
Trd, 4319293.243, 87
Trd, 4319294.043, 86
Trd, 4319295.443, 97
Trd, 4319297.343, 95
Trd, 4319297.643, 94
Trd, 4319298.193, 93
Trd, 4319301.493, 91
Trd, 4319305.943, 91
Trd, 4319306.793, 92
Trd, 4319307.543, 93
Trd, 4319308.743, 92
Trd, 4319308.893, 91
Trd, 4319309.643, 91
Trd, 4319313.943, 90
Trd, 4319314.843, 90
Trd, 4319316.793, 89
Trd, 4319320.093, 93
Trd, 4319320.343, 89
Trd, 4319320.843, 88
Trd, 4319322.393, 88
Trd, 4319325.693, 87
Trd, 4319326.243, 113
Trd, 4319326.543, 76
Trd, 4319328.593, 93
Trd, 4319332.793, 96
Trd, 4319333.493, 95
Trd, 4319333.843, 92
Trd, 4319335.143, 96
Trd, 4319335.743, 92
Trd, 4319335.843, 91
Trd, 4319336.493, 86
Trd, 4319339.143, 90
Trd, 4319341.193, 90
Trd, 4319341.693, 90
Trd, 4319341.993, 94
Trd, 4319344.443, 94
Trd, 4319348.443, 93
Trd, 4319349.093, 93
Trd, 4319352.193, 92
Trd, 4319353.943, 94
Trd, 4319355.193, 91
Trd, 4319355.793, 90
Trd, 4319358.493, 90
Trd, 4319359.693, 90
Trd, 4319361.943, 90
Trd, 4319362.193, 95
Trd, 4319365.693, 89
Trd, 4319366.493, 89
Trd, 4319368.293, 91
Trd, 4319369.143, 95
Trd, 4319370.693, 93
Trd, 4319371.843, 95
Trd, 4319373.543, 94
Trd, 4319374.093, 99
Trd, 4319374.243, 95
Trd, 4319377.443, 94
Trd, 4319378.343, 98
Trd, 4319380.893, 93
Trd, 4319381.093, 93
Trd, 4319381.543, 92
Trd, 4319382.743, 87
Trd, 4319383.243, 90
Trd, 4319383.693, 113
Trd, 4319385.793, 76
Trd, 4319388.143, 88
Trd, 4319393.993, 90
Trd, 4319394.693, 87
Trd, 4319396.743, 86
Trd, 4319399.393, 85
Trd, 4319400.493, 85
Trd, 4319404.543, 86
Trd, 4319405.893, 86
Trd, 4319407.743, 84
Trd, 4319408.843, 83
Trd, 4319413.643, 86
Trd, 4319414.843, 89
Trd, 4319415.243, 87
Trd, 4319416.143, 89
Trd, 4319417.143, 86
Trd, 4319420.693, 87
Trd, 4319420.943, 85
Trd, 4319421.893, 87
Trd, 4319424.293, 87
Trd, 4319424.743, 89
Trd, 4319425.443, 88
Trd, 4319427.643, 89
Trd, 4319428.243, 96
Trd, 4319430.043, 94
Trd, 4319431.193, 93
Trd, 4319432.193, 92
Trd, 4319433.443, 92
Trd, 4319434.343, 96
Trd, 4319437.193, 92
Trd, 4319440.293, 91
Trd, 4319440.393, 91
Trd, 4319442.943, 90
Trd, 4319444.093, 95
Trd, 4319444.643, 90
Trd, 4319446.293, 89
Trd, 4319446.893, 90
Trd, 4319448.493, 90
Trd, 4319451.293, 92
Trd, 4319451.393, 96
Trd, 4319451.593, 89
Trd, 4319455.043, 88
Trd, 4319456.143, 87
Trd, 4319456.693, 87
Trd, 4319457.093, 92
Trd, 4319459.193, 87
Trd, 4319461.043, 86
Trd, 4319462.693, 80
Trd, 4319466.243, 84
Trd, 4319467.343, 91
Trd, 4319468.743, 83
Trd, 4319469.643, 92
Trd, 4319471.143, 89
Trd, 4319473.243, 91
Trd, 4319474.193, 94
Trd, 4319475.343, 96
Trd, 4319475.793, 93
Trd, 4319476.443, 92
Trd, 4319476.943, 91
Trd, 4319478.793, 83
Trd, 4319480.143, 90
Trd, 4319480.793, 92
Trd, 4319482.693, 92
Trd, 4319483.293, 91
Trd, 4319486.693, 90
Trd, 4319490.693, 91
Trd, 4319491.143, 90
Trd, 4319491.593, 92
Trd, 4319493.143, 90
Trd, 4319496.043, 89
Trd, 4319497.493, 92
Trd, 4319499.543, 89
Trd, 4319502.393, 88
Trd, 4319504.593, 87
Trd, 4319505.043, 86
Trd, 4319505.943, 88
Trd, 4319506.193, 85
Trd, 4319507.493, 88
Trd, 4319510.243, 93
Trd, 4319510.593, 95
Trd, 4319510.993, 92
Trd, 4319511.243, 86
Trd, 4319513.893, 90
Trd, 4319514.393, 89
Trd, 4319514.593, 90
Trd, 4319518.543, 89
Trd, 4319520.893, 96
Trd, 4319521.243, 89
Trd, 4319521.743, 89
Trd, 4319522.043, 89
Trd, 4319523.293, 89
Trd, 4319524.843, 88
Trd, 4319526.493, 90
Trd, 4319526.793, 91
Trd, 4319528.393, 87
Trd, 4319531.693, 91
Trd, 4319532.043, 87
Trd, 4319532.943, 86
Trd, 4319534.193, 86
Trd, 4319535.993, 91
Trd, 4319536.493, 85
Trd, 4319536.743, 96
Trd, 4319538.993, 84
Trd, 4319540.343, 83
Trd, 4319543.043, 83
Trd, 4319547.093, 87
Trd, 4319548.143, 83
Trd, 4319549.593, 82
Trd, 4319550.793, 86
Trd, 4319553.693, 87
Trd, 4319554.043, 84
Trd, 4319554.743, 86
Trd, 4319555.193, 90
Trd, 4319556.393, 85
Trd, 4319558.893, 85
Trd, 4319561.943, 87
Trd, 4319563.443, 84
Trd, 4319563.993, 87
Trd, 4319564.893, 83
Trd, 4319565.293, 83
Trd, 4319570.343, 95
Trd, 4319571.793, 91
Trd, 4319572.143, 91
Trd, 4319573.343, 89
Trd, 4319576.393, 89
Trd, 4319577.043, 90
Trd, 4319577.443, 88
Trd, 4319581.793, 87
Trd, 4319582.293, 90
Trd, 4319582.543, 92
Trd, 4319585.393, 87
Trd, 4319590.493, 88
Trd, 4319590.543, 86
Trd, 4319590.793, 88
Trd, 4319591.393, 86
Trd, 4319596.343, 87
Trd, 4319597.543, 85
Trd, 4319599.343, 85
Trd, 4319602.543, 84
Trd, 4319603.243, 87
Trd, 4319604.393, 84
Trd, 4319607.593, 83
Trd, 4319607.793, 86
Trd, 4319608.643, 86
Trd, 4319611.893, 96
Trd, 4319612.143, 92
Trd, 4319612.593, 89
Trd, 4319613.643, 90
Trd, 4319613.843, 89
Trd, 4319615.643, 89
Trd, 4319617.543, 92
Trd, 4319618.943, 95
Trd, 4319621.743, 92
Trd, 4319621.843, 91
Trd, 4319623.293, 91
Trd, 4319624.143, 91
Trd, 4319625.093, 96
Trd, 4319625.343, 91
Trd, 4319626.293, 91
Trd, 4319628.793, 90
Trd, 4319628.843, 104
Trd, 4319631.193, 91
Trd, 4319631.543, 90
Trd, 4319632.243, 92
Trd, 4319632.493, 98
Trd, 4319635.193, 90
Trd, 4319637.293, 89
Trd, 4319637.343, 98
Trd, 4319638.393, 87
Trd, 4319639.343, 87
Trd, 4319639.643, 87
Trd, 4319640.593, 87
Trd, 4319642.393, 116
Trd, 4319646.043, 93
Trd, 4319647.243, 96
Trd, 4319647.943, 95
Trd, 4319648.643, 95
Trd, 4319650.043, 98
Trd, 4319652.543, 99
Trd, 4319653.243, 97
Trd, 4319654.043, 96
Trd, 4319654.593, 97
Trd, 4319655.593, 96
Trd, 4319657.743, 104
Trd, 4319657.993, 98
Trd, 4319659.343, 98
Trd, 4319661.143, 97
Trd, 4319661.893, 99
Trd, 4319663.393, 96
Trd, 4319665.443, 95
Trd, 4319668.093, 98
Trd, 4319668.443, 94
Trd, 4319668.943, 94
Trd, 4319669.643, 98
Trd, 4319671.493, 98
Trd, 4319672.293, 99
Trd, 4319672.393, 96
Trd, 4319676.793, 96
Trd, 4319678.043, 92
Trd, 4319678.093, 82
Trd, 4319679.393, 89
Trd, 4319679.493, 100
Trd, 4319681.443, 95
Trd, 4319684.093, 98
Trd, 4319684.643, 95
Trd, 4319684.893, 94
Trd, 4319686.593, 94
Trd, 4319687.393, 94
Trd, 4319688.593, 95
Trd, 4319689.993, 93
Trd, 4319691.943, 92
Trd, 4319692.793, 92
Trd, 4319693.293, 92
Trd, 4319693.643, 95
Trd, 4319696.043, 91
Trd, 4319696.293, 91
Trd, 4319699.343, 95
Trd, 4319699.793, 91
Trd, 4319701.543, 90
Trd, 4319705.293, 91
Trd, 4319706.543, 90
Trd, 4319706.643, 95
Trd, 4319706.843, 95
Trd, 4319710.293, 89
Trd, 4319711.843, 94
Trd, 4319712.843, 89
Trd, 4319713.393, 88
Trd, 4319714.593, 93
Trd, 4319717.943, 90
Trd, 4319720.993, 91
Trd, 4319721.143, 89
Trd, 4319721.693, 95
Trd, 4319722.643, 91
Trd, 4319723.993, 90
Trd, 4319725.093, 87
Trd, 4319726.143, 88
Trd, 4319726.343, 95
Trd, 4319727.093, 76
Trd, 4319729.943, 96
Trd, 4319730.943, 87
Trd, 4319733.143, 88
Trd, 4319733.543, 86
Trd, 4319735.043, 87
Trd, 4319735.393, 89
Trd, 4319735.643, 96
Trd, 4319736.893, 92
Trd, 4319740.743, 88
Trd, 4319743.793, 87
Trd, 4319744.493, 86
Trd, 4319746.293, 86
Trd, 4319746.443, 90
Trd, 4319747.293, 85
Trd, 4319748.193, 87
Trd, 4319752.243, 88
Trd, 4319752.393, 85
Trd, 4319755.343, 85
Trd, 4319759.593, 89
Trd, 4319760.443, 87
Trd, 4319760.493, 88
Trd, 4319761.493, 87
Trd, 4319763.193, 87
Trd, 4319765.093, 89
Trd, 4319766.393, 86
Trd, 4319768.543, 88
Trd, 4319769.593, 86
Trd, 4319771.343, 86
Trd, 4319775.643, 86
Trd, 4319776.543, 85
Trd, 4319777.243, 85
Trd, 4319779.693, 87
Trd, 4319779.743, 95
Trd, 4319780.743, 86
Trd, 4319781.693, 88
Trd, 4319782.743, 88
Trd, 4319784.693, 87
Trd, 4319784.893, 87
Trd, 4319786.143, 81
Trd, 4319786.293, 76
Trd, 4319788.293, 86
Trd, 4319790.293, 86
Trd, 4319796.293, 82
Trd, 4319797.643, 82
Trd, 4319798.743, 81
Trd, 4319801.593, 86
Trd, 4319801.643, 82
Trd, 4319801.743, 95
Trd, 4319805.743, 82
Trd, 4319807.793, 82
Trd, 4319808.243, 81
Trd, 4319810.143, 81
Trd, 4319812.293, 92
Trd, 4319821.893, 85
Trd, 4319823.993, 84
Trd, 4319826.393, 86
Trd, 4319826.843, 88
Trd, 4319827.143, 85
Trd, 4319828.793, 85
Trd, 4319829.093, 108
Trd, 4319837.393, 86
Trd, 4319840.443, 87
Trd, 4319841.143, 85
Trd, 4319841.343, 84
Trd, 4319842.643, 95
Trd, 4319846.643, 84
Trd, 4319848.043, 85
Trd, 4319848.193, 86
Trd, 4319848.693, 84
Trd, 4319850.493, 86
Trd, 4319852.293, 86
Trd, 4319853.143, 95
Trd, 4319855.643, 89
Trd, 4319856.093, 88
Trd, 4319857.493, 89
Trd, 4319858.843, 95
Trd, 4319858.893, 89
Trd, 4319860.243, 88
Trd, 4319861.393, 90
Trd, 4319862.693, 97
Trd, 4319863.193, 97
Trd, 4319865.493, 95
Trd, 4319866.593, 116
Trd, 4319866.743, 102
Trd, 4319866.843, 104
Trd, 4319866.893, 101
Trd, 4319868.043, 94
Trd, 4319870.043, 98
Trd, 4319870.693, 100
Trd, 4319872.093, 98
Trd, 4319872.943, 97
Trd, 4319873.493, 96
Trd, 4319873.943, 76
Trd, 4319874.893, 91
Trd, 4319879.543, 95
Trd, 4319880.043, 95
Trd, 4319880.743, 95
Trd, 4319884.393, 94
Trd, 4319885.493, 93
Trd, 4319885.593, 93
Trd, 4319886.493, 92
Trd, 4319886.593, 76
Trd, 4319889.193, 73
Trd, 4319890.543, 88
Trd, 4319891.043, 87
Trd, 4319891.143, 99
Trd, 4319892.393, 90
Trd, 4319894.793, 94
Trd, 4319895.643, 94
Trd, 4319897.593, 95
Trd, 4319898.693, 94
Trd, 4319898.743, 96
Trd, 4319900.293, 93
Trd, 4319903.643, 92
Trd, 4319905.443, 91
Trd, 4319905.843, 91
Trd, 4319907.993, 90
Trd, 4319909.543, 93
Trd, 4319909.593, 90
Trd, 4319909.993, 89
Trd, 4319912.843, 89
Trd, 4319915.743, 88
Trd, 4319916.093, 88
Trd, 4319917.693, 93
Trd, 4319919.993, 87
Trd, 4319922.043, 87
Trd, 4319922.893, 95
Trd, 4319925.843, 89
Trd, 4319929.193, 88
Trd, 4319929.743, 87
Trd, 4319930.443, 96
Trd, 4319933.443, 86
Trd, 4319935.293, 90
Trd, 4319937.543, 86
Trd, 4319940.443, 90
Trd, 4319940.843, 87
Trd, 4319941.393, 86
Trd, 4319943.093, 108
Trd, 4319943.593, 90
Trd, 4319944.343, 93
Trd, 4319944.443, 88
Trd, 4319946.793, 92
Trd, 4319948.293, 91
Trd, 4319949.793, 90
Trd, 4319950.643, 92
Trd, 4319951.593, 89
Trd, 4319953.243, 88
Trd, 4319954.493, 92
Trd, 4319956.693, 89
Trd, 4319958.293, 95
Trd, 4319959.893, 88
Trd, 4319961.843, 87
Trd, 4319963.293, 93
Trd, 4319965.393, 87
Trd, 4319966.593, 93
Trd, 4319968.393, 86
Trd, 4319969.843, 88
Trd, 4319972.243, 88
Trd, 4319972.843, 91
Trd, 4319973.043, 87
Trd, 4319974.193, 87
Trd, 4319974.843, 86
Trd, 4319978.393, 85
Trd, 4319978.593, 95
Trd, 4319980.043, 90
Trd, 4319980.193, 85
Trd, 4319982.543, 92
Trd, 4319984.393, 87
Trd, 4319989.643, 86
Trd, 4319989.893, 86
Trd, 4319991.843, 90
Trd, 4319991.893, 86
Trd, 4319996.043, 85
Trd, 4319999.543, 84
