Trd, 4317823.593, 91
Trd, 4317825.943, 95
Trd, 4317827.043, 95
Trd, 4317829.793, 93
Trd, 4317831.593, 95
Trd, 4317832.493, 95
Trd, 4317836.543, 94
Trd, 4317841.193, 95
Trd, 4317841.543, 104
Trd, 4317845.493, 95
Trd, 4317845.593, 93
Trd, 4317847.343, 93
Trd, 4317848.143, 93
Trd, 4317849.343, 93
Trd, 4317849.393, 94
Trd, 4317851.343, 95
Trd, 4317851.843, 93
Trd, 4317853.593, 92
Trd, 4317857.393, 91
Trd, 4317858.443, 95
Trd, 4317859.393, 94
Trd, 4317861.643, 90
Trd, 4317864.793, 89
Trd, 4317865.043, 93
Trd, 4317869.693, 93
Trd, 4317869.993, 94
Trd, 4317870.793, 96
Trd, 4317871.543, 95
Trd, 4317874.993, 95
Trd, 4317875.993, 94
Trd, 4317877.143, 93
Trd, 4317877.693, 94
Trd, 4317878.243, 92
Trd, 4317880.543, 96
Trd, 4317881.643, 96
Trd, 4317882.743, 96
Trd, 4317885.593, 95
Trd, 4317885.893, 96
Trd, 4317887.043, 96
Trd, 4317887.393, 82
Trd, 4317888.643, 90
Trd, 4317889.593, 86
Trd, 4317890.743, 86
Trd, 4317890.843, 86
Trd, 4317891.593, 104
Trd, 4317898.143, 88
Trd, 4317901.343, 91
Trd, 4317902.393, 91
Trd, 4317903.193, 88
Trd, 4317904.293, 95
Trd, 4317905.693, 88
Trd, 4317909.793, 90
Trd, 4317912.093, 89
Trd, 4317912.293, 91
Trd, 4317915.393, 93
Trd, 4317916.093, 92
Trd, 4317918.743, 92
Trd, 4317919.093, 92
Trd, 4317920.593, 92
Trd, 4317922.193, 92
Trd, 4317923.543, 93
Trd, 4317924.143, 91
Trd, 4317924.993, 95
Trd, 4317925.093, 90
Trd, 4317925.593, 105
Trd, 4317927.643, 95
Trd, 4317930.243, 96
Trd, 4317931.193, 95
Trd, 4317932.093, 94
Trd, 4317932.693, 94
Trd, 4317935.943, 96
Trd, 4317936.943, 94
Trd, 4317937.693, 96
Trd, 4317939.793, 93
Trd, 4317940.493, 95
Trd, 4317941.493, 92
Trd, 4317944.993, 95
Trd, 4317945.193, 91
Trd, 4317946.143, 93
Trd, 4317948.743, 94
Trd, 4317950.993, 94
Trd, 4317951.143, 90
Trd, 4317955.643, 89
Trd, 4317959.243, 88
Trd, 4317959.643, 91
Trd, 4317963.443, 88
Trd, 4317963.593, 88
Trd, 4317968.043, 91
Trd, 4317975.043, 87
Trd, 4317976.693, 87
Trd, 4317978.393, 89
Trd, 4317980.343, 88
Trd, 4317982.393, 86
Trd, 4317985.193, 87
Trd, 4317986.593, 87
Trd, 4317989.093, 85
Trd, 4317989.293, 87
Trd, 4317993.843, 87
Trd, 4317994.693, 84
Trd, 4317995.393, 87
Trd, 4317996.643, 88
Trd, 4317997.043, 90
Trd, 4317998.843, 95
Trd, 4317999.293, 93
Trd, 4317999.343, 93
Trd, 4318000.643, 105
Trd, 4318003.293, 104
Trd, 4318003.343, 100
Trd, 4318003.843, 96
Trd, 4318006.093, 94
Trd, 4318008.943, 94
Trd, 4318009.393, 93
Trd, 4318009.643, 95
Trd, 4318010.993, 94
Trd, 4318012.043, 104
Trd, 4318013.893, 85
Trd, 4318014.293, 94
Trd, 4318015.593, 95
Trd, 4318017.543, 86
Trd, 4318018.193, 93
Trd, 4318019.643, 87
Trd, 4318021.993, 88
Trd, 4318022.943, 95
Trd, 4318023.493, 104
Trd, 4318024.493, 89
Trd, 4318025.593, 94
Trd, 4318027.743, 93
Trd, 4318029.343, 93
Trd, 4318033.293, 93
Trd, 4318034.043, 83
Trd, 4318037.843, 92
Trd, 4318041.193, 103
Trd, 4318042.543, 94
Trd, 4318045.043, 95
Trd, 4318046.743, 95
Trd, 4318047.243, 93
Trd, 4318048.293, 95
Trd, 4318048.343, 96
Trd, 4318048.493, 92
Trd, 4318051.693, 94
Trd, 4318053.693, 91
Trd, 4318056.393, 93
Trd, 4318056.643, 91
Trd, 4318058.043, 94
Trd, 4318061.443, 90
Trd, 4318063.443, 94
Trd, 4318064.943, 93
Trd, 4318065.743, 90
Trd, 4318067.393, 92
Trd, 4318067.643, 95
Trd, 4318069.493, 91
Trd, 4318069.893, 94
Trd, 4318070.593, 94
Trd, 4318071.343, 89
Trd, 4318072.043, 95
Trd, 4318072.143, 88
Trd, 4318073.143, 95
Trd, 4318077.043, 92
Trd, 4318079.593, 92
Trd, 4318081.643, 87
Trd, 4318082.343, 95
Trd, 4318083.093, 92
Trd, 4318085.393, 92
Trd, 4318086.693, 92
Trd, 4318087.893, 92
Trd, 4318091.693, 89
Trd, 4318092.743, 92
Trd, 4318093.143, 93
Trd, 4318094.393, 93
Trd, 4318094.693, 95
Trd, 4318095.193, 130
Trd, 4318096.243, 104
Trd, 4318097.493, 82
Trd, 4318099.343, 83
Trd, 4318102.043, 91
Trd, 4318102.293, 95
Trd, 4318102.643, 90
Trd, 4318103.243, 91
Trd, 4318104.443, 103
Trd, 4318108.243, 93
Trd, 4318108.343, 94
Trd, 4318111.893, 94
Trd, 4318112.943, 92
Trd, 4318114.293, 95
Trd, 4318114.893, 91
Trd, 4318115.343, 79
Trd, 4318116.293, 96
Trd, 4318119.843, 94
Trd, 4318120.293, 93
Trd, 4318122.693, 95
Trd, 4318123.843, 95
Trd, 4318124.693, 103
Trd, 4318124.993, 108
Trd, 4318126.043, 101
Trd, 4318126.543, 102
Trd, 4318127.443, 101
Trd, 4318128.793, 100
Trd, 4318130.543, 90
Trd, 4318131.343, 94
Trd, 4318131.893, 96
Trd, 4318134.193, 95
Trd, 4318135.693, 94
Trd, 4318137.043, 95
Trd, 4318139.393, 93
Trd, 4318140.143, 93
Trd, 4318141.093, 95
Trd, 4318143.643, 92
Trd, 4318146.343, 93
Trd, 4318147.293, 95
Trd, 4318147.943, 95
Trd, 4318148.943, 92
Trd, 4318153.143, 91
Trd, 4318154.593, 95
Trd, 4318155.543, 91
Trd, 4318155.743, 95
Trd, 4318157.043, 90
Trd, 4318157.993, 93
Trd, 4318158.743, 90
Trd, 4318160.493, 90
Trd, 4318161.693, 90
Trd, 4318162.093, 95
Trd, 4318162.943, 89
Trd, 4318164.293, 88
Trd, 4318167.793, 87
Trd, 4318168.043, 89
Trd, 4318169.943, 89
Trd, 4318173.743, 89
Trd, 4318174.793, 89
Trd, 4318178.143, 89
Trd, 4318179.543, 89
Trd, 4318180.593, 93
Trd, 4318180.893, 95
Trd, 4318183.593, 90
Trd, 4318184.943, 89
Trd, 4318185.393, 91
Trd, 4318185.943, 89
Trd, 4318186.443, 91
Trd, 4318186.943, 91
Trd, 4318186.993, 95
Trd, 4318189.343, 89
Trd, 4318191.993, 94
Trd, 4318195.393, 93
Trd, 4318196.893, 91
Trd, 4318199.743, 92
Trd, 4318203.143, 90
Trd, 4318205.043, 91
Trd, 4318206.293, 90
Trd, 4318206.743, 90
Trd, 4318210.793, 89
Trd, 4318212.093, 90
Trd, 4318212.693, 90
Trd, 4318212.743, 89
Trd, 4318215.693, 88
Trd, 4318215.743, 95
Trd, 4318218.793, 91
Trd, 4318222.343, 87
Trd, 4318224.293, 91
Trd, 4318226.793, 91
Trd, 4318227.043, 88
Trd, 4318227.343, 89
Trd, 4318228.393, 91
Trd, 4318228.893, 95
Trd, 4318230.243, 93
Trd, 4318235.493, 91
Trd, 4318236.193, 88
Trd, 4318237.093, 91
Trd, 4318238.293, 87
Trd, 4318238.743, 91
Trd, 4318242.643, 89
Trd, 4318242.943, 90
Trd, 4318244.593, 88
Trd, 4318247.893, 90
Trd, 4318248.293, 87
Trd, 4318248.743, 90
Trd, 4318252.843, 89
Trd, 4318253.243, 95
Trd, 4318253.293, 139
Trd, 4318257.093, 92
Trd, 4318257.193, 97
Trd, 4318258.243, 91
Trd, 4318259.843, 98
Trd, 4318260.643, 96
Trd, 4318261.143, 96
Trd, 4318263.043, 95
Trd, 4318265.243, 94
Trd, 4318266.293, 95
Trd, 4318268.593, 95
Trd, 4318268.693, 93
Trd, 4318269.743, 92
Trd, 4318278.043, 95
Trd, 4318278.643, 92
Trd, 4318280.543, 91
Trd, 4318281.193, 92
Trd, 4318282.043, 90
Trd, 4318284.393, 91
Trd, 4318285.493, 89
Trd, 4318286.843, 92
Trd, 4318289.393, 91
Trd, 4318289.793, 90
Trd, 4318291.943, 92
Trd, 4318292.693, 95
Trd, 4318295.043, 93
Trd, 4318295.743, 90
Trd, 4318297.493, 90
Trd, 4318299.143, 90
Trd, 4318299.843, 91
Trd, 4318300.143, 95
Trd, 4318300.393, 93
Trd, 4318302.693, 89
Trd, 4318303.493, 88
Trd, 4318306.043, 92
Trd, 4318307.093, 92
Trd, 4318308.093, 89
Trd, 4318315.693, 91
Trd, 4318315.893, 95
Trd, 4318316.343, 88
Trd, 4318316.393, 88
Trd, 4318320.443, 93
Trd, 4318321.343, 88
Trd, 4318321.593, 107
Trd, 4318322.093, 89
Trd, 4318323.143, 106
Trd, 4318325.493, 90
Trd, 4318326.743, 90
Trd, 4318326.893, 93
Trd, 4318327.943, 95
Trd, 4318328.493, 87
Trd, 4318329.443, 91
Trd, 4318331.443, 90
Trd, 4318333.543, 96
Trd, 4318334.493, 92
Trd, 4318334.743, 95
Trd, 4318337.243, 97
Trd, 4318338.743, 97
Trd, 4318338.943, 96
Trd, 4318339.243, 94
Trd, 4318339.293, 107
Trd, 4318340.443, 94
Trd, 4318345.043, 96
Trd, 4318345.343, 97
Trd, 4318346.593, 97
Trd, 4318347.093, 95
Trd, 4318347.743, 106
Trd, 4318348.293, 87
Trd, 4318352.643, 94
Trd, 4318352.693, 95
Trd, 4318355.343, 94
Trd, 4318356.293, 92
Trd, 4318357.993, 95
Trd, 4318359.843, 93
Trd, 4318362.693, 94
Trd, 4318363.093, 91
Trd, 4318363.143, 91
Trd, 4318363.793, 88
Trd, 4318365.043, 87
Trd, 4318367.593, 95
Trd, 4318368.193, 91
Trd, 4318368.443, 89
Trd, 4318368.593, 106
Trd, 4318371.043, 89
Trd, 4318371.193, 88
Trd, 4318371.843, 95
Trd, 4318373.643, 88
Trd, 4318375.043, 99
Trd, 4318377.393, 94
Trd, 4318378.243, 94
Trd, 4318379.443, 92
Trd, 4318381.043, 94
Trd, 4318383.043, 95
Trd, 4318384.493, 95
Trd, 4318384.843, 106
Trd, 4318385.743, 94
Trd, 4318386.693, 95
Trd, 4318389.893, 96
Trd, 4318390.093, 97
Trd, 4318390.843, 97
Trd, 4318391.493, 106
Trd, 4318392.443, 94
Trd, 4318393.093, 92
Trd, 4318393.343, 85
Trd, 4318396.743, 86
Trd, 4318398.493, 84
Trd, 4318399.643, 86
Trd, 4318400.793, 92
Trd, 4318401.693, 95
Trd, 4318404.993, 87
Trd, 4318406.493, 85
Trd, 4318409.593, 87
Trd, 4318410.393, 87
Trd, 4318412.343, 86
Trd, 4318413.393, 86
Trd, 4318413.543, 87
Trd, 4318413.693, 95
Trd, 4318415.543, 93
Trd, 4318418.193, 92
Trd, 4318420.993, 91
Trd, 4318422.293, 95
Trd, 4318424.443, 90
Trd, 4318424.893, 93
Trd, 4318427.343, 90
Trd, 4318427.743, 93
Trd, 4318430.043, 105
Trd, 4318430.443, 118
Trd, 4318430.843, 109
Trd, 4318431.393, 103
Trd, 4318433.893, 106
Trd, 4318434.043, 106
Trd, 4318435.343, 103
Trd, 4318436.043, 101
Trd, 4318436.743, 101
Trd, 4318438.443, 102
Trd, 4318439.893, 102
Trd, 4318441.293, 100
Trd, 4318441.843, 97
Trd, 4318444.593, 99
Trd, 4318445.143, 102
Trd, 4318446.543, 98
Trd, 4318448.893, 101
Trd, 4318449.393, 97
Trd, 4318450.293, 101
Trd, 4318451.993, 100
Trd, 4318452.393, 100
Trd, 4318454.043, 97
Trd, 4318454.293, 96
Trd, 4318455.293, 96
Trd, 4318455.943, 97
Trd, 4318457.243, 99
Trd, 4318460.993, 95
Trd, 4318461.743, 94
Trd, 4318462.843, 97
Trd, 4318463.093, 99
Trd, 4318465.043, 97
Trd, 4318466.743, 94
Trd, 4318471.243, 94
Trd, 4318471.893, 95
Trd, 4318472.243, 94
Trd, 4318474.143, 95
Trd, 4318474.493, 93
Trd, 4318476.993, 94
Trd, 4318479.193, 92
Trd, 4318480.643, 95
Trd, 4318481.143, 94
Trd, 4318481.493, 95
Trd, 4318484.193, 94
Trd, 4318484.743, 92
Trd, 4318485.443, 95
Trd, 4318485.593, 91
Trd, 4318487.793, 111
Trd, 4318487.943, 109
Trd, 4318488.693, 104
Trd, 4318491.193, 100
Trd, 4318492.343, 90
Trd, 4318493.693, 79
Trd, 4318495.593, 80
Trd, 4318496.493, 80
Trd, 4318498.193, 80
Trd, 4318499.093, 103
Trd, 4318502.143, 95
Trd, 4318502.593, 86
Trd, 4318502.993, 91
Trd, 4318505.793, 92
Trd, 4318506.843, 95
Trd, 4318507.493, 90
Trd, 4318510.143, 94
Trd, 4318512.993, 91
Trd, 4318514.243, 95
Trd, 4318516.643, 91
Trd, 4318517.293, 90
Trd, 4318520.493, 93
Trd, 4318522.143, 95
Trd, 4318523.893, 92
Trd, 4318524.343, 93
Trd, 4318524.493, 90
Trd, 4318528.993, 93
Trd, 4318529.243, 89
Trd, 4318529.343, 89
Trd, 4318530.143, 93
Trd, 4318532.843, 93
Trd, 4318534.343, 89
Trd, 4318536.443, 88
Trd, 4318536.893, 90
Trd, 4318537.193, 88
Trd, 4318538.893, 87
Trd, 4318538.993, 90
Trd, 4318542.943, 89
Trd, 4318543.893, 90
Trd, 4318545.193, 86
Trd, 4318546.493, 86
Trd, 4318547.043, 90
Trd, 4318548.443, 90
Trd, 4318550.193, 103
Trd, 4318550.343, 98
Trd, 4318550.843, 100
Trd, 4318551.293, 104
Trd, 4318552.843, 92
Trd, 4318554.893, 88
Trd, 4318556.093, 89
Trd, 4318559.193, 93
Trd, 4318560.493, 95
Trd, 4318562.843, 93
Trd, 4318566.993, 93
Trd, 4318567.443, 94
Trd, 4318568.493, 95
Trd, 4318570.243, 92
Trd, 4318571.893, 94
Trd, 4318573.843, 94
Trd, 4318577.993, 93
Trd, 4318578.793, 91
Trd, 4318580.343, 91
Trd, 4318581.143, 92
Trd, 4318584.543, 92
Trd, 4318584.793, 95
Trd, 4318587.993, 90
Trd, 4318588.393, 89
Trd, 4318588.793, 93
Trd, 4318591.793, 88
Trd, 4318591.993, 93
Trd, 4318596.793, 87
Trd, 4318596.993, 95
Trd, 4318597.443, 94
Trd, 4318597.643, 87
Trd, 4318599.843, 88
Trd, 4318602.143, 88
Trd, 4318603.493, 88
Trd, 4318603.943, 86
Trd, 4318605.293, 88
Trd, 4318606.893, 88
Trd, 4318607.493, 95
Trd, 4318607.893, 86
Trd, 4318608.343, 99
Trd, 4318611.793, 102
Trd, 4318612.443, 104
Trd, 4318613.193, 103
Trd, 4318613.693, 100
Trd, 4318614.343, 99
Trd, 4318615.543, 100
Trd, 4318616.343, 100
Trd, 4318617.793, 100
Trd, 4318618.943, 100
Trd, 4318619.743, 99
Trd, 4318621.043, 88
Trd, 4318622.193, 94
Trd, 4318625.093, 90
Trd, 4318625.843, 93
Trd, 4318628.393, 93
Trd, 4318630.593, 92
Trd, 4318630.893, 91
Trd, 4318631.443, 95
Trd, 4318632.643, 93
Trd, 4318634.943, 90
Trd, 4318637.093, 93
Trd, 4318639.193, 90
Trd, 4318641.443, 89
Trd, 4318642.343, 93
Trd, 4318643.393, 94
Trd, 4318646.193, 92
Trd, 4318646.293, 88
Trd, 4318648.943, 91
Trd, 4318652.643, 91
Trd, 4318652.743, 88
Trd, 4318656.543, 89
Trd, 4318659.893, 89
Trd, 4318663.393, 89
Trd, 4318664.143, 88
Trd, 4318664.243, 95
Trd, 4318667.193, 90
Trd, 4318669.693, 88
Trd, 4318671.193, 87
Trd, 4318671.443, 95
Trd, 4318673.793, 91
Trd, 4318673.843, 87
Trd, 4318675.993, 93
Trd, 4318677.093, 95
Trd, 4318678.093, 106
Trd, 4318680.443, 100
Trd, 4318681.143, 96
Trd, 4318682.743, 96
Trd, 4318683.493, 98
Trd, 4318687.193, 96
Trd, 4318688.343, 95
Trd, 4318689.393, 97
Trd, 4318690.443, 94
Trd, 4318691.543, 104
Trd, 4318694.693, 92
Trd, 4318695.143, 92
Trd, 4318695.293, 93
Trd, 4318697.043, 97
Trd, 4318697.943, 101
Trd, 4318699.443, 95
Trd, 4318701.343, 93
Trd, 4318701.743, 98
Trd, 4318702.593, 91
Trd, 4318704.243, 93
Trd, 4318705.543, 98
Trd, 4318705.743, 105
Trd, 4318707.643, 87
Trd, 4318709.193, 92
Trd, 4318709.243, 95
Trd, 4318710.193, 91
Trd, 4318713.143, 89
Trd, 4318713.543, 94
Trd, 4318714.743, 91
Trd, 4318717.693, 90
Trd, 4318717.743, 90
Trd, 4318718.593, 90
Trd, 4318719.993, 90
Trd, 4318721.043, 95
Trd, 4318725.643, 91
Trd, 4318725.893, 89
Trd, 4318727.893, 92
Trd, 4318733.193, 91
Trd, 4318734.993, 92
Trd, 4318735.293, 95
Trd, 4318737.993, 90
Trd, 4318738.843, 93
Trd, 4318740.893, 90
Trd, 4318741.293, 93
Trd, 4318743.793, 89
Trd, 4318744.393, 88
Trd, 4318745.293, 93
Trd, 4318749.793, 92
Trd, 4318750.093, 105
Trd, 4318752.793, 93
Trd, 4318753.993, 95
Trd, 4318755.793, 92
Trd, 4318757.843, 94
Trd, 4318759.593, 94
Trd, 4318761.393, 91
Trd, 4318761.793, 91
Trd, 4318764.493, 92
Trd, 4318765.443, 92
Trd, 4318766.443, 95
Trd, 4318767.293, 94
Trd, 4318769.293, 93
Trd, 4318769.443, 92
Trd, 4318773.343, 93
Trd, 4318775.043, 91
Trd, 4318775.443, 93
Trd, 4318776.193, 95
Trd, 4318778.993, 92
Trd, 4318780.393, 91
Trd, 4318781.493, 94
Trd, 4318783.343, 94
Trd, 4318783.543, 90
Trd, 4318784.893, 90
Trd, 4318791.443, 93
Trd, 4318793.543, 89
Trd, 4318795.943, 89
Trd, 4318796.143, 93
Trd, 4318796.493, 94
Trd, 4318800.193, 94
Trd, 4318800.643, 89
Trd, 4318805.093, 89
Trd, 4318807.243, 91
Trd, 4318807.393, 91
Trd, 4318808.543, 88
Trd, 4318809.643, 90
Trd, 4318811.743, 90
Trd, 4318815.643, 87
Trd, 4318816.843, 90
Trd, 4318818.293, 90
Trd, 4318818.843, 95
Trd, 4318820.393, 92
Trd, 4318820.493, 91
Trd, 4318821.093, 90
Trd, 4318822.743, 92
Trd, 4318825.043, 89
Trd, 4318829.243, 91
Trd, 4318829.893, 91
Trd, 4318831.293, 89
Trd, 4318831.893, 90
Trd, 4318831.993, 89
Trd, 4318833.143, 95
Trd, 4318835.643, 90
Trd, 4318835.943, 92
Trd, 4318836.043, 90
Trd, 4318836.343, 95
Trd, 4318840.643, 94
Trd, 4318841.043, 98
Trd, 4318841.693, 90
Trd, 4318842.593, 96
Trd, 4318844.593, 95
Trd, 4318845.093, 94
Trd, 4318845.143, 96
Trd, 4318847.493, 105
Trd, 4318849.993, 98
Trd, 4318850.343, 94
Trd, 4318853.043, 88
Trd, 4318854.543, 86
Trd, 4318854.793, 88
Trd, 4318856.343, 89
Trd, 4318856.993, 88
Trd, 4318857.593, 102
Trd, 4318858.593, 105
Trd, 4318860.293, 99
Trd, 4318860.493, 102
Trd, 4318861.143, 98
Trd, 4318862.493, 101
Trd, 4318863.493, 106
Trd, 4318864.643, 101
Trd, 4318866.793, 102
Trd, 4318867.093, 99
Trd, 4318868.293, 91
Trd, 4318869.143, 97
Trd, 4318869.293, 94
Trd, 4318870.893, 92
Trd, 4318871.993, 94
Trd, 4318872.443, 95
Trd, 4318875.393, 94
Trd, 4318875.893, 104
Trd, 4318877.993, 97
Trd, 4318879.343, 97
Trd, 4318879.693, 97
Trd, 4318882.043, 96
Trd, 4318882.243, 97
Trd, 4318883.343, 95
Trd, 4318884.443, 88
Trd, 4318884.793, 90
Trd, 4318889.293, 98
Trd, 4318890.093, 96
Trd, 4318892.743, 93
Trd, 4318896.143, 94
Trd, 4318896.793, 93
Trd, 4318896.843, 93
Trd, 4318897.793, 92
Trd, 4318900.193, 94
Trd, 4318904.393, 94
Trd, 4318905.993, 91
Trd, 4318906.593, 91
Trd, 4318908.193, 94
Trd, 4318909.743, 95
Trd, 4318909.893, 103
Trd, 4318916.143, 96
Trd, 4318917.393, 90
Trd, 4318921.193, 93
Trd, 4318921.493, 95
Trd, 4318922.693, 92
Trd, 4318923.793, 91
Trd, 4318926.393, 95
Trd, 4318928.743, 95
Trd, 4318928.943, 91
Trd, 4318930.993, 95
Trd, 4318932.293, 106
Trd, 4318932.643, 103
Trd, 4318933.893, 95
Trd, 4318934.293, 94
Trd, 4318935.443, 97
Trd, 4318936.493, 98
Trd, 4318937.343, 99
Trd, 4318940.093, 87
Trd, 4318940.443, 92
Trd, 4318941.443, 84
Trd, 4318942.043, 95
Trd, 4318943.343, 102
Trd, 4318944.443, 103
Trd, 4318945.743, 93
Trd, 4318945.993, 96
Trd, 4318946.943, 106
Trd, 4318948.143, 102
Trd, 4318948.993, 103
Trd, 4318949.893, 89
Trd, 4318950.843, 98
Trd, 4318953.393, 84
Trd, 4318954.493, 85
Trd, 4318954.943, 84
Trd, 4318955.343, 96
Trd, 4318955.643, 89
Trd, 4318957.543, 90
Trd, 4318957.943, 89
Trd, 4318959.993, 95
Trd, 4318961.293, 91
Trd, 4318962.993, 105
Trd, 4318964.843, 92
Trd, 4318966.043, 94
Trd, 4318967.693, 91
Trd, 4318968.393, 95
Trd, 4318970.693, 90
Trd, 4318971.343, 93
Trd, 4318973.793, 95
Trd, 4318974.193, 94
Trd, 4318975.443, 93
Trd, 4318976.243, 93
Trd, 4318977.593, 94
Trd, 4318978.743, 92
Trd, 4318979.393, 91
Trd, 4318985.243, 92
Trd, 4318985.393, 93
Trd, 4318985.493, 91
Trd, 4318988.043, 95
Trd, 4318989.243, 99
Trd, 4318989.543, 97
Trd, 4318990.393, 96
Trd, 4318993.093, 96
Trd, 4318993.543, 96
Trd, 4318993.993, 88
Trd, 4318996.743, 93
Trd, 4318997.493, 86
Trd, 4318999.193, 89
Trd, 4319000.093, 88
Trd, 4319003.743, 95
Trd, 4319004.743, 95
Trd, 4319005.143, 94
Trd, 4319005.193, 106
Trd, 4319005.543, 109
Trd, 4319008.793, 102
Trd, 4319009.043, 95
Trd, 4319010.743, 99
Trd, 4319012.643, 96
Trd, 4319013.593, 96
Trd, 4319014.943, 90
Trd, 4319015.393, 107
Trd, 4319015.993, 90
Trd, 4319018.243, 91
Trd, 4319019.143, 95
Trd, 4319020.993, 94
Trd, 4319022.493, 92
Trd, 4319026.743, 94
Trd, 4319027.843, 94
Trd, 4319030.443, 92
Trd, 4319031.243, 92
Trd, 4319031.593, 92
Trd, 4319032.443, 91
Trd, 4319032.743, 93
Trd, 4319034.143, 90
Trd, 4319036.143, 93
Trd, 4319037.593, 101
Trd, 4319038.443, 96
Trd, 4319039.093, 97
Trd, 4319039.943, 97
Trd, 4319042.143, 95
Trd, 4319042.643, 104
Trd, 4319045.393, 99
Trd, 4319045.743, 95
Trd, 4319048.993, 95
Trd, 4319049.443, 94
Trd, 4319049.643, 97
Trd, 4319051.643, 97
Trd, 4319052.143, 97
Trd, 4319055.943, 94
Trd, 4319056.893, 93
Trd, 4319057.843, 92
Trd, 4319058.493, 92
Trd, 4319058.693, 96
Trd, 4319061.093, 96
Trd, 4319063.893, 91
Trd, 4319065.143, 95
Trd, 4319067.543, 95
Trd, 4319073.693, 91
Trd, 4319075.843, 94
Trd, 4319076.393, 89
Trd, 4319076.493, 94
Trd, 4319077.843, 94
Trd, 4319079.043, 90
Trd, 4319079.393, 95
Trd, 4319083.743, 90
Trd, 4319084.193, 95
Trd, 4319085.643, 96
Trd, 4319089.193, 95
Trd, 4319089.543, 96
Trd, 4319090.543, 86
Trd, 4319092.293, 83
Trd, 4319092.493, 86
Trd, 4319093.493, 87
Trd, 4319095.143, 87
Trd, 4319096.143, 95
Trd, 4319097.743, 97
Trd, 4319097.943, 92
Trd, 4319098.043, 86
Trd, 4319100.643, 95
Trd, 4319101.543, 90
Trd, 4319104.143, 91
Trd, 4319106.293, 89
Trd, 4319106.593, 92
Trd, 4319108.393, 92
Trd, 4319108.593, 89
Trd, 4319110.343, 92
Trd, 4319110.393, 88
Trd, 4319110.693, 95
Trd, 4319114.793, 90
Trd, 4319117.193, 87
Trd, 4319118.443, 90
Trd, 4319118.493, 90
Trd, 4319118.793, 95
Trd, 4319118.893, 102
Trd, 4319121.993, 94
Trd, 4319122.693, 94
Trd, 4319124.543, 95
Trd, 4319127.543, 94
Trd, 4319132.293, 94
Trd, 4319133.143, 95
Trd, 4319133.593, 93
Trd, 4319134.593, 92
Trd, 4319135.493, 92
Trd, 4319138.393, 95
Trd, 4319139.493, 95
Trd, 4319140.043, 94
Trd, 4319140.293, 105
Trd, 4319140.343, 94
Trd, 4319145.193, 96
Trd, 4319146.293, 94
Trd, 4319147.893, 94
Trd, 4319152.743, 94
Trd, 4319153.193, 96
Trd, 4319153.893, 94
Trd, 4319154.893, 95
Trd, 4319155.893, 93
Trd, 4319157.143, 92
Trd, 4319158.543, 91
Trd, 4319162.293, 90
Trd, 4319162.593, 90
Trd, 4319165.093, 93
Trd, 4319168.543, 93
Trd, 4319168.693, 90
Trd, 4319169.093, 93
Trd, 4319169.893, 93
Trd, 4319173.843, 92
Trd, 4319174.693, 95
Trd, 4319174.993, 95
Trd, 4319175.993, 94
Trd, 4319177.043, 105
Trd, 4319177.693, 103
Trd, 4319178.843, 102
Trd, 4319180.393, 98
Trd, 4319181.043, 88
Trd, 4319181.393, 93
Trd, 4319182.393, 90
Trd, 4319186.493, 104
Trd, 4319186.943, 104
Trd, 4319187.443, 99
Trd, 4319189.193, 101
Trd, 4319189.693, 99
Trd, 4319190.243, 96
Trd, 4319191.593, 88
Trd, 4319191.793, 93
Trd, 4319192.543, 104
Trd, 4319193.293, 92
Trd, 4319193.543, 93
Trd, 4319196.293, 89
Trd, 4319197.043, 92
Trd, 4319197.643, 95
Trd, 4319198.293, 93
Trd, 4319203.893, 92
Trd, 4319205.043, 93
Trd, 4319205.193, 94
Trd, 4319205.243, 91
Trd, 4319206.893, 91
Trd, 4319207.443, 90
Trd, 4319211.793, 94
Trd, 4319212.293, 95
Trd, 4319217.793, 90
Trd, 4319218.693, 95
Trd, 4319218.743, 93
Trd, 4319220.993, 92
Trd, 4319222.493, 95
Trd, 4319224.143, 90
Trd, 4319225.593, 100
Trd, 4319225.643, 105
Trd, 4319227.993, 95
Trd, 4319231.643, 97
Trd, 4319234.393, 94
Trd, 4319235.693, 93
Trd, 4319236.193, 95
Trd, 4319237.693, 93
Trd, 4319238.593, 88
Trd, 4319239.043, 87
Trd, 4319239.493, 86
Trd, 4319241.643, 86
Trd, 4319243.943, 87
Trd, 4319247.543, 91
Trd, 4319247.593, 95
Trd, 4319247.943, 87
Trd, 4319250.043, 90
Trd, 4319250.343, 91
Trd, 4319251.693, 86
Trd, 4319254.293, 91
Trd, 4319255.143, 91
Trd, 4319255.493, 104
Trd, 4319256.943, 85
Trd, 4319258.593, 95
Trd, 4319262.193, 88
Trd, 4319263.243, 89
Trd, 4319265.343, 94
Trd, 4319265.993, 95
Trd, 4319269.343, 93
Trd, 4319270.893, 92
Trd, 4319271.643, 89
Trd, 4319276.843, 95
Trd, 4319277.493, 88
Trd, 4319279.093, 88
Trd, 4319280.243, 93
Trd, 4319280.643, 87
Trd, 4319282.443, 93
Trd, 4319282.793, 86
Trd, 4319286.093, 90
Trd, 4319290.243, 90
Trd, 4319292.193, 87
Trd, 4319294.793, 88
Trd, 4319295.093, 89
Trd, 4319298.343, 89
Trd, 4319300.443, 89
Trd, 4319303.043, 88
Trd, 4319303.293, 89
Trd, 4319304.243, 88
Trd, 4319304.793, 134
Trd, 4319308.193, 88
Trd, 4319311.143, 88
Trd, 4319312.243, 89
Trd, 4319313.793, 95
Trd, 4319317.493, 90
Trd, 4319318.093, 87
Trd, 4319320.993, 88
Trd, 4319322.643, 86
Trd, 4319324.343, 87
Trd, 4319324.493, 88
Trd, 4319327.693, 87
Trd, 4319328.243, 105
Trd, 4319330.293, 92
Trd, 4319331.743, 85
Trd, 4319336.893, 88
Trd, 4319339.393, 86
Trd, 4319339.943, 86
Trd, 4319343.093, 92
Trd, 4319344.693, 95
Trd, 4319346.593, 78
Trd, 4319347.493, 83
Trd, 4319347.643, 88
Trd, 4319348.143, 86
Trd, 4319348.243, 86
Trd, 4319352.043, 86
Trd, 4319353.193, 95
Trd, 4319353.793, 92
Trd, 4319354.493, 89
Trd, 4319356.493, 89
Trd, 4319357.243, 90
Trd, 4319358.943, 93
Trd, 4319359.193, 89
Trd, 4319360.243, 98
Trd, 4319361.593, 97
Trd, 4319362.943, 96
Trd, 4319364.243, 95
Trd, 4319364.993, 80
Trd, 4319365.693, 93
Trd, 4319366.543, 88
Trd, 4319369.593, 93
Trd, 4319370.193, 95
Trd, 4319372.343, 130
Trd, 4319373.343, 92
Trd, 4319377.043, 97
Trd, 4319377.293, 99
Trd, 4319381.293, 98
Trd, 4319382.743, 98
Trd, 4319383.943, 96
Trd, 4319384.993, 99
Trd, 4319389.193, 96
Trd, 4319389.693, 96
Trd, 4319389.843, 97
Trd, 4319391.293, 96
Trd, 4319391.593, 107
Trd, 4319394.593, 99
Trd, 4319394.993, 95
Trd, 4319397.643, 94
Trd, 4319399.643, 99
Trd, 4319400.043, 95
Trd, 4319401.343, 91
Trd, 4319403.543, 91
Trd, 4319403.793, 90
Trd, 4319405.893, 90
Trd, 4319406.293, 108
Trd, 4319407.043, 90
Trd, 4319408.093, 95
Trd, 4319408.593, 98
Trd, 4319411.843, 88
Trd, 4319412.193, 90
Trd, 4319414.443, 96
Trd, 4319415.243, 89
Trd, 4319415.443, 91
Trd, 4319416.643, 91
Trd, 4319418.143, 105
Trd, 4319419.293, 96
Trd, 4319421.143, 97
Trd, 4319421.793, 97
Trd, 4319422.043, 95
Trd, 4319422.693, 97
Trd, 4319425.843, 104
Trd, 4319427.193, 94
Trd, 4319427.943, 95
Trd, 4319428.693, 93
Trd, 4319433.393, 96
Trd, 4319435.493, 95
Trd, 4319436.943, 94
Trd, 4319438.693, 93
Trd, 4319443.243, 95
Trd, 4319444.443, 96
Trd, 4319446.543, 93
Trd, 4319450.793, 95
Trd, 4319451.293, 94
Trd, 4319451.843, 92
Trd, 4319452.143, 95
Trd, 4319453.143, 95
Trd, 4319454.143, 94
Trd, 4319455.743, 94
Trd, 4319459.793, 94
Trd, 4319460.143, 92
Trd, 4319461.843, 91
Trd, 4319465.093, 91
Trd, 4319466.343, 90
Trd, 4319470.493, 92
Trd, 4319471.593, 89
Trd, 4319471.893, 90
Trd, 4319476.093, 90
Trd, 4319476.843, 88
Trd, 4319477.193, 90
Trd, 4319482.143, 89
Trd, 4319482.843, 90
Trd, 4319484.543, 89
Trd, 4319484.693, 91
Trd, 4319485.543, 95
Trd, 4319485.743, 104
Trd, 4319491.543, 90
Trd, 4319492.143, 92
Trd, 4319494.443, 93
Trd, 4319497.343, 89
Trd, 4319498.743, 91
Trd, 4319499.243, 95
Trd, 4319500.143, 97
Trd, 4319502.093, 93
Trd, 4319502.493, 88
Trd, 4319504.193, 91
Trd, 4319505.043, 93
Trd, 4319508.443, 94
Trd, 4319508.793, 91
Trd, 4319509.093, 101
Trd, 4319514.093, 94
Trd, 4319514.143, 95
Trd, 4319514.593, 95
Trd, 4319516.593, 96
Trd, 4319517.143, 94
Trd, 4319517.743, 93
Trd, 4319520.143, 95
Trd, 4319520.943, 94
Trd, 4319523.743, 93
Trd, 4319525.693, 94
Trd, 4319526.293, 93
Trd, 4319526.543, 95
Trd, 4319527.593, 94
Trd, 4319531.943, 94
Trd, 4319533.393, 93
Trd, 4319537.643, 92
Trd, 4319538.193, 95
Trd, 4319539.143, 95
Trd, 4319540.243, 91
Trd, 4319542.843, 94
Trd, 4319544.443, 94
Trd, 4319546.693, 90
Trd, 4319547.143, 92
Trd, 4319547.293, 95
Trd, 4319549.593, 91
Trd, 4319551.643, 91
Trd, 4319552.443, 91
Trd, 4319554.643, 90
Trd, 4319555.993, 95
Trd, 4319556.543, 90
Trd, 4319559.743, 90
Trd, 4319561.593, 89
Trd, 4319563.643, 92
Trd, 4319564.643, 91
Trd, 4319570.543, 89
Trd, 4319572.543, 89
Trd, 4319572.893, 89
Trd, 4319573.293, 88
Trd, 4319573.543, 88
Trd, 4319578.543, 89
Trd, 4319578.943, 87
Trd, 4319580.843, 89
Trd, 4319582.493, 95
Trd, 4319586.993, 91
Trd, 4319587.243, 95
Trd, 4319587.743, 90
Trd, 4319588.143, 90
Trd, 4319588.343, 89
Trd, 4319589.143, 104
Trd, 4319593.043, 96
Trd, 4319593.443, 90
Trd, 4319594.243, 91
Trd, 4319594.793, 90
Trd, 4319595.993, 95
Trd, 4319600.293, 89
Trd, 4319601.293, 93
Trd, 4319602.093, 88
Trd, 4319602.343, 95
Trd, 4319603.293, 94
Trd, 4319605.293, 103
Trd, 4319606.193, 98
Trd, 4319607.743, 100
Trd, 4319607.793, 99
Trd, 4319608.743, 99
Trd, 4319610.243, 98
Trd, 4319611.893, 96
Trd, 4319615.593, 98
Trd, 4319616.443, 97
Trd, 4319617.893, 84
Trd, 4319618.043, 90
Trd, 4319618.543, 95
Trd, 4319619.993, 84
Trd, 4319621.043, 86
Trd, 4319621.693, 88
Trd, 4319622.643, 81
Trd, 4319624.343, 89
Trd, 4319625.593, 89
Trd, 4319626.693, 90
Trd, 4319627.543, 95
Trd, 4319630.443, 92
Trd, 4319632.293, 101
Trd, 4319632.943, 94
Trd, 4319636.743, 96
Trd, 4319637.443, 95
Trd, 4319638.293, 94
Trd, 4319639.393, 93
Trd, 4319639.643, 94
Trd, 4319640.143, 94
Trd, 4319641.193, 105
Trd, 4319642.393, 96
Trd, 4319642.593, 97
Trd, 4319644.443, 97
Trd, 4319646.343, 98
Trd, 4319648.143, 88
Trd, 4319648.243, 107
Trd, 4319650.643, 94
Trd, 4319651.543, 97
Trd, 4319653.543, 93
Trd, 4319659.093, 96
Trd, 4319660.593, 97
Trd, 4319664.193, 96
Trd, 4319664.943, 94
Trd, 4319665.293, 93
Trd, 4319665.743, 107
Trd, 4319668.193, 93
Trd, 4319668.593, 97
Trd, 4319669.543, 92
Trd, 4319671.993, 92
Trd, 4319674.493, 94
Trd, 4319675.493, 94
Trd, 4319675.693, 95
Trd, 4319676.343, 95
Trd, 4319676.993, 94
Trd, 4319680.793, 94
Trd, 4319681.793, 94
Trd, 4319682.243, 93
Trd, 4319684.743, 94
Trd, 4319686.243, 92
Trd, 4319688.543, 92
Trd, 4319689.393, 94
Trd, 4319690.193, 91
Trd, 4319691.743, 95
Trd, 4319694.243, 90
Trd, 4319700.843, 95
Trd, 4319701.193, 95
Trd, 4319705.293, 95
Trd, 4319705.993, 92
Trd, 4319706.993, 90
Trd, 4319710.193, 90
Trd, 4319710.293, 94
Trd, 4319711.643, 94
Trd, 4319712.643, 90
Trd, 4319715.343, 95
Trd, 4319716.343, 95
Trd, 4319717.843, 92
Trd, 4319722.793, 94
Trd, 4319723.443, 94
Trd, 4319723.893, 95
Trd, 4319725.693, 92
Trd, 4319727.743, 92
Trd, 4319727.943, 94
Trd, 4319730.243, 91
Trd, 4319730.793, 91
Trd, 4319731.343, 94
Trd, 4319736.893, 95
Trd, 4319738.093, 92
Trd, 4319738.243, 95
Trd, 4319740.293, 92
Trd, 4319741.393, 92
Trd, 4319745.193, 92
Trd, 4319748.593, 90
Trd, 4319750.393, 93
Trd, 4319751.493, 92
Trd, 4319753.193, 93
Trd, 4319756.793, 91
Trd, 4319757.843, 90
Trd, 4319760.243, 93
Trd, 4319761.443, 94
Trd, 4319761.893, 92
Trd, 4319763.443, 89
Trd, 4319771.343, 91
Trd, 4319772.043, 92
Trd, 4319775.593, 92
Trd, 4319777.143, 91
Trd, 4319778.693, 92
Trd, 4319781.743, 89
Trd, 4319781.893, 92
Trd, 4319782.293, 92
Trd, 4319782.393, 89
Trd, 4319784.943, 92
Trd, 4319788.943, 92
Trd, 4319791.143, 92
Trd, 4319791.243, 90
Trd, 4319792.793, 89
Trd, 4319798.193, 92
Trd, 4319800.443, 90
Trd, 4319801.443, 93
Trd, 4319802.243, 89
Trd, 4319802.393, 94
Trd, 4319805.693, 91
Trd, 4319805.893, 95
Trd, 4319809.093, 93
Trd, 4319809.243, 89
Trd, 4319811.143, 88
Trd, 4319813.043, 88
Trd, 4319813.093, 89
Trd, 4319815.043, 89
Trd, 4319816.693, 87
Trd, 4319817.543, 89
Trd, 4319821.943, 89
Trd, 4319822.343, 88
Trd, 4319822.743, 89
Trd, 4319827.043, 88
Trd, 4319827.743, 88
Trd, 4319828.293, 94
Trd, 4319828.593, 87
Trd, 4319831.843, 86
Trd, 4319835.393, 89
Trd, 4319836.493, 89
Trd, 4319839.793, 86
Trd, 4319840.843, 86
Trd, 4319841.793, 88
Trd, 4319842.193, 89
Trd, 4319845.693, 90
Trd, 4319846.943, 86
Trd, 4319850.343, 88
Trd, 4319851.193, 87
Trd, 4319852.143, 86
Trd, 4319853.443, 86
Trd, 4319855.493, 87
Trd, 4319856.493, 95
Trd, 4319856.693, 108
Trd, 4319857.193, 103
Trd, 4319857.393, 102
Trd, 4319858.243, 103
Trd, 4319861.443, 99
Trd, 4319861.943, 101
Trd, 4319863.443, 101
Trd, 4319865.393, 91
Trd, 4319866.143, 97
Trd, 4319867.993, 92
Trd, 4319868.743, 90
Trd, 4319870.693, 86
Trd, 4319871.193, 95
Trd, 4319872.093, 95
Trd, 4319872.343, 105
Trd, 4319877.243, 90
Trd, 4319877.943, 89
Trd, 4319878.293, 93
Trd, 4319879.893, 94
Trd, 4319880.893, 95
Trd, 4319881.943, 122
Trd, 4319882.593, 102
Trd, 4319882.793, 108
Trd, 4319883.143, 92
Trd, 4319886.643, 99
Trd, 4319887.243, 96
Trd, 4319889.293, 84
Trd, 4319889.443, 107
Trd, 4319891.243, 94
Trd, 4319892.093, 92
Trd, 4319893.443, 93
Trd, 4319896.243, 93
Trd, 4319896.443, 95
Trd, 4319897.743, 104
Trd, 4319899.843, 92
Trd, 4319900.543, 85
Trd, 4319901.093, 96
Trd, 4319903.043, 89
Trd, 4319904.143, 86
Trd, 4319904.293, 87
Trd, 4319905.893, 95
Trd, 4319906.593, 105
Trd, 4319909.893, 94
Trd, 4319910.243, 92
Trd, 4319912.043, 92
Trd, 4319912.393, 95
Trd, 4319914.493, 91
Trd, 4319916.343, 91
Trd, 4319918.393, 88
Trd, 4319919.043, 88
Trd, 4319920.393, 95
Trd, 4319921.293, 106
Trd, 4319922.543, 96
Trd, 4319924.393, 95
Trd, 4319924.943, 96
Trd, 4319928.393, 94
Trd, 4319929.193, 95
Trd, 4319930.843, 94
Trd, 4319933.093, 92
Trd, 4319933.293, 94
Trd, 4319933.943, 95
Trd, 4319936.293, 91
Trd, 4319937.193, 95
Trd, 4319939.143, 95
Trd, 4319942.743, 95
Trd, 4319944.443, 90
Trd, 4319945.193, 90
Trd, 4319949.893, 94
Trd, 4319951.143, 91
Trd, 4319951.343, 95
Trd, 4319953.793, 90
Trd, 4319954.093, 95
Trd, 4319954.143, 95
Trd, 4319957.493, 97
Trd, 4319959.343, 97
Trd, 4319959.843, 96
Trd, 4319960.093, 95
Trd, 4319962.043, 99
Trd, 4319963.893, 104
Trd, 4319964.093, 101
Trd, 4319964.143, 105
Trd, 4319965.793, 97
Trd, 4319966.443, 100
Trd, 4319966.793, 138
Trd, 4319968.343, 97
Trd, 4319968.693, 87
Trd, 4319972.493, 100
Trd, 4319973.743, 91
Trd, 4319973.993, 95
Trd, 4319975.593, 91
Trd, 4319976.693, 88
Trd, 4319977.143, 88
Trd, 4319978.543, 89
Trd, 4319979.893, 95
Trd, 4319982.143, 109
Trd, 4319982.543, 107
Trd, 4319984.543, 109
Trd, 4319984.843, 111
Trd, 4319986.043, 117
Trd, 4319986.193, 115
Trd, 4319990.093, 106
Trd, 4319990.993, 84
Trd, 4319991.143, 91
Trd, 4319992.243, 80
Trd, 4319993.493, 113
Trd, 4319994.043, 102
Trd, 4319994.243, 85
Trd, 4319994.593, 88
Trd, 4319994.893, 91
Trd, 4319998.343, 89
Trd, 4319999.793, 92
