Trd, 4317830.743, 91
Trd, 4317831.493, 90
Trd, 4317832.243, 93
Trd, 4317833.543, 89
Trd, 4317836.293, 92
Trd, 4317837.343, 92
Trd, 4317839.143, 89
Trd, 4317839.393, 92
Trd, 4317839.643, 88
Trd, 4317841.843, 90
Trd, 4317842.443, 92
Trd, 4317842.693, 95
Trd, 4317844.843, 92
Trd, 4317847.343, 89
Trd, 4317848.943, 89
Trd, 4317851.243, 89
Trd, 4317852.243, 88
Trd, 4317855.143, 92
Trd, 4317855.343, 88
Trd, 4317857.593, 91
Trd, 4317857.843, 87
Trd, 4317858.243, 91
Trd, 4317860.493, 88
Trd, 4317862.643, 87
Trd, 4317864.243, 87
Trd, 4317864.843, 95
Trd, 4317867.693, 87
Trd, 4317869.993, 89
Trd, 4317872.043, 89
Trd, 4317872.193, 87
Trd, 4317874.543, 87
Trd, 4317876.593, 89
Trd, 4317877.343, 88
Trd, 4317877.743, 85
Trd, 4317877.843, 89
Trd, 4317880.043, 89
Trd, 4317884.543, 88
Trd, 4317886.293, 88
Trd, 4317886.493, 86
Trd, 4317886.993, 89
Trd, 4317889.293, 88
Trd, 4317889.643, 96
Trd, 4317889.743, 87
Trd, 4317891.893, 87
Trd, 4317894.593, 89
Trd, 4317895.543, 87
Trd, 4317897.593, 86
Trd, 4317901.293, 86
Trd, 4317902.893, 88
Trd, 4317905.093, 87
Trd, 4317908.243, 88
Trd, 4317910.293, 88
Trd, 4317910.543, 87
Trd, 4317911.193, 86
Trd, 4317913.943, 88
Trd, 4317914.443, 88
Trd, 4317916.643, 87
Trd, 4317917.393, 95
Trd, 4317918.093, 86
Trd, 4317919.593, 88
Trd, 4317920.593, 88
Trd, 4317921.243, 87
Trd, 4317923.443, 88
Trd, 4317923.893, 88
Trd, 4317926.343, 88
Trd, 4317927.393, 88
Trd, 4317927.843, 87
Trd, 4317931.793, 87
Trd, 4317932.043, 86
Trd, 4317933.193, 88
Trd, 4317933.293, 88
Trd, 4317938.293, 88
Trd, 4317938.343, 86
Trd, 4317940.593, 88
Trd, 4317941.043, 86
Trd, 4317942.993, 87
Trd, 4317943.643, 88
Trd, 4317947.543, 88
Trd, 4317949.193, 87
Trd, 4317950.543, 88
Trd, 4317954.093, 86
Trd, 4317955.393, 86
Trd, 4317955.793, 85
Trd, 4317958.093, 87
Trd, 4317959.143, 88
Trd, 4317960.293, 87
Trd, 4317963.593, 87
Trd, 4317965.743, 87
Trd, 4317966.993, 86
Trd, 4317968.443, 86
Trd, 4317968.943, 86
Trd, 4317971.043, 88
Trd, 4317972.443, 97
Trd, 4317972.743, 96
Trd, 4317974.443, 106
Trd, 4317975.393, 102
Trd, 4317975.543, 103
Trd, 4317977.493, 103
Trd, 4317978.093, 102
Trd, 4317978.243, 102
Trd, 4317979.793, 101
Trd, 4317981.243, 106
Trd, 4317981.443, 101
Trd, 4317982.093, 101
Trd, 4317982.793, 99
Trd, 4317985.543, 98
Trd, 4317986.743, 96
Trd, 4317989.793, 106
Trd, 4317990.993, 99
Trd, 4317991.793, 99
Trd, 4317992.493, 98
Trd, 4317994.043, 97
Trd, 4317994.443, 97
Trd, 4317997.943, 99
Trd, 4317999.693, 96
Trd, 4317999.893, 96
Trd, 4318001.593, 99
Trd, 4318003.343, 95
Trd, 4318004.543, 95
Trd, 4318007.093, 97
Trd, 4318007.293, 97
Trd, 4318007.643, 99
Trd, 4318012.393, 99
Trd, 4318012.993, 95
Trd, 4318014.493, 96
Trd, 4318017.793, 99
Trd, 4318018.793, 99
Trd, 4318020.493, 99
Trd, 4318021.143, 97
Trd, 4318022.793, 97
Trd, 4318024.043, 98
Trd, 4318024.443, 96
Trd, 4318025.793, 96
Trd, 4318030.893, 96
Trd, 4318031.593, 98
Trd, 4318032.093, 95
Trd, 4318033.443, 96
Trd, 4318036.343, 95
Trd, 4318037.143, 94
Trd, 4318038.493, 96
Trd, 4318039.643, 96
Trd, 4318042.993, 94
Trd, 4318044.543, 93
Trd, 4318045.743, 96
Trd, 4318048.693, 96
Trd, 4318051.843, 96
Trd, 4318053.243, 93
Trd, 4318053.693, 93
Trd, 4318054.143, 86
Trd, 4318055.693, 96
Trd, 4318055.993, 93
Trd, 4318057.193, 96
Trd, 4318059.693, 95
Trd, 4318060.843, 95
Trd, 4318061.293, 93
Trd, 4318063.293, 95
Trd, 4318064.593, 97
Trd, 4318065.543, 96
Trd, 4318067.593, 101
Trd, 4318068.993, 95
Trd, 4318069.493, 95
Trd, 4318071.343, 94
Trd, 4318071.493, 94
Trd, 4318071.593, 90
Trd, 4318074.593, 88
Trd, 4318075.193, 92
Trd, 4318075.393, 86
Trd, 4318075.493, 76
Trd, 4318076.843, 95
Trd, 4318079.143, 92
Trd, 4318079.593, 89
Trd, 4318083.493, 92
Trd, 4318083.543, 89
Trd, 4318084.793, 89
Trd, 4318085.993, 95
Trd, 4318087.693, 96
Trd, 4318088.743, 92
Trd, 4318089.343, 86
Trd, 4318090.943, 105
Trd, 4318092.593, 94
Trd, 4318093.443, 93
Trd, 4318095.043, 93
Trd, 4318098.543, 92
Trd, 4318099.493, 94
Trd, 4318100.493, 94
Trd, 4318103.443, 92
Trd, 4318104.843, 91
Trd, 4318106.343, 91
Trd, 4318106.593, 93
Trd, 4318107.793, 90
Trd, 4318108.693, 92
Trd, 4318111.693, 92
Trd, 4318112.043, 91
Trd, 4318112.793, 91
Trd, 4318115.743, 90
Trd, 4318117.343, 92
Trd, 4318119.593, 91
Trd, 4318121.493, 90
Trd, 4318122.993, 91
Trd, 4318123.043, 91
Trd, 4318123.943, 89
Trd, 4318126.193, 90
Trd, 4318128.043, 89
Trd, 4318128.193, 91
Trd, 4318130.393, 88
Trd, 4318130.643, 88
Trd, 4318131.943, 89
Trd, 4318133.243, 88
Trd, 4318135.493, 88
Trd, 4318135.993, 90
Trd, 4318138.293, 92
Trd, 4318138.893, 106
Trd, 4318139.393, 91
Trd, 4318141.543, 92
Trd, 4318143.043, 92
Trd, 4318143.693, 89
Trd, 4318144.893, 90
Trd, 4318147.343, 91
Trd, 4318147.393, 89
Trd, 4318148.193, 91
Trd, 4318148.843, 90
Trd, 4318150.993, 87
Trd, 4318155.293, 88
Trd, 4318155.893, 90
Trd, 4318156.893, 86
Trd, 4318158.343, 90
Trd, 4318158.743, 87
Trd, 4318162.393, 86
Trd, 4318162.743, 95
Trd, 4318165.693, 88
Trd, 4318166.293, 89
Trd, 4318168.893, 87
Trd, 4318170.943, 88
Trd, 4318171.093, 87
Trd, 4318171.943, 88
Trd, 4318175.293, 88
Trd, 4318175.943, 87
Trd, 4318176.843, 86
Trd, 4318177.343, 87
Trd, 4318179.843, 87
Trd, 4318180.693, 87
Trd, 4318181.543, 100
Trd, 4318183.143, 96
Trd, 4318183.193, 95
Trd, 4318183.593, 95
Trd, 4318185.593, 99
Trd, 4318186.943, 98
Trd, 4318188.193, 107
Trd, 4318188.543, 97
Trd, 4318189.793, 86
Trd, 4318191.443, 89
Trd, 4318193.043, 96
Trd, 4318193.443, 97
Trd, 4318193.743, 113
Trd, 4318194.293, 97
Trd, 4318196.143, 96
Trd, 4318196.893, 94
Trd, 4318198.593, 101
Trd, 4318200.543, 94
Trd, 4318201.143, 93
Trd, 4318205.543, 95
Trd, 4318207.243, 96
Trd, 4318207.393, 93
Trd, 4318208.643, 93
Trd, 4318209.293, 92
Trd, 4318210.893, 96
Trd, 4318212.343, 93
Trd, 4318214.993, 95
Trd, 4318215.793, 92
Trd, 4318216.593, 92
Trd, 4318218.093, 95
Trd, 4318220.593, 93
Trd, 4318222.793, 94
Trd, 4318225.993, 93
Trd, 4318227.543, 92
Trd, 4318229.593, 95
Trd, 4318230.193, 92
Trd, 4318234.493, 95
Trd, 4318234.993, 93
Trd, 4318235.693, 93
Trd, 4318235.943, 92
Trd, 4318236.493, 91
Trd, 4318236.693, 93
Trd, 4318240.743, 93
Trd, 4318241.343, 104
Trd, 4318242.093, 92
Trd, 4318242.493, 92
Trd, 4318246.793, 92
Trd, 4318247.293, 94
Trd, 4318248.193, 94
Trd, 4318249.893, 92
Trd, 4318252.743, 91
Trd, 4318255.043, 95
Trd, 4318255.793, 114
Trd, 4318256.543, 98
Trd, 4318257.243, 97
Trd, 4318257.843, 98
Trd, 4318258.843, 97
Trd, 4318261.193, 100
Trd, 4318261.793, 96
Trd, 4318263.993, 96
Trd, 4318265.843, 97
Trd, 4318266.893, 96
Trd, 4318267.643, 98
Trd, 4318268.093, 95
Trd, 4318271.593, 96
Trd, 4318272.543, 95
Trd, 4318273.193, 97
Trd, 4318274.493, 97
Trd, 4318276.193, 94
Trd, 4318278.543, 94
Trd, 4318280.593, 95
Trd, 4318283.843, 94
Trd, 4318286.243, 97
Trd, 4318286.393, 93
Trd, 4318287.093, 97
Trd, 4318289.293, 92
Trd, 4318290.093, 96
Trd, 4318291.743, 92
Trd, 4318294.243, 92
Trd, 4318295.193, 96
Trd, 4318297.893, 93
Trd, 4318298.293, 92
Trd, 4318301.193, 96
Trd, 4318302.893, 92
Trd, 4318304.343, 91
Trd, 4318308.093, 95
Trd, 4318308.143, 91
Trd, 4318309.343, 93
Trd, 4318314.993, 92
Trd, 4318315.743, 95
Trd, 4318316.193, 92
Trd, 4318321.593, 93
Trd, 4318321.743, 91
Trd, 4318321.843, 95
Trd, 4318323.293, 91
Trd, 4318327.093, 92
Trd, 4318331.593, 94
Trd, 4318333.593, 94
Trd, 4318333.643, 91
Trd, 4318334.343, 90
Trd, 4318336.193, 94
Trd, 4318337.493, 94
Trd, 4318338.793, 93
Trd, 4318340.693, 94
Trd, 4318342.793, 94
Trd, 4318343.593, 92
Trd, 4318345.093, 91
Trd, 4318346.443, 90
Trd, 4318348.543, 94
Trd, 4318349.493, 93
Trd, 4318351.893, 92
Trd, 4318352.493, 93
Trd, 4318352.543, 105
Trd, 4318355.393, 94
Trd, 4318358.443, 93
Trd, 4318358.893, 95
Trd, 4318360.043, 92
Trd, 4318361.143, 93
Trd, 4318362.193, 91
Trd, 4318362.243, 94
Trd, 4318365.143, 94
Trd, 4318365.443, 90
Trd, 4318367.593, 91
Trd, 4318368.443, 94
Trd, 4318368.993, 90
Trd, 4318371.793, 94
Trd, 4318374.893, 94
Trd, 4318376.043, 91
Trd, 4318379.093, 94
Trd, 4318379.643, 94
Trd, 4318380.893, 92
Trd, 4318381.443, 92
Trd, 4318384.143, 94
Trd, 4318384.793, 93
Trd, 4318389.593, 94
Trd, 4318390.243, 94
Trd, 4318391.143, 94
Trd, 4318392.043, 95
Trd, 4318393.393, 93
Trd, 4318394.343, 94
Trd, 4318395.143, 93
Trd, 4318396.443, 93
Trd, 4318400.443, 94
Trd, 4318400.693, 94
Trd, 4318401.043, 95
Trd, 4318401.443, 94
Trd, 4318402.293, 94
Trd, 4318404.143, 93
Trd, 4318404.793, 76
Trd, 4318405.393, 106
Trd, 4318408.743, 93
Trd, 4318410.843, 92
Trd, 4318411.743, 96
Trd, 4318413.993, 92
Trd, 4318414.043, 95
Trd, 4318416.193, 91
Trd, 4318417.893, 91
Trd, 4318422.543, 90
Trd, 4318423.093, 95
Trd, 4318424.643, 90
Trd, 4318428.543, 92
Trd, 4318429.543, 92
Trd, 4318432.643, 93
Trd, 4318432.793, 92
Trd, 4318432.943, 93
Trd, 4318435.693, 91
Trd, 4318439.243, 92
Trd, 4318439.343, 91
Trd, 4318439.493, 93
Trd, 4318441.893, 91
Trd, 4318443.543, 90
Trd, 4318447.143, 90
Trd, 4318448.893, 93
Trd, 4318449.643, 90
Trd, 4318451.093, 91
Trd, 4318452.843, 93
Trd, 4318454.543, 91
Trd, 4318454.993, 93
Trd, 4318457.043, 90
Trd, 4318460.643, 89
Trd, 4318461.543, 90
Trd, 4318462.493, 92
Trd, 4318464.093, 90
Trd, 4318464.543, 90
Trd, 4318466.093, 91
Trd, 4318467.293, 90
Trd, 4318467.943, 90
Trd, 4318468.293, 91
Trd, 4318471.243, 95
Trd, 4318472.943, 89
Trd, 4318475.043, 88
Trd, 4318477.693, 88
Trd, 4318478.143, 90
Trd, 4318480.093, 89
Trd, 4318481.743, 89
Trd, 4318482.643, 90
Trd, 4318483.043, 89
Trd, 4318484.793, 89
Trd, 4318485.343, 104
Trd, 4318485.593, 86
Trd, 4318486.193, 97
Trd, 4318488.193, 92
Trd, 4318490.243, 88
Trd, 4318491.793, 92
Trd, 4318494.193, 96
Trd, 4318494.343, 91
Trd, 4318496.293, 92
Trd, 4318497.093, 91
Trd, 4318498.043, 92
Trd, 4318499.043, 90
Trd, 4318499.693, 90
Trd, 4318502.443, 91
Trd, 4318503.243, 93
Trd, 4318506.193, 89
Trd, 4318507.893, 91
Trd, 4318508.543, 91
Trd, 4318511.443, 90
Trd, 4318511.493, 89
Trd, 4318514.093, 91
Trd, 4318514.593, 89
Trd, 4318517.143, 91
Trd, 4318517.943, 88
Trd, 4318518.643, 89
Trd, 4318521.843, 95
Trd, 4318522.843, 89
Trd, 4318525.693, 88
Trd, 4318525.893, 90
Trd, 4318527.143, 95
Trd, 4318529.343, 88
Trd, 4318529.593, 90
Trd, 4318531.593, 91
Trd, 4318532.743, 93
Trd, 4318535.493, 96
Trd, 4318536.593, 96
Trd, 4318536.943, 96
Trd, 4318537.143, 95
Trd, 4318538.343, 94
Trd, 4318538.493, 94
Trd, 4318541.293, 93
Trd, 4318542.343, 93
Trd, 4318545.643, 94
Trd, 4318546.393, 93
Trd, 4318546.993, 92
Trd, 4318547.593, 91
Trd, 4318547.943, 92
Trd, 4318548.443, 86
Trd, 4318552.943, 92
Trd, 4318553.393, 91
Trd, 4318556.143, 90
Trd, 4318559.143, 92
Trd, 4318559.543, 89
Trd, 4318563.243, 91
Trd, 4318564.393, 89
Trd, 4318565.693, 90
Trd, 4318566.593, 89
Trd, 4318568.443, 90
Trd, 4318568.693, 89
Trd, 4318568.843, 88
Trd, 4318573.443, 90
Trd, 4318574.693, 88
Trd, 4318578.743, 87
Trd, 4318578.793, 90
Trd, 4318579.193, 87
Trd, 4318582.143, 88
Trd, 4318583.793, 90
Trd, 4318586.243, 88
Trd, 4318587.343, 90
Trd, 4318588.293, 88
Trd, 4318590.493, 90
Trd, 4318594.193, 87
Trd, 4318594.743, 89
Trd, 4318595.543, 88
Trd, 4318596.543, 89
Trd, 4318597.943, 89
Trd, 4318600.993, 92
Trd, 4318602.243, 107
Trd, 4318602.743, 99
Trd, 4318602.893, 97
Trd, 4318604.543, 98
Trd, 4318604.643, 90
Trd, 4318606.693, 93
Trd, 4318608.093, 87
Trd, 4318608.593, 92
Trd, 4318608.993, 92
Trd, 4318609.693, 96
Trd, 4318611.643, 92
Trd, 4318612.993, 86
Trd, 4318614.293, 90
Trd, 4318615.293, 91
Trd, 4318615.943, 89
Trd, 4318617.393, 89
Trd, 4318618.243, 90
Trd, 4318619.343, 88
Trd, 4318619.543, 105
Trd, 4318620.993, 93
Trd, 4318623.193, 92
Trd, 4318625.093, 92
Trd, 4318627.093, 92
Trd, 4318629.743, 92
Trd, 4318630.243, 91
Trd, 4318632.993, 86
Trd, 4318634.243, 92
Trd, 4318634.893, 89
Trd, 4318635.243, 92
Trd, 4318636.593, 88
Trd, 4318637.043, 88
Trd, 4318639.993, 91
Trd, 4318640.393, 89
Trd, 4318640.643, 86
Trd, 4318642.343, 91
Trd, 4318646.843, 90
Trd, 4318650.043, 89
Trd, 4318650.593, 91
Trd, 4318651.893, 91
Trd, 4318652.943, 90
Trd, 4318653.693, 91
Trd, 4318654.993, 89
Trd, 4318657.443, 95
Trd, 4318657.693, 88
Trd, 4318658.693, 91
Trd, 4318659.243, 91
Trd, 4318660.693, 93
Trd, 4318661.943, 91
Trd, 4318662.543, 92
Trd, 4318664.343, 91
Trd, 4318664.993, 96
Trd, 4318667.043, 91
Trd, 4318668.743, 91
Trd, 4318669.143, 90
Trd, 4318669.893, 92
Trd, 4318673.593, 91
Trd, 4318674.743, 90
Trd, 4318674.943, 88
Trd, 4318676.543, 91
Trd, 4318677.393, 86
Trd, 4318682.643, 90
Trd, 4318683.343, 91
Trd, 4318684.293, 95
Trd, 4318685.343, 89
Trd, 4318686.943, 89
Trd, 4318688.743, 88
Trd, 4318688.793, 91
Trd, 4318692.593, 91
Trd, 4318693.093, 90
Trd, 4318694.243, 89
Trd, 4318695.893, 91
Trd, 4318696.543, 89
Trd, 4318696.943, 87
Trd, 4318698.543, 91
Trd, 4318701.443, 95
Trd, 4318702.393, 93
Trd, 4318702.693, 93
Trd, 4318704.593, 92
Trd, 4318705.643, 95
Trd, 4318706.243, 93
Trd, 4318706.543, 92
Trd, 4318707.793, 76
Trd, 4318708.093, 104
Trd, 4318708.893, 88
Trd, 4318712.843, 98
Trd, 4318712.893, 105
Trd, 4318712.943, 98
Trd, 4318714.543, 98
Trd, 4318715.843, 97
Trd, 4318717.093, 96
Trd, 4318718.843, 97
Trd, 4318720.443, 98
Trd, 4318720.693, 97
Trd, 4318721.143, 97
Trd, 4318721.843, 96
Trd, 4318722.443, 95
Trd, 4318722.593, 105
Trd, 4318727.593, 95
Trd, 4318729.493, 96
Trd, 4318730.743, 95
Trd, 4318731.893, 96
Trd, 4318731.943, 94
Trd, 4318733.743, 96
Trd, 4318734.143, 94
Trd, 4318736.393, 96
Trd, 4318738.443, 96
Trd, 4318739.643, 95
Trd, 4318740.143, 94
Trd, 4318743.443, 96
Trd, 4318744.093, 95
Trd, 4318744.793, 95
Trd, 4318745.543, 96
Trd, 4318746.893, 96
Trd, 4318747.893, 96
Trd, 4318749.143, 89
Trd, 4318749.243, 91
Trd, 4318750.493, 94
Trd, 4318752.443, 86
Trd, 4318754.843, 95
Trd, 4318755.143, 105
Trd, 4318756.543, 93
Trd, 4318757.593, 95
Trd, 4318758.643, 92
Trd, 4318761.143, 95
Trd, 4318762.443, 95
Trd, 4318763.743, 97
Trd, 4318764.193, 92
Trd, 4318767.143, 94
Trd, 4318767.943, 92
Trd, 4318769.943, 91
Trd, 4318773.243, 95
Trd, 4318773.993, 95
Trd, 4318774.643, 91
Trd, 4318775.993, 91
Trd, 4318776.143, 95
Trd, 4318778.443, 95
Trd, 4318779.793, 92
Trd, 4318779.993, 95
Trd, 4318781.843, 93
Trd, 4318782.693, 95
Trd, 4318783.293, 93
Trd, 4318787.393, 92
Trd, 4318788.543, 91
Trd, 4318790.343, 95
Trd, 4318790.693, 94
Trd, 4318794.443, 91
Trd, 4318795.393, 92
Trd, 4318796.993, 95
Trd, 4318800.243, 95
Trd, 4318801.693, 93
Trd, 4318802.743, 92
Trd, 4318803.643, 92
Trd, 4318804.543, 95
Trd, 4318806.193, 91
Trd, 4318807.843, 90
Trd, 4318812.443, 95
Trd, 4318814.143, 91
Trd, 4318815.243, 95
Trd, 4318816.043, 92
Trd, 4318817.443, 91
Trd, 4318819.093, 95
Trd, 4318819.743, 90
Trd, 4318820.843, 90
Trd, 4318823.193, 93
Trd, 4318824.743, 93
Trd, 4318825.743, 93
Trd, 4318826.843, 99
Trd, 4318827.343, 95
Trd, 4318827.493, 97
Trd, 4318827.943, 96
Trd, 4318828.743, 95
Trd, 4318829.693, 95
Trd, 4318832.393, 94
Trd, 4318834.193, 86
Trd, 4318834.993, 94
Trd, 4318835.593, 93
Trd, 4318837.843, 95
Trd, 4318838.143, 96
Trd, 4318840.393, 95
Trd, 4318842.193, 94
Trd, 4318842.843, 94
Trd, 4318844.493, 91
Trd, 4318846.493, 92
Trd, 4318846.543, 90
Trd, 4318848.593, 91
Trd, 4318849.593, 92
Trd, 4318850.893, 90
Trd, 4318851.593, 92
Trd, 4318854.993, 92
Trd, 4318855.243, 90
Trd, 4318856.093, 90
Trd, 4318857.193, 92
Trd, 4318858.643, 90
Trd, 4318860.443, 90
Trd, 4318860.893, 95
Trd, 4318862.343, 92
Trd, 4318863.343, 90
Trd, 4318865.293, 88
Trd, 4318865.893, 89
Trd, 4318869.293, 91
Trd, 4318869.793, 91
Trd, 4318870.993, 89
Trd, 4318873.093, 88
Trd, 4318877.243, 90
Trd, 4318877.743, 87
Trd, 4318878.343, 90
Trd, 4318882.143, 89
Trd, 4318883.193, 87
Trd, 4318884.093, 86
Trd, 4318884.143, 88
Trd, 4318886.243, 86
Trd, 4318886.293, 88
Trd, 4318889.443, 88
Trd, 4318890.243, 87
Trd, 4318893.293, 88
Trd, 4318893.993, 88
Trd, 4318898.043, 88
Trd, 4318898.443, 88
Trd, 4318898.993, 87
Trd, 4318902.443, 88
Trd, 4318902.993, 86
Trd, 4318904.243, 90
Trd, 4318905.193, 88
Trd, 4318906.443, 89
Trd, 4318907.643, 87
Trd, 4318909.193, 91
Trd, 4318910.993, 88
Trd, 4318914.043, 87
Trd, 4318914.293, 88
Trd, 4318915.193, 87
Trd, 4318915.493, 89
Trd, 4318919.543, 86
Trd, 4318920.943, 88
Trd, 4318921.143, 86
Trd, 4318922.043, 88
Trd, 4318923.793, 95
Trd, 4318924.093, 92
Trd, 4318924.543, 91
Trd, 4318925.543, 90
Trd, 4318925.593, 105
Trd, 4318926.443, 91
Trd, 4318927.793, 96
Trd, 4318928.793, 95
Trd, 4318931.543, 98
Trd, 4318933.593, 105
Trd, 4318933.943, 97
Trd, 4318934.543, 97
Trd, 4318934.943, 97
Trd, 4318937.793, 97
Trd, 4318938.643, 96
Trd, 4318941.443, 96
Trd, 4318942.093, 88
Trd, 4318942.243, 93
Trd, 4318945.543, 93
Trd, 4318949.343, 93
Trd, 4318950.743, 96
Trd, 4318955.843, 95
Trd, 4318956.093, 91
Trd, 4318959.043, 94
Trd, 4318959.343, 96
Trd, 4318960.043, 93
Trd, 4318961.843, 96
Trd, 4318963.343, 95
Trd, 4318963.793, 96
Trd, 4318964.543, 94
Trd, 4318968.743, 96
Trd, 4318969.143, 93
Trd, 4318969.193, 93
Trd, 4318972.793, 96
Trd, 4318972.993, 96
Trd, 4318973.043, 93
Trd, 4318976.493, 92
Trd, 4318980.043, 94
Trd, 4318982.643, 94
Trd, 4318982.793, 95
Trd, 4318985.843, 93
Trd, 4318989.393, 93
Trd, 4318989.493, 95
Trd, 4318991.043, 91
Trd, 4318992.393, 92
Trd, 4318995.743, 93
Trd, 4318995.793, 94
Trd, 4318997.293, 93
Trd, 4319000.493, 93
Trd, 4319000.543, 92
Trd, 4319001.293, 91
Trd, 4319002.943, 90
Trd, 4319003.043, 93
Trd, 4319004.243, 92
Trd, 4319005.943, 93
Trd, 4319006.543, 95
Trd, 4319006.893, 92
Trd, 4319008.793, 93
Trd, 4319011.143, 91
Trd, 4319015.193, 93
Trd, 4319015.693, 90
Trd, 4319015.743, 94
Trd, 4319016.193, 90
Trd, 4319018.293, 93
Trd, 4319020.993, 92
Trd, 4319021.543, 90
Trd, 4319023.643, 93
Trd, 4319025.293, 93
Trd, 4319025.743, 95
Trd, 4319025.993, 76
Trd, 4319027.793, 89
Trd, 4319028.093, 105
Trd, 4319028.893, 90
Trd, 4319033.243, 93
Trd, 4319036.693, 92
Trd, 4319039.593, 92
Trd, 4319041.443, 94
Trd, 4319042.493, 93
Trd, 4319043.793, 94
Trd, 4319044.293, 94
Trd, 4319045.893, 93
Trd, 4319046.843, 92
Trd, 4319047.943, 94
Trd, 4319050.343, 91
Trd, 4319051.693, 90
Trd, 4319053.793, 92
Trd, 4319054.243, 94
Trd, 4319054.393, 91
Trd, 4319057.293, 90
Trd, 4319061.143, 94
Trd, 4319063.693, 91
Trd, 4319065.293, 90
Trd, 4319068.043, 93
Trd, 4319068.443, 91
Trd, 4319070.343, 93
Trd, 4319071.893, 92
Trd, 4319073.493, 93
Trd, 4319074.843, 92
Trd, 4319078.893, 92
Trd, 4319079.543, 91
Trd, 4319080.243, 90
Trd, 4319080.793, 92
Trd, 4319083.743, 92
Trd, 4319084.443, 90
Trd, 4319086.443, 91
Trd, 4319087.643, 92
Trd, 4319089.193, 93
Trd, 4319089.593, 92
Trd, 4319089.793, 90
Trd, 4319091.493, 94
Trd, 4319092.593, 93
Trd, 4319094.993, 94
Trd, 4319097.193, 84
Trd, 4319097.643, 93
Trd, 4319098.543, 95
Trd, 4319099.093, 91
Trd, 4319101.293, 93
Trd, 4319101.793, 92
Trd, 4319105.443, 93
Trd, 4319106.143, 92
Trd, 4319106.543, 90
Trd, 4319109.093, 87
Trd, 4319110.493, 88
Trd, 4319111.093, 93
Trd, 4319114.993, 89
Trd, 4319117.443, 93
Trd, 4319118.593, 89
Trd, 4319121.893, 91
Trd, 4319121.943, 93
Trd, 4319123.393, 90
Trd, 4319125.343, 93
Trd, 4319125.843, 90
Trd, 4319126.793, 90
Trd, 4319129.843, 92
Trd, 4319131.193, 91
Trd, 4319132.743, 92
Trd, 4319133.043, 93
Trd, 4319135.243, 93
Trd, 4319135.693, 93
Trd, 4319136.093, 93
Trd, 4319137.843, 115
Trd, 4319140.043, 94
Trd, 4319140.843, 93
Trd, 4319143.393, 95
Trd, 4319143.443, 95
Trd, 4319144.093, 91
Trd, 4319145.443, 87
Trd, 4319147.843, 94
Trd, 4319149.443, 94
Trd, 4319150.943, 92
Trd, 4319152.093, 76
Trd, 4319152.393, 110
Trd, 4319154.693, 89
Trd, 4319156.493, 96
Trd, 4319157.093, 89
Trd, 4319160.343, 94
Trd, 4319160.793, 92
Trd, 4319163.943, 91
Trd, 4319165.243, 91
Trd, 4319165.843, 93
Trd, 4319168.243, 93
Trd, 4319168.893, 91
Trd, 4319170.343, 93
Trd, 4319171.193, 93
Trd, 4319174.093, 90
Trd, 4319174.643, 93
Trd, 4319176.493, 90
Trd, 4319177.243, 89
Trd, 4319179.493, 93
Trd, 4319179.543, 90
Trd, 4319182.143, 93
Trd, 4319182.893, 89
Trd, 4319183.493, 95
Trd, 4319183.843, 88
Trd, 4319186.493, 90
Trd, 4319188.943, 89
Trd, 4319189.593, 93
Trd, 4319190.293, 93
Trd, 4319194.543, 90
Trd, 4319194.993, 89
Trd, 4319196.593, 88
Trd, 4319196.743, 93
Trd, 4319199.193, 91
Trd, 4319199.493, 93
Trd, 4319200.443, 89
Trd, 4319202.393, 91
Trd, 4319202.943, 93
Trd, 4319206.843, 93
Trd, 4319207.843, 91
Trd, 4319209.593, 90
Trd, 4319210.843, 93
Trd, 4319213.793, 92
Trd, 4319214.193, 92
Trd, 4319214.293, 91
Trd, 4319217.343, 93
Trd, 4319217.793, 91
Trd, 4319218.693, 90
Trd, 4319220.793, 90
Trd, 4319222.593, 95
Trd, 4319223.193, 110
Trd, 4319223.593, 89
Trd, 4319225.743, 94
Trd, 4319227.543, 92
Trd, 4319230.043, 92
Trd, 4319231.993, 94
Trd, 4319234.043, 95
Trd, 4319234.543, 94
Trd, 4319235.893, 93
Trd, 4319236.093, 90
Trd, 4319238.443, 93
Trd, 4319238.743, 94
Trd, 4319238.843, 92
Trd, 4319240.943, 91
Trd, 4319243.743, 94
Trd, 4319243.843, 89
Trd, 4319247.393, 94
Trd, 4319248.343, 91
Trd, 4319249.093, 95
Trd, 4319249.493, 94
Trd, 4319250.493, 93
Trd, 4319250.843, 111
Trd, 4319252.743, 95
Trd, 4319254.443, 95
Trd, 4319255.093, 95
Trd, 4319256.293, 80
Trd, 4319259.043, 93
Trd, 4319260.993, 94
Trd, 4319261.243, 93
Trd, 4319264.043, 92
Trd, 4319264.943, 106
Trd, 4319266.393, 100
Trd, 4319269.243, 96
Trd, 4319270.093, 96
Trd, 4319270.993, 104
Trd, 4319271.643, 100
Trd, 4319272.643, 99
Trd, 4319273.093, 104
Trd, 4319274.193, 98
Trd, 4319275.693, 97
Trd, 4319276.393, 86
Trd, 4319277.743, 98
Trd, 4319279.443, 97
Trd, 4319279.593, 97
Trd, 4319282.043, 97
Trd, 4319282.943, 96
Trd, 4319286.143, 98
Trd, 4319288.693, 98
Trd, 4319289.543, 96
Trd, 4319291.893, 97
Trd, 4319292.243, 96
Trd, 4319293.143, 97
Trd, 4319294.343, 96
Trd, 4319296.343, 95
Trd, 4319297.243, 95
Trd, 4319299.043, 86
Trd, 4319300.193, 93
Trd, 4319300.943, 96
Trd, 4319301.793, 94
Trd, 4319303.243, 94
Trd, 4319304.593, 93
Trd, 4319305.443, 104
Trd, 4319306.443, 93
Trd, 4319306.743, 94
Trd, 4319310.543, 93
Trd, 4319310.643, 94
Trd, 4319312.993, 93
Trd, 4319313.093, 94
Trd, 4319314.943, 94
Trd, 4319316.943, 92
Trd, 4319320.193, 92
Trd, 4319320.543, 86
Trd, 4319321.543, 94
Trd, 4319324.843, 92
Trd, 4319330.293, 91
Trd, 4319331.343, 90
Trd, 4319333.093, 92
Trd, 4319333.293, 90
Trd, 4319334.843, 94
Trd, 4319337.593, 94
Trd, 4319337.943, 95
Trd, 4319338.593, 92
Trd, 4319342.393, 95
Trd, 4319343.293, 92
Trd, 4319346.243, 91
Trd, 4319347.843, 92
Trd, 4319348.293, 93
Trd, 4319351.793, 93
Trd, 4319351.893, 91
Trd, 4319353.693, 91
Trd, 4319354.593, 93
Trd, 4319358.493, 94
Trd, 4319359.593, 94
Trd, 4319361.193, 94
Trd, 4319362.343, 93
Trd, 4319362.893, 93
Trd, 4319362.943, 95
Trd, 4319364.843, 92
Trd, 4319365.943, 92
Trd, 4319365.993, 93
Trd, 4319369.993, 94
Trd, 4319370.943, 121
Trd, 4319371.793, 106
Trd, 4319372.393, 103
Trd, 4319373.943, 103
Trd, 4319375.243, 115
Trd, 4319376.743, 100
Trd, 4319376.993, 101
Trd, 4319377.393, 101
Trd, 4319378.843, 100
Trd, 4319379.593, 96
Trd, 4319379.943, 94
Trd, 4319383.443, 100
Trd, 4319384.093, 86
Trd, 4319385.193, 95
Trd, 4319386.693, 89
Trd, 4319388.093, 95
Trd, 4319388.993, 94
Trd, 4319390.643, 95
Trd, 4319391.893, 95
Trd, 4319393.943, 94
Trd, 4319394.243, 95
Trd, 4319394.493, 93
Trd, 4319394.943, 95
Trd, 4319395.843, 94
Trd, 4319400.343, 95
Trd, 4319402.543, 93
Trd, 4319404.943, 93
Trd, 4319406.193, 94
Trd, 4319406.593, 92
Trd, 4319409.293, 95
Trd, 4319410.743, 93
Trd, 4319411.293, 92
Trd, 4319416.943, 91
Trd, 4319417.993, 95
Trd, 4319419.543, 94
Trd, 4319420.293, 93
Trd, 4319421.343, 92
Trd, 4319424.993, 95
Trd, 4319427.343, 91
Trd, 4319428.443, 91
Trd, 4319429.443, 95
Trd, 4319430.643, 95
Trd, 4319431.393, 92
Trd, 4319431.743, 90
Trd, 4319435.593, 95
Trd, 4319438.293, 90
Trd, 4319438.793, 90
Trd, 4319439.393, 95
Trd, 4319443.943, 91
Trd, 4319443.993, 95
Trd, 4319445.093, 91
Trd, 4319445.893, 90
Trd, 4319447.193, 89
Trd, 4319449.693, 94
Trd, 4319450.693, 94
Trd, 4319451.693, 91
Trd, 4319453.443, 93
Trd, 4319455.493, 94
Trd, 4319457.743, 92
Trd, 4319459.743, 92
Trd, 4319461.293, 90
Trd, 4319465.293, 93
Trd, 4319465.843, 94
Trd, 4319468.293, 92
Trd, 4319469.893, 94
Trd, 4319471.493, 91
Trd, 4319472.143, 91
Trd, 4319473.193, 95
Trd, 4319476.693, 90
Trd, 4319481.293, 93
Trd, 4319483.693, 94
Trd, 4319484.143, 91
Trd, 4319487.643, 92
Trd, 4319487.693, 94
Trd, 4319490.493, 94
Trd, 4319490.543, 91
Trd, 4319491.893, 94
Trd, 4319492.593, 93
Trd, 4319493.843, 92
Trd, 4319494.243, 94
Trd, 4319494.493, 95
Trd, 4319497.993, 94
Trd, 4319498.293, 94
Trd, 4319501.143, 93
Trd, 4319501.943, 93
Trd, 4319504.943, 92
Trd, 4319505.093, 91
Trd, 4319506.193, 94
Trd, 4319507.143, 94
Trd, 4319508.593, 93
Trd, 4319510.093, 92
Trd, 4319510.493, 94
Trd, 4319511.743, 95
Trd, 4319514.193, 91
Trd, 4319515.993, 90
Trd, 4319518.393, 92
Trd, 4319518.643, 94
Trd, 4319519.843, 90
Trd, 4319523.593, 94
Trd, 4319524.643, 91
Trd, 4319525.993, 94
Trd, 4319527.443, 94
Trd, 4319528.093, 90
Trd, 4319532.143, 94
Trd, 4319532.193, 90
Trd, 4319533.793, 92
Trd, 4319534.843, 91
Trd, 4319535.543, 95
Trd, 4319539.793, 91
Trd, 4319541.843, 93
Trd, 4319544.843, 91
Trd, 4319545.493, 93
Trd, 4319548.193, 94
Trd, 4319550.093, 92
Trd, 4319551.493, 91
Trd, 4319554.843, 94
Trd, 4319555.143, 94
Trd, 4319556.393, 92
Trd, 4319559.193, 95
Trd, 4319559.243, 104
Trd, 4319559.593, 91
Trd, 4319560.743, 91
Trd, 4319563.793, 90
Trd, 4319565.343, 95
Trd, 4319566.943, 93
Trd, 4319569.993, 94
Trd, 4319571.393, 95
Trd, 4319572.393, 93
Trd, 4319572.443, 93
Trd, 4319574.093, 92
Trd, 4319577.543, 95
Trd, 4319577.793, 95
Trd, 4319579.843, 95
Trd, 4319579.893, 94
Trd, 4319582.143, 93
Trd, 4319583.843, 95
Trd, 4319586.643, 95
Trd, 4319587.693, 93
Trd, 4319587.893, 91
Trd, 4319588.493, 91
Trd, 4319590.143, 89
Trd, 4319595.043, 95
Trd, 4319595.143, 95
Trd, 4319596.493, 92
Trd, 4319597.793, 95
Trd, 4319598.243, 91
Trd, 4319598.543, 95
Trd, 4319599.593, 104
Trd, 4319600.343, 103
Trd, 4319600.643, 96
Trd, 4319601.993, 76
Trd, 4319602.443, 87
Trd, 4319605.543, 104
Trd, 4319605.643, 102
Trd, 4319606.243, 94
Trd, 4319608.043, 100
Trd, 4319608.093, 99
Trd, 4319610.393, 97
Trd, 4319610.943, 87
Trd, 4319613.693, 94
Trd, 4319613.793, 90
Trd, 4319616.043, 93
Trd, 4319619.143, 96
Trd, 4319619.343, 92
Trd, 4319620.743, 94
Trd, 4319621.293, 88
Trd, 4319624.893, 93
Trd, 4319626.643, 94
Trd, 4319627.343, 91
Trd, 4319628.793, 93
Trd, 4319630.243, 91
Trd, 4319631.993, 92
Trd, 4319632.643, 92
Trd, 4319635.293, 94
Trd, 4319636.093, 93
Trd, 4319637.543, 92
Trd, 4319637.643, 105
Trd, 4319638.693, 91
Trd, 4319641.043, 91
Trd, 4319643.543, 90
Trd, 4319645.043, 90
Trd, 4319645.143, 94
Trd, 4319647.143, 93
Trd, 4319648.443, 94
Trd, 4319649.793, 94
Trd, 4319649.993, 93
Trd, 4319652.793, 93
Trd, 4319655.493, 92
Trd, 4319657.843, 93
Trd, 4319658.593, 93
Trd, 4319660.043, 91
Trd, 4319663.543, 93
Trd, 4319663.993, 91
Trd, 4319664.493, 91
Trd, 4319667.693, 93
Trd, 4319668.693, 91
Trd, 4319670.543, 93
Trd, 4319671.593, 91
Trd, 4319673.743, 93
Trd, 4319675.743, 91
Trd, 4319676.743, 91
Trd, 4319676.793, 86
Trd, 4319680.743, 92
Trd, 4319681.493, 93
Trd, 4319684.193, 91
Trd, 4319685.243, 90
Trd, 4319688.793, 93
Trd, 4319689.593, 93
Trd, 4319690.143, 91
Trd, 4319690.943, 90
Trd, 4319692.693, 95
Trd, 4319692.743, 92
Trd, 4319693.843, 96
Trd, 4319695.943, 98
Trd, 4319696.343, 98
Trd, 4319698.293, 97
Trd, 4319698.593, 98
Trd, 4319700.293, 96
Trd, 4319700.643, 95
Trd, 4319701.393, 96
Trd, 4319704.143, 96
Trd, 4319704.693, 95
Trd, 4319704.743, 98
Trd, 4319706.543, 94
Trd, 4319707.193, 106
Trd, 4319707.743, 98
Trd, 4319709.393, 97
Trd, 4319711.793, 98
Trd, 4319712.093, 95
Trd, 4319713.543, 98
Trd, 4319715.243, 96
Trd, 4319718.493, 95
Trd, 4319719.493, 95
Trd, 4319721.443, 89
Trd, 4319722.493, 96
Trd, 4319723.243, 92
Trd, 4319728.343, 95
Trd, 4319729.393, 95
Trd, 4319729.443, 96
Trd, 4319730.843, 95
Trd, 4319733.493, 94
Trd, 4319733.743, 94
Trd, 4319735.643, 95
Trd, 4319737.843, 94
Trd, 4319740.993, 93
Trd, 4319743.143, 95
Trd, 4319744.443, 92
Trd, 4319745.343, 91
Trd, 4319747.243, 95
Trd, 4319748.143, 92
Trd, 4319749.043, 95
Trd, 4319749.893, 91
Trd, 4319753.793, 94
Trd, 4319755.093, 92
Trd, 4319756.093, 92
Trd, 4319758.993, 94
Trd, 4319759.543, 95
Trd, 4319759.743, 91
Trd, 4319762.393, 95
Trd, 4319762.543, 94
Trd, 4319763.593, 96
Trd, 4319763.643, 104
Trd, 4319764.843, 95
Trd, 4319767.693, 98
Trd, 4319767.943, 97
Trd, 4319769.493, 96
Trd, 4319770.343, 98
Trd, 4319771.743, 86
Trd, 4319772.193, 94
Trd, 4319773.293, 105
Trd, 4319776.443, 94
Trd, 4319776.893, 94
Trd, 4319777.243, 93
Trd, 4319778.993, 92
Trd, 4319780.493, 93
Trd, 4319781.643, 90
Trd, 4319783.193, 91
Trd, 4319785.593, 91
Trd, 4319786.443, 93
Trd, 4319788.293, 90
Trd, 4319790.693, 90
Trd, 4319791.743, 93
Trd, 4319792.693, 93
Trd, 4319796.393, 91
Trd, 4319796.793, 92
Trd, 4319797.593, 90
Trd, 4319798.893, 92
Trd, 4319800.243, 92
Trd, 4319801.543, 93
Trd, 4319803.143, 95
Trd, 4319803.343, 94
Trd, 4319804.043, 93
Trd, 4319804.943, 106
Trd, 4319805.643, 92
Trd, 4319808.343, 92
Trd, 4319808.443, 94
Trd, 4319810.693, 94
Trd, 4319812.093, 94
Trd, 4319812.793, 94
Trd, 4319813.043, 95
Trd, 4319815.143, 94
Trd, 4319817.093, 93
Trd, 4319818.943, 92
Trd, 4319819.293, 95
Trd, 4319820.093, 92
Trd, 4319821.093, 95
Trd, 4319824.893, 94
Trd, 4319825.043, 92
Trd, 4319825.893, 95
Trd, 4319830.543, 91
Trd, 4319831.743, 86
Trd, 4319832.543, 94
Trd, 4319834.043, 92
Trd, 4319836.843, 94
Trd, 4319837.293, 90
Trd, 4319842.293, 90
Trd, 4319842.593, 89
Trd, 4319843.043, 94
Trd, 4319844.043, 94
Trd, 4319844.593, 92
Trd, 4319846.893, 90
Trd, 4319849.543, 94
Trd, 4319850.843, 94
Trd, 4319852.043, 91
Trd, 4319852.293, 90
Trd, 4319854.793, 93
Trd, 4319855.293, 89
Trd, 4319857.093, 89
Trd, 4319860.893, 93
Trd, 4319861.393, 91
Trd, 4319863.943, 91
Trd, 4319865.343, 93
Trd, 4319866.393, 86
Trd, 4319867.543, 90
Trd, 4319870.593, 89
Trd, 4319872.893, 88
Trd, 4319874.293, 87
Trd, 4319874.843, 91
Trd, 4319879.593, 91
Trd, 4319880.543, 91
Trd, 4319880.793, 95
Trd, 4319880.943, 91
Trd, 4319881.343, 91
Trd, 4319882.543, 90
Trd, 4319884.293, 95
Trd, 4319884.543, 94
Trd, 4319884.693, 93
Trd, 4319885.543, 106
Trd, 4319887.793, 99
Trd, 4319888.543, 98
Trd, 4319889.593, 95
Trd, 4319889.893, 96
Trd, 4319890.043, 93
Trd, 4319892.093, 95
Trd, 4319894.343, 94
Trd, 4319895.093, 95
Trd, 4319897.293, 88
Trd, 4319898.143, 93
Trd, 4319899.393, 93
Trd, 4319900.793, 93
Trd, 4319900.893, 92
Trd, 4319901.843, 95
Trd, 4319902.743, 94
Trd, 4319904.943, 93
Trd, 4319906.443, 94
Trd, 4319907.593, 93
Trd, 4319909.643, 88
Trd, 4319911.193, 91
Trd, 4319912.593, 93
Trd, 4319913.893, 91
Trd, 4319916.943, 93
Trd, 4319917.193, 91
Trd, 4319917.843, 90
Trd, 4319923.543, 92
Trd, 4319923.843, 91
Trd, 4319923.893, 89
Trd, 4319924.193, 92
Trd, 4319928.243, 94
Trd, 4319928.443, 89
Trd, 4319930.593, 90
Trd, 4319930.743, 92
Trd, 4319934.093, 92
Trd, 4319934.593, 92
Trd, 4319934.843, 90
Trd, 4319935.043, 86
Trd, 4319935.243, 75
Trd, 4319939.643, 92
Trd, 4319940.193, 97
Trd, 4319940.843, 93
Trd, 4319941.793, 93
Trd, 4319945.043, 93
Trd, 4319946.393, 92
Trd, 4319947.143, 92
Trd, 4319948.993, 93
Trd, 4319949.393, 93
Trd, 4319953.243, 91
Trd, 4319953.693, 93
Trd, 4319956.693, 92
Trd, 4319957.593, 91
Trd, 4319959.143, 95
Trd, 4319960.293, 97
Trd, 4319960.793, 98
Trd, 4319961.393, 94
Trd, 4319961.843, 95
Trd, 4319962.793, 94
Trd, 4319963.593, 97
Trd, 4319964.093, 95
Trd, 4319965.943, 86
Trd, 4319969.293, 95
Trd, 4319969.343, 92
Trd, 4319971.093, 95
Trd, 4319972.493, 94
Trd, 4319973.943, 93
Trd, 4319975.793, 95
Trd, 4319978.593, 94
Trd, 4319979.643, 92
Trd, 4319981.343, 92
Trd, 4319981.993, 91
Trd, 4319982.393, 95
Trd, 4319986.043, 94
Trd, 4319987.743, 95
Trd, 4319989.143, 95
Trd, 4319991.343, 95
Trd, 4319991.943, 93
Trd, 4319992.443, 92
Trd, 4319993.293, 104
Trd, 4319994.493, 68
Trd, 4319998.043, 96
Trd, 4319998.093, 92
