Trd, 4317855.293, 99
Trd, 4317861.793, 98
Trd, 4317863.243, 96
Trd, 4317864.793, 97
Trd, 4317864.843, 98
Trd, 4317865.593, 97
Trd, 4317869.193, 95
Trd, 4317873.943, 97
Trd, 4317874.293, 97
Trd, 4317874.343, 95
Trd, 4317874.743, 98
Trd, 4317875.943, 96
Trd, 4317878.443, 95
Trd, 4317879.093, 94
Trd, 4317880.043, 93
Trd, 4317880.443, 96
Trd, 4317882.693, 92
Trd, 4317882.943, 95
Trd, 4317886.343, 93
Trd, 4317888.793, 92
Trd, 4317889.593, 93
Trd, 4317889.843, 90
Trd, 4317890.143, 93
Trd, 4317892.543, 95
Trd, 4317896.043, 92
Trd, 4317897.493, 95
Trd, 4317898.343, 94
Trd, 4317898.593, 94
Trd, 4317899.143, 94
Trd, 4317899.593, 104
Trd, 4317901.193, 93
Trd, 4317901.343, 95
Trd, 4317901.893, 95
Trd, 4317902.543, 94
Trd, 4317904.343, 95
Trd, 4317906.943, 92
Trd, 4317908.443, 93
Trd, 4317908.693, 94
Trd, 4317910.643, 94
Trd, 4317911.893, 94
Trd, 4317912.993, 94
Trd, 4317913.293, 95
Trd, 4317915.543, 95
Trd, 4317917.143, 95
Trd, 4317918.643, 98
Trd, 4317918.743, 97
Trd, 4317920.293, 96
Trd, 4317920.993, 104
Trd, 4317921.593, 97
Trd, 4317922.593, 97
Trd, 4317924.493, 97
Trd, 4317925.393, 95
Trd, 4317925.843, 98
Trd, 4317927.993, 94
Trd, 4317928.693, 98
Trd, 4317931.993, 98
Trd, 4317932.643, 95
Trd, 4317933.543, 98
Trd, 4317937.843, 98
Trd, 4317938.693, 93
Trd, 4317938.893, 98
Trd, 4317940.693, 95
Trd, 4317941.893, 94
Trd, 4317941.943, 96
Trd, 4317942.243, 104
Trd, 4317943.393, 102
Trd, 4317944.293, 98
Trd, 4317945.693, 98
Trd, 4317947.543, 97
Trd, 4317947.743, 98
Trd, 4317948.043, 98
Trd, 4317950.593, 98
Trd, 4317951.193, 104
Trd, 4317954.443, 96
Trd, 4317955.543, 95
Trd, 4317958.193, 95
Trd, 4317958.543, 95
Trd, 4317958.893, 95
Trd, 4317962.043, 95
Trd, 4317963.143, 94
Trd, 4317963.293, 95
Trd, 4317963.693, 94
Trd, 4317965.693, 93
Trd, 4317967.343, 93
Trd, 4317967.943, 94
Trd, 4317968.143, 92
Trd, 4317968.993, 95
Trd, 4317971.993, 94
Trd, 4317972.793, 95
Trd, 4317974.843, 95
Trd, 4317976.093, 90
Trd, 4317976.393, 95
Trd, 4317977.093, 95
Trd, 4317977.843, 89
Trd, 4317979.793, 90
Trd, 4317979.843, 90
Trd, 4317980.893, 90
Trd, 4317981.743, 95
Trd, 4317984.193, 91
Trd, 4317984.293, 91
Trd, 4317985.043, 94
Trd, 4317985.693, 93
Trd, 4317987.243, 92
Trd, 4317988.343, 95
Trd, 4317988.993, 95
Trd, 4317991.343, 95
Trd, 4317993.143, 91
Trd, 4317994.893, 91
Trd, 4317995.843, 85
Trd, 4317996.743, 90
Trd, 4317998.293, 104
Trd, 4318000.943, 92
Trd, 4318001.193, 93
Trd, 4318003.343, 94
Trd, 4318004.293, 92
Trd, 4318004.543, 93
Trd, 4318008.843, 90
Trd, 4318010.043, 93
Trd, 4318010.393, 95
Trd, 4318011.843, 95
Trd, 4318012.193, 104
Trd, 4318014.143, 96
Trd, 4318015.743, 95
Trd, 4318016.393, 95
Trd, 4318018.243, 92
Trd, 4318019.193, 95
Trd, 4318019.593, 92
Trd, 4318020.043, 95
Trd, 4318021.293, 95
Trd, 4318026.043, 94
Trd, 4318026.893, 95
Trd, 4318027.043, 95
Trd, 4318027.793, 95
Trd, 4318030.143, 92
Trd, 4318030.343, 95
Trd, 4318035.493, 95
Trd, 4318035.793, 95
Trd, 4318038.193, 92
Trd, 4318038.993, 95
Trd, 4318040.243, 92
Trd, 4318041.493, 95
Trd, 4318041.643, 95
Trd, 4318043.643, 93
Trd, 4318044.243, 94
Trd, 4318047.043, 94
Trd, 4318047.643, 94
Trd, 4318048.643, 94
Trd, 4318049.893, 93
Trd, 4318051.193, 94
Trd, 4318051.293, 93
Trd, 4318051.843, 92
Trd, 4318052.543, 95
Trd, 4318052.693, 104
Trd, 4318054.893, 104
Trd, 4318055.193, 112
Trd, 4318055.443, 92
Trd, 4318056.393, 100
Trd, 4318058.843, 95
Trd, 4318061.443, 97
Trd, 4318063.993, 99
Trd, 4318065.093, 99
Trd, 4318067.543, 99
Trd, 4318068.543, 96
Trd, 4318070.043, 99
Trd, 4318071.443, 99
Trd, 4318071.493, 99
Trd, 4318071.593, 94
Trd, 4318075.643, 93
Trd, 4318077.243, 92
Trd, 4318079.343, 93
Trd, 4318079.793, 91
Trd, 4318080.543, 95
Trd, 4318081.693, 93
Trd, 4318083.893, 93
Trd, 4318083.943, 93
Trd, 4318085.693, 92
Trd, 4318088.343, 93
Trd, 4318089.543, 93
Trd, 4318090.243, 94
Trd, 4318090.643, 95
Trd, 4318092.443, 94
Trd, 4318093.243, 94
Trd, 4318093.943, 93
Trd, 4318094.193, 93
Trd, 4318095.693, 95
Trd, 4318097.293, 96
Trd, 4318098.443, 95
Trd, 4318098.793, 91
Trd, 4318100.093, 96
Trd, 4318101.193, 85
Trd, 4318102.093, 96
Trd, 4318103.893, 97
Trd, 4318104.393, 97
Trd, 4318105.693, 94
Trd, 4318107.043, 97
Trd, 4318109.743, 95
Trd, 4318111.493, 94
Trd, 4318111.843, 96
Trd, 4318113.793, 94
Trd, 4318114.493, 95
Trd, 4318117.743, 95
Trd, 4318118.243, 95
Trd, 4318119.643, 95
Trd, 4318120.543, 95
Trd, 4318120.943, 93
Trd, 4318121.343, 93
Trd, 4318122.643, 91
Trd, 4318124.293, 93
Trd, 4318127.743, 85
Trd, 4318129.793, 93
Trd, 4318133.543, 93
Trd, 4318134.443, 89
Trd, 4318134.593, 93
Trd, 4318137.443, 92
Trd, 4318139.143, 92
Trd, 4318140.493, 92
Trd, 4318140.593, 92
Trd, 4318141.193, 95
Trd, 4318142.793, 93
Trd, 4318145.093, 93
Trd, 4318146.793, 95
Trd, 4318147.893, 101
Trd, 4318148.643, 96
Trd, 4318149.543, 95
Trd, 4318151.093, 105
Trd, 4318151.593, 96
Trd, 4318151.993, 96
Trd, 4318155.193, 96
Trd, 4318155.343, 96
Trd, 4318155.493, 96
Trd, 4318155.893, 105
Trd, 4318157.793, 90
Trd, 4318158.343, 92
Trd, 4318158.443, 96
Trd, 4318160.343, 95
Trd, 4318162.593, 94
Trd, 4318162.693, 94
Trd, 4318163.893, 105
Trd, 4318165.843, 92
Trd, 4318167.143, 96
Trd, 4318167.343, 96
Trd, 4318169.893, 91
Trd, 4318172.343, 90
Trd, 4318174.443, 85
Trd, 4318174.493, 91
Trd, 4318174.993, 95
Trd, 4318175.093, 94
Trd, 4318175.243, 105
Trd, 4318176.093, 95
Trd, 4318177.793, 90
Trd, 4318180.993, 95
Trd, 4318181.643, 95
Trd, 4318182.543, 95
Trd, 4318184.443, 91
Trd, 4318187.293, 95
Trd, 4318187.743, 95
Trd, 4318189.843, 95
Trd, 4318190.043, 95
Trd, 4318190.543, 95
Trd, 4318193.143, 95
Trd, 4318194.093, 95
Trd, 4318195.943, 96
Trd, 4318195.993, 93
Trd, 4318197.843, 95
Trd, 4318198.693, 93
Trd, 4318200.393, 92
Trd, 4318202.243, 92
Trd, 4318203.593, 105
Trd, 4318203.693, 91
Trd, 4318204.193, 96
Trd, 4318207.743, 95
Trd, 4318208.593, 96
Trd, 4318209.543, 97
Trd, 4318211.893, 96
Trd, 4318213.243, 95
Trd, 4318213.643, 93
Trd, 4318213.793, 99
Trd, 4318215.943, 95
Trd, 4318216.193, 85
Trd, 4318217.543, 87
Trd, 4318217.643, 95
Trd, 4318217.843, 104
Trd, 4318221.243, 92
Trd, 4318221.493, 90
Trd, 4318226.243, 93
Trd, 4318227.343, 95
Trd, 4318229.143, 92
Trd, 4318230.093, 95
Trd, 4318230.443, 95
Trd, 4318231.793, 95
Trd, 4318235.293, 96
Trd, 4318235.743, 96
Trd, 4318236.143, 95
Trd, 4318237.143, 95
Trd, 4318239.943, 95
Trd, 4318240.693, 94
Trd, 4318240.843, 94
Trd, 4318241.643, 95
Trd, 4318242.143, 94
Trd, 4318243.193, 94
Trd, 4318243.943, 85
Trd, 4318244.043, 104
Trd, 4318245.643, 96
Trd, 4318247.043, 93
Trd, 4318247.893, 95
Trd, 4318250.243, 97
Trd, 4318250.493, 95
Trd, 4318251.693, 95
Trd, 4318252.393, 92
Trd, 4318252.793, 104
Trd, 4318253.693, 84
Trd, 4318255.843, 92
Trd, 4318256.393, 95
Trd, 4318257.393, 94
Trd, 4318258.743, 93
Trd, 4318259.793, 95
Trd, 4318261.343, 95
Trd, 4318262.193, 104
Trd, 4318263.893, 93
Trd, 4318265.843, 92
Trd, 4318266.443, 92
Trd, 4318266.543, 93
Trd, 4318268.093, 95
Trd, 4318268.593, 95
Trd, 4318273.293, 94
Trd, 4318273.693, 93
Trd, 4318273.893, 94
Trd, 4318275.993, 92
Trd, 4318276.543, 95
Trd, 4318277.293, 95
Trd, 4318277.993, 94
Trd, 4318278.943, 94
Trd, 4318281.193, 94
Trd, 4318282.093, 95
Trd, 4318284.093, 94
Trd, 4318286.243, 94
Trd, 4318287.543, 93
Trd, 4318288.593, 95
Trd, 4318288.643, 95
Trd, 4318288.793, 96
Trd, 4318289.293, 76
Trd, 4318290.193, 83
Trd, 4318292.893, 95
Trd, 4318294.443, 91
Trd, 4318294.543, 104
Trd, 4318295.193, 98
Trd, 4318296.393, 104
Trd, 4318298.543, 97
Trd, 4318298.593, 94
Trd, 4318299.443, 97
Trd, 4318300.243, 97
Trd, 4318302.393, 97
Trd, 4318302.693, 94
Trd, 4318304.643, 97
Trd, 4318307.243, 97
Trd, 4318308.443, 93
Trd, 4318310.243, 97
Trd, 4318311.243, 97
Trd, 4318311.793, 92
Trd, 4318312.693, 92
Trd, 4318313.743, 92
Trd, 4318315.743, 92
Trd, 4318318.993, 85
Trd, 4318319.943, 92
Trd, 4318321.193, 91
Trd, 4318321.643, 91
Trd, 4318323.843, 88
Trd, 4318324.443, 91
Trd, 4318325.943, 91
Trd, 4318325.993, 95
Trd, 4318328.493, 93
Trd, 4318328.643, 95
Trd, 4318331.343, 93
Trd, 4318331.643, 95
Trd, 4318332.993, 93
Trd, 4318335.543, 93
Trd, 4318335.643, 93
Trd, 4318335.893, 91
Trd, 4318338.643, 93
Trd, 4318340.293, 93
Trd, 4318342.093, 93
Trd, 4318342.793, 89
Trd, 4318343.643, 91
Trd, 4318346.193, 95
Trd, 4318346.293, 104
Trd, 4318347.193, 95
Trd, 4318347.843, 89
Trd, 4318348.393, 96
Trd, 4318349.393, 102
Trd, 4318349.943, 94
Trd, 4318351.443, 96
Trd, 4318352.793, 95
Trd, 4318356.143, 95
Trd, 4318358.243, 95
Trd, 4318358.743, 96
Trd, 4318358.993, 96
Trd, 4318360.343, 96
Trd, 4318361.543, 93
Trd, 4318363.343, 98
Trd, 4318365.643, 96
Trd, 4318366.843, 96
Trd, 4318369.743, 92
Trd, 4318372.843, 95
Trd, 4318373.393, 91
Trd, 4318373.443, 95
Trd, 4318375.793, 95
Trd, 4318377.393, 95
Trd, 4318382.493, 95
Trd, 4318383.093, 93
Trd, 4318384.243, 95
Trd, 4318384.743, 95
Trd, 4318385.493, 95
Trd, 4318386.093, 95
Trd, 4318389.043, 93
Trd, 4318391.143, 95
Trd, 4318392.943, 92
Trd, 4318394.593, 93
Trd, 4318395.143, 93
Trd, 4318395.643, 91
Trd, 4318396.493, 93
Trd, 4318397.043, 94
Trd, 4318399.793, 93
Trd, 4318401.093, 95
Trd, 4318401.443, 91
Trd, 4318404.543, 93
Trd, 4318405.743, 93
Trd, 4318405.893, 94
Trd, 4318408.743, 90
Trd, 4318408.943, 93
Trd, 4318410.593, 93
Trd, 4318411.043, 95
Trd, 4318413.943, 94
Trd, 4318416.543, 92
Trd, 4318418.693, 94
Trd, 4318419.293, 94
Trd, 4318419.743, 92
Trd, 4318420.543, 94
Trd, 4318421.143, 95
Trd, 4318422.593, 105
Trd, 4318424.243, 94
Trd, 4318425.093, 95
Trd, 4318425.293, 94
Trd, 4318426.143, 112
Trd, 4318427.393, 107
Trd, 4318428.843, 104
Trd, 4318429.593, 103
Trd, 4318430.343, 112
Trd, 4318430.943, 103
Trd, 4318431.893, 108
Trd, 4318434.093, 101
Trd, 4318435.743, 99
Trd, 4318437.693, 98
Trd, 4318438.743, 100
Trd, 4318439.143, 100
Trd, 4318440.893, 100
Trd, 4318441.693, 100
Trd, 4318443.393, 97
Trd, 4318444.543, 101
Trd, 4318447.493, 97
Trd, 4318449.143, 94
Trd, 4318449.393, 95
Trd, 4318450.693, 95
Trd, 4318452.243, 104
Trd, 4318452.443, 95
Trd, 4318453.743, 100
Trd, 4318454.443, 124
Trd, 4318456.493, 95
Trd, 4318457.043, 99
Trd, 4318458.493, 99
Trd, 4318458.893, 99
Trd, 4318460.343, 99
Trd, 4318462.743, 99
Trd, 4318463.643, 99
Trd, 4318466.343, 98
Trd, 4318467.243, 98
Trd, 4318467.893, 95
Trd, 4318469.593, 93
Trd, 4318469.843, 94
Trd, 4318471.243, 94
Trd, 4318471.793, 95
Trd, 4318473.893, 93
Trd, 4318477.893, 94
Trd, 4318479.893, 94
Trd, 4318479.943, 93
Trd, 4318480.893, 94
Trd, 4318482.293, 92
Trd, 4318483.643, 94
Trd, 4318485.393, 92
Trd, 4318488.243, 92
Trd, 4318489.243, 93
Trd, 4318489.593, 93
Trd, 4318489.743, 95
Trd, 4318490.893, 104
Trd, 4318493.243, 123
Trd, 4318493.343, 110
Trd, 4318493.993, 102
Trd, 4318497.793, 102
Trd, 4318497.893, 102
Trd, 4318500.393, 102
Trd, 4318501.693, 101
Trd, 4318504.843, 100
Trd, 4318506.893, 96
Trd, 4318507.543, 97
Trd, 4318509.093, 99
Trd, 4318510.743, 96
Trd, 4318510.793, 99
Trd, 4318511.493, 99
Trd, 4318512.943, 104
Trd, 4318514.543, 95
Trd, 4318516.043, 97
Trd, 4318516.093, 95
Trd, 4318521.293, 97
Trd, 4318521.643, 99
Trd, 4318521.843, 99
Trd, 4318522.293, 104
Trd, 4318524.443, 100
Trd, 4318524.743, 96
Trd, 4318527.493, 99
Trd, 4318528.443, 98
Trd, 4318529.493, 98
Trd, 4318529.543, 99
Trd, 4318533.393, 98
Trd, 4318533.543, 97
Trd, 4318535.693, 97
Trd, 4318537.593, 95
Trd, 4318538.093, 94
Trd, 4318538.393, 93
Trd, 4318543.093, 94
Trd, 4318543.293, 94
Trd, 4318544.643, 94
Trd, 4318546.143, 95
Trd, 4318546.893, 92
Trd, 4318546.993, 96
Trd, 4318547.043, 104
Trd, 4318550.293, 97
Trd, 4318550.793, 90
Trd, 4318551.243, 140
Trd, 4318552.143, 103
Trd, 4318553.093, 109
Trd, 4318554.293, 103
Trd, 4318555.393, 106
Trd, 4318555.593, 85
Trd, 4318555.693, 109
Trd, 4318557.493, 97
Trd, 4318558.993, 102
Trd, 4318559.293, 104
Trd, 4318567.893, 97
Trd, 4318568.043, 101
Trd, 4318568.493, 101
Trd, 4318570.043, 100
Trd, 4318571.693, 96
Trd, 4318572.743, 100
Trd, 4318574.393, 101
Trd, 4318574.943, 102
Trd, 4318577.043, 94
Trd, 4318579.493, 99
Trd, 4318579.843, 96
Trd, 4318583.793, 98
Trd, 4318588.193, 95
Trd, 4318589.593, 97
Trd, 4318589.643, 97
Trd, 4318593.693, 97
Trd, 4318595.093, 98
Trd, 4318596.093, 94
Trd, 4318597.343, 97
Trd, 4318598.693, 97
Trd, 4318600.643, 96
Trd, 4318601.143, 93
Trd, 4318602.893, 96
Trd, 4318603.743, 95
Trd, 4318604.593, 93
Trd, 4318605.993, 95
Trd, 4318608.943, 95
Trd, 4318612.743, 95
Trd, 4318613.493, 95
Trd, 4318614.193, 92
Trd, 4318616.593, 95
Trd, 4318617.043, 95
Trd, 4318620.593, 94
Trd, 4318622.093, 94
Trd, 4318625.643, 93
Trd, 4318626.093, 94
Trd, 4318626.393, 94
Trd, 4318627.543, 93
Trd, 4318629.593, 89
Trd, 4318631.393, 90
Trd, 4318631.443, 92
Trd, 4318632.643, 91
Trd, 4318633.693, 95
Trd, 4318634.193, 110
Trd, 4318635.793, 98
Trd, 4318636.493, 97
Trd, 4318637.143, 104
Trd, 4318637.543, 101
Trd, 4318638.843, 119
Trd, 4318639.443, 110
Trd, 4318641.493, 103
Trd, 4318642.943, 103
Trd, 4318643.243, 100
Trd, 4318646.593, 104
Trd, 4318647.493, 102
Trd, 4318650.343, 102
Trd, 4318650.493, 101
Trd, 4318650.793, 102
Trd, 4318651.243, 101
Trd, 4318653.693, 101
Trd, 4318654.143, 100
Trd, 4318654.443, 99
Trd, 4318657.143, 98
Trd, 4318659.393, 100
Trd, 4318659.843, 102
Trd, 4318662.093, 100
Trd, 4318662.893, 97
Trd, 4318665.393, 99
Trd, 4318667.643, 99
Trd, 4318669.443, 95
Trd, 4318669.743, 99
Trd, 4318670.043, 99
Trd, 4318671.943, 99
Trd, 4318675.143, 85
Trd, 4318675.393, 94
Trd, 4318675.543, 91
Trd, 4318678.643, 92
Trd, 4318680.793, 90
Trd, 4318681.093, 92
Trd, 4318681.293, 95
Trd, 4318684.093, 102
Trd, 4318684.343, 94
Trd, 4318684.443, 104
Trd, 4318685.443, 94
Trd, 4318687.743, 96
Trd, 4318688.043, 97
Trd, 4318688.543, 98
Trd, 4318691.443, 95
Trd, 4318693.293, 96
Trd, 4318698.393, 96
Trd, 4318699.943, 96
Trd, 4318700.043, 95
Trd, 4318701.443, 94
Trd, 4318702.093, 104
Trd, 4318703.443, 94
Trd, 4318704.743, 95
Trd, 4318706.193, 94
Trd, 4318706.493, 95
Trd, 4318707.543, 95
Trd, 4318709.293, 95
Trd, 4318710.193, 93
Trd, 4318710.893, 95
Trd, 4318714.443, 95
Trd, 4318714.993, 92
Trd, 4318716.143, 95
Trd, 4318718.343, 95
Trd, 4318719.393, 91
Trd, 4318719.893, 95
Trd, 4318720.093, 95
Trd, 4318722.643, 94
Trd, 4318723.043, 94
Trd, 4318724.293, 103
Trd, 4318725.243, 102
Trd, 4318725.643, 99
Trd, 4318726.193, 97
Trd, 4318726.593, 104
Trd, 4318730.543, 99
Trd, 4318731.243, 96
Trd, 4318731.843, 98
Trd, 4318732.493, 98
Trd, 4318734.143, 92
Trd, 4318735.443, 93
Trd, 4318735.943, 95
Trd, 4318736.643, 95
Trd, 4318740.193, 95
Trd, 4318742.893, 94
Trd, 4318742.993, 95
Trd, 4318743.143, 95
Trd, 4318743.543, 95
Trd, 4318744.443, 96
Trd, 4318745.993, 93
Trd, 4318746.993, 85
Trd, 4318747.443, 95
Trd, 4318747.793, 94
Trd, 4318749.293, 94
Trd, 4318749.943, 94
Trd, 4318752.393, 94
Trd, 4318754.693, 94
Trd, 4318754.743, 93
Trd, 4318756.543, 94
Trd, 4318760.343, 94
Trd, 4318760.893, 95
Trd, 4318760.993, 93
Trd, 4318763.943, 93
Trd, 4318765.793, 95
Trd, 4318769.943, 95
Trd, 4318770.093, 93
Trd, 4318772.993, 95
Trd, 4318773.143, 95
Trd, 4318774.693, 95
Trd, 4318776.243, 96
Trd, 4318776.343, 95
Trd, 4318776.943, 93
Trd, 4318778.543, 96
Trd, 4318779.943, 108
Trd, 4318783.643, 97
Trd, 4318785.893, 96
Trd, 4318785.943, 97
Trd, 4318786.143, 97
Trd, 4318786.393, 85
Trd, 4318787.743, 95
Trd, 4318790.743, 95
Trd, 4318791.293, 95
Trd, 4318791.493, 94
Trd, 4318794.243, 95
Trd, 4318795.593, 94
Trd, 4318798.043, 94
Trd, 4318798.393, 92
Trd, 4318798.943, 93
Trd, 4318799.193, 94
Trd, 4318799.993, 92
Trd, 4318801.193, 93
Trd, 4318802.443, 95
Trd, 4318802.943, 94
Trd, 4318803.643, 94
Trd, 4318804.993, 104
Trd, 4318806.193, 100
Trd, 4318807.743, 95
Trd, 4318810.093, 97
Trd, 4318810.143, 88
Trd, 4318812.543, 93
Trd, 4318814.343, 92
Trd, 4318815.893, 93
Trd, 4318816.293, 92
Trd, 4318816.643, 92
Trd, 4318817.593, 95
Trd, 4318818.793, 93
Trd, 4318819.193, 93
Trd, 4318821.243, 95
Trd, 4318821.593, 104
Trd, 4318823.143, 94
Trd, 4318825.943, 95
Trd, 4318826.343, 94
Trd, 4318828.443, 95
Trd, 4318829.643, 96
Trd, 4318830.143, 95
Trd, 4318830.893, 85
Trd, 4318830.943, 104
Trd, 4318832.793, 134
Trd, 4318834.593, 106
Trd, 4318836.443, 104
Trd, 4318836.643, 103
Trd, 4318838.943, 98
Trd, 4318840.643, 103
Trd, 4318842.793, 103
Trd, 4318844.243, 103
Trd, 4318845.193, 103
Trd, 4318848.243, 102
Trd, 4318850.493, 101
Trd, 4318852.393, 103
Trd, 4318853.793, 103
Trd, 4318855.793, 103
Trd, 4318856.693, 101
Trd, 4318856.943, 103
Trd, 4318857.043, 104
Trd, 4318863.693, 100
Trd, 4318863.943, 101
Trd, 4318864.343, 101
Trd, 4318866.193, 101
Trd, 4318867.493, 101
Trd, 4318868.793, 99
Trd, 4318869.743, 100
Trd, 4318869.843, 98
Trd, 4318869.993, 100
Trd, 4318870.793, 98
Trd, 4318873.743, 96
Trd, 4318874.943, 95
Trd, 4318874.993, 104
Trd, 4318875.843, 93
Trd, 4318876.143, 98
Trd, 4318878.043, 96
Trd, 4318879.643, 97
Trd, 4318879.943, 96
Trd, 4318883.793, 94
Trd, 4318884.993, 96
Trd, 4318889.243, 95
Trd, 4318890.793, 95
Trd, 4318891.043, 95
Trd, 4318891.293, 85
Trd, 4318892.143, 104
Trd, 4318892.593, 106
Trd, 4318892.793, 87
Trd, 4318894.543, 92
Trd, 4318897.993, 89
Trd, 4318898.143, 87
Trd, 4318899.393, 93
Trd, 4318899.643, 85
Trd, 4318900.243, 95
Trd, 4318901.643, 95
Trd, 4318902.143, 104
Trd, 4318903.143, 98
Trd, 4318903.993, 86
Trd, 4318904.993, 92
Trd, 4318906.493, 94
Trd, 4318906.593, 94
Trd, 4318908.143, 107
Trd, 4318908.193, 135
Trd, 4318911.343, 106
Trd, 4318912.643, 108
Trd, 4318914.193, 106
Trd, 4318915.143, 105
Trd, 4318916.893, 103
Trd, 4318918.543, 104
Trd, 4318919.543, 103
Trd, 4318920.543, 102
Trd, 4318921.643, 101
Trd, 4318922.743, 101
Trd, 4318922.943, 101
Trd, 4318923.343, 100
Trd, 4318926.793, 100
Trd, 4318927.043, 98
Trd, 4318927.993, 99
Trd, 4318929.343, 100
Trd, 4318929.943, 99
Trd, 4318930.743, 104
Trd, 4318936.043, 100
Trd, 4318936.143, 98
Trd, 4318936.893, 96
Trd, 4318937.393, 99
Trd, 4318937.793, 100
Trd, 4318938.893, 96
Trd, 4318941.193, 100
Trd, 4318941.793, 95
Trd, 4318944.843, 100
Trd, 4318946.693, 100
Trd, 4318946.793, 100
Trd, 4318948.793, 100
Trd, 4318949.093, 98
Trd, 4318949.293, 97
Trd, 4318950.093, 93
Trd, 4318953.743, 100
Trd, 4318955.443, 98
Trd, 4318956.993, 98
Trd, 4318957.643, 99
Trd, 4318958.193, 94
Trd, 4318961.493, 92
Trd, 4318961.893, 92
Trd, 4318964.093, 93
Trd, 4318964.343, 94
Trd, 4318966.093, 94
Trd, 4318966.743, 91
Trd, 4318966.943, 95
Trd, 4318967.743, 95
Trd, 4318969.243, 95
Trd, 4318971.393, 95
Trd, 4318971.843, 94
Trd, 4318973.193, 91
Trd, 4318975.793, 94
Trd, 4318978.993, 95
Trd, 4318979.193, 91
Trd, 4318979.443, 94
Trd, 4318983.243, 91
Trd, 4318984.343, 90
Trd, 4318985.643, 91
Trd, 4318985.743, 89
Trd, 4318986.893, 92
Trd, 4318987.043, 95
Trd, 4318988.193, 97
Trd, 4318990.943, 95
Trd, 4318991.393, 96
Trd, 4318993.993, 94
Trd, 4318995.893, 93
Trd, 4318998.743, 93
Trd, 4319000.043, 93
Trd, 4319000.843, 93
Trd, 4319001.493, 92
Trd, 4319001.743, 92
Trd, 4319002.943, 111
Trd, 4319003.043, 93
Trd, 4319004.843, 97
Trd, 4319006.043, 95
Trd, 4319006.843, 95
Trd, 4319007.143, 96
Trd, 4319007.993, 95
Trd, 4319010.943, 94
Trd, 4319011.043, 96
Trd, 4319012.243, 97
Trd, 4319012.493, 104
Trd, 4319013.843, 93
Trd, 4319014.693, 121
Trd, 4319014.743, 109
Trd, 4319015.843, 112
Trd, 4319018.593, 104
Trd, 4319020.393, 96
Trd, 4319020.793, 101
Trd, 4319024.493, 99
Trd, 4319025.043, 99
Trd, 4319025.893, 95
Trd, 4319026.593, 99
Trd, 4319029.743, 99
Trd, 4319030.693, 94
Trd, 4319032.093, 99
Trd, 4319034.343, 99
Trd, 4319035.343, 99
Trd, 4319036.793, 95
Trd, 4319038.193, 99
Trd, 4319040.543, 99
Trd, 4319043.593, 95
Trd, 4319044.443, 97
Trd, 4319044.693, 97
Trd, 4319044.993, 102
Trd, 4319046.893, 125
Trd, 4319047.443, 106
Trd, 4319048.093, 106
Trd, 4319050.993, 105
Trd, 4319054.143, 90
Trd, 4319055.993, 87
Trd, 4319056.693, 102
Trd, 4319057.893, 97
Trd, 4319059.293, 96
Trd, 4319062.143, 94
Trd, 4319062.393, 93
Trd, 4319063.593, 95
Trd, 4319063.793, 95
Trd, 4319064.943, 94
Trd, 4319065.693, 104
Trd, 4319066.293, 99
Trd, 4319070.193, 99
Trd, 4319070.943, 98
Trd, 4319071.493, 100
Trd, 4319072.693, 95
Trd, 4319072.843, 104
Trd, 4319074.693, 91
Trd, 4319076.093, 100
Trd, 4319077.393, 100
Trd, 4319078.593, 98
Trd, 4319079.093, 99
Trd, 4319083.093, 97
Trd, 4319086.643, 97
Trd, 4319087.543, 98
Trd, 4319087.793, 97
Trd, 4319088.243, 98
Trd, 4319088.843, 98
Trd, 4319089.493, 95
Trd, 4319093.643, 98
Trd, 4319094.093, 95
Trd, 4319095.043, 98
Trd, 4319095.493, 98
Trd, 4319099.193, 97
Trd, 4319100.893, 98
Trd, 4319101.793, 98
Trd, 4319106.843, 97
Trd, 4319107.593, 98
Trd, 4319109.043, 98
Trd, 4319111.643, 97
Trd, 4319111.843, 96
Trd, 4319112.243, 98
Trd, 4319114.143, 98
Trd, 4319115.493, 98
Trd, 4319115.893, 97
Trd, 4319119.793, 97
Trd, 4319122.243, 96
Trd, 4319124.143, 97
Trd, 4319125.293, 97
Trd, 4319126.793, 95
Trd, 4319127.593, 97
Trd, 4319129.543, 96
Trd, 4319130.443, 97
Trd, 4319132.143, 95
Trd, 4319135.293, 93
Trd, 4319137.843, 93
Trd, 4319140.643, 93
Trd, 4319142.143, 91
Trd, 4319143.293, 90
Trd, 4319145.193, 91
Trd, 4319145.993, 89
Trd, 4319147.443, 90
Trd, 4319148.243, 89
Trd, 4319149.593, 89
Trd, 4319151.543, 87
Trd, 4319154.643, 89
Trd, 4319155.093, 89
Trd, 4319156.543, 89
Trd, 4319156.593, 89
Trd, 4319157.093, 95
Trd, 4319162.243, 90
Trd, 4319162.693, 90
Trd, 4319164.893, 90
Trd, 4319165.143, 91
Trd, 4319167.243, 88
Trd, 4319168.843, 86
Trd, 4319169.193, 91
Trd, 4319170.043, 90
Trd, 4319171.243, 89
Trd, 4319172.443, 88
Trd, 4319172.493, 85
Trd, 4319173.943, 89
Trd, 4319175.143, 91
Trd, 4319177.243, 91
Trd, 4319179.343, 90
Trd, 4319179.443, 91
Trd, 4319179.943, 95
Trd, 4319179.993, 88
Trd, 4319183.793, 90
Trd, 4319183.993, 87
Trd, 4319184.443, 90
Trd, 4319184.493, 91
Trd, 4319184.993, 95
Trd, 4319185.143, 87
Trd, 4319186.043, 104
Trd, 4319188.193, 96
Trd, 4319194.293, 92
Trd, 4319194.593, 92
Trd, 4319195.843, 91
Trd, 4319196.343, 90
Trd, 4319197.793, 90
Trd, 4319199.043, 90
Trd, 4319199.543, 91
Trd, 4319200.343, 92
Trd, 4319201.093, 91
Trd, 4319202.543, 104
Trd, 4319202.593, 95
Trd, 4319206.693, 93
Trd, 4319207.143, 93
Trd, 4319209.043, 93
Trd, 4319210.893, 94
Trd, 4319212.943, 95
Trd, 4319213.143, 92
Trd, 4319215.893, 91
Trd, 4319216.593, 93
Trd, 4319218.193, 93
Trd, 4319220.693, 90
Trd, 4319221.243, 93
Trd, 4319222.693, 91
Trd, 4319224.593, 93
Trd, 4319229.443, 93
Trd, 4319230.143, 93
Trd, 4319230.893, 93
Trd, 4319232.143, 93
Trd, 4319232.693, 94
Trd, 4319233.693, 95
Trd, 4319233.743, 104
Trd, 4319235.793, 92
Trd, 4319236.443, 104
Trd, 4319236.943, 104
Trd, 4319238.493, 103
Trd, 4319238.943, 99
Trd, 4319239.143, 118
Trd, 4319242.193, 102
Trd, 4319244.343, 99
Trd, 4319247.393, 100
Trd, 4319250.043, 99
Trd, 4319250.343, 98
Trd, 4319251.493, 98
Trd, 4319254.543, 98
Trd, 4319255.093, 98
Trd, 4319256.443, 100
Trd, 4319256.843, 100
Trd, 4319257.693, 99
Trd, 4319260.893, 98
Trd, 4319261.443, 100
Trd, 4319264.543, 100
Trd, 4319265.043, 97
Trd, 4319265.543, 102
Trd, 4319269.943, 100
Trd, 4319270.743, 100
Trd, 4319271.193, 97
Trd, 4319271.943, 100
Trd, 4319274.193, 100
Trd, 4319276.443, 96
Trd, 4319279.843, 99
Trd, 4319280.093, 99
Trd, 4319282.843, 98
Trd, 4319283.993, 99
Trd, 4319284.443, 97
Trd, 4319289.393, 99
Trd, 4319290.893, 99
Trd, 4319291.943, 99
Trd, 4319292.093, 98
Trd, 4319292.643, 98
Trd, 4319293.843, 97
Trd, 4319295.893, 96
Trd, 4319296.293, 97
Trd, 4319300.393, 97
Trd, 4319301.893, 95
Trd, 4319302.293, 97
Trd, 4319303.443, 94
Trd, 4319305.493, 97
Trd, 4319305.543, 97
Trd, 4319306.193, 97
Trd, 4319310.343, 97
Trd, 4319311.343, 96
Trd, 4319311.893, 97
Trd, 4319314.393, 97
Trd, 4319315.593, 97
Trd, 4319315.793, 95
Trd, 4319316.793, 97
Trd, 4319318.843, 95
Trd, 4319320.643, 96
Trd, 4319323.643, 96
Trd, 4319324.793, 95
Trd, 4319324.843, 96
Trd, 4319327.293, 96
Trd, 4319328.143, 97
Trd, 4319330.243, 76
Trd, 4319334.393, 96
Trd, 4319335.343, 96
Trd, 4319335.643, 96
Trd, 4319338.893, 93
Trd, 4319339.343, 94
Trd, 4319341.293, 93
Trd, 4319341.343, 94
Trd, 4319341.593, 93
Trd, 4319343.443, 95
Trd, 4319344.043, 81
Trd, 4319346.593, 96
Trd, 4319347.093, 96
Trd, 4319351.943, 93
Trd, 4319352.143, 93
Trd, 4319353.093, 93
Trd, 4319353.993, 90
Trd, 4319354.393, 93
Trd, 4319355.743, 94
Trd, 4319357.493, 93
Trd, 4319361.393, 93
Trd, 4319362.093, 94
Trd, 4319363.843, 95
Trd, 4319366.493, 94
Trd, 4319366.893, 99
Trd, 4319372.793, 95
Trd, 4319372.893, 95
Trd, 4319373.443, 96
Trd, 4319373.993, 93
Trd, 4319375.593, 95
Trd, 4319376.943, 94
Trd, 4319377.143, 104
Trd, 4319377.693, 93
Trd, 4319380.493, 95
Trd, 4319381.193, 97
Trd, 4319383.043, 94
Trd, 4319383.143, 96
Trd, 4319384.293, 94
Trd, 4319384.443, 96
Trd, 4319385.193, 95
Trd, 4319386.593, 104
Trd, 4319387.793, 116
Trd, 4319388.843, 107
Trd, 4319390.043, 101
Trd, 4319390.943, 103
Trd, 4319392.393, 93
Trd, 4319393.043, 100
Trd, 4319393.243, 106
Trd, 4319396.293, 100
Trd, 4319397.393, 102
Trd, 4319398.443, 102
Trd, 4319398.793, 99
Trd, 4319402.043, 99
Trd, 4319403.993, 101
Trd, 4319406.943, 97
Trd, 4319407.143, 100
Trd, 4319412.193, 100
Trd, 4319412.393, 96
Trd, 4319413.793, 100
Trd, 4319414.243, 100
Trd, 4319414.893, 100
Trd, 4319418.193, 95
Trd, 4319420.543, 100
Trd, 4319420.643, 100
Trd, 4319422.143, 98
Trd, 4319424.143, 98
Trd, 4319425.643, 98
Trd, 4319425.943, 97
Trd, 4319430.293, 97
Trd, 4319430.443, 98
Trd, 4319431.093, 97
Trd, 4319431.643, 97
Trd, 4319433.343, 96
Trd, 4319433.393, 102
Trd, 4319436.043, 95
Trd, 4319438.043, 95
Trd, 4319438.543, 94
Trd, 4319440.743, 95
Trd, 4319442.143, 95
Trd, 4319444.743, 91
Trd, 4319445.043, 95
Trd, 4319448.243, 93
Trd, 4319448.543, 94
Trd, 4319448.643, 95
Trd, 4319449.743, 93
Trd, 4319450.343, 92
Trd, 4319451.643, 89
Trd, 4319453.393, 85
Trd, 4319455.843, 89
Trd, 4319456.243, 90
Trd, 4319458.793, 90
Trd, 4319460.393, 90
Trd, 4319460.743, 90
Trd, 4319461.943, 90
Trd, 4319463.193, 89
Trd, 4319464.143, 91
Trd, 4319464.993, 91
Trd, 4319465.193, 95
Trd, 4319465.343, 104
Trd, 4319466.993, 89
Trd, 4319467.593, 96
Trd, 4319469.193, 95
Trd, 4319469.343, 95
Trd, 4319471.093, 95
Trd, 4319471.443, 91
Trd, 4319472.443, 95
Trd, 4319474.093, 89
Trd, 4319477.343, 87
Trd, 4319479.093, 94
Trd, 4319480.293, 94
Trd, 4319480.693, 95
Trd, 4319481.493, 102
Trd, 4319482.943, 96
Trd, 4319485.543, 96
Trd, 4319486.243, 98
Trd, 4319487.443, 98
Trd, 4319490.243, 98
Trd, 4319490.893, 97
Trd, 4319491.093, 98
Trd, 4319491.643, 98
Trd, 4319491.793, 105
Trd, 4319493.493, 103
Trd, 4319495.943, 100
Trd, 4319496.493, 102
Trd, 4319497.093, 105
Trd, 4319500.893, 101
Trd, 4319501.093, 103
Trd, 4319502.143, 101
Trd, 4319503.893, 103
Trd, 4319505.143, 104
Trd, 4319505.343, 91
Trd, 4319509.443, 102
Trd, 4319510.593, 102
Trd, 4319511.343, 96
Trd, 4319512.743, 102
Trd, 4319512.793, 102
Trd, 4319514.143, 95
Trd, 4319517.243, 102
Trd, 4319518.343, 100
Trd, 4319519.343, 99
Trd, 4319523.393, 95
Trd, 4319524.493, 97
Trd, 4319526.493, 97
Trd, 4319526.693, 96
Trd, 4319528.143, 97
Trd, 4319532.843, 94
Trd, 4319534.193, 95
Trd, 4319536.493, 95
Trd, 4319537.243, 104
Trd, 4319539.043, 96
Trd, 4319540.143, 95
Trd, 4319542.543, 94
Trd, 4319542.843, 96
Trd, 4319543.993, 95
Trd, 4319546.093, 95
Trd, 4319546.993, 95
Trd, 4319548.193, 95
Trd, 4319549.543, 94
Trd, 4319550.593, 95
Trd, 4319555.493, 92
Trd, 4319556.893, 95
Trd, 4319557.443, 95
Trd, 4319557.993, 92
Trd, 4319559.193, 93
Trd, 4319559.743, 94
Trd, 4319562.943, 94
Trd, 4319563.093, 95
Trd, 4319565.693, 93
Trd, 4319567.993, 92
Trd, 4319568.643, 93
Trd, 4319571.643, 92
Trd, 4319571.893, 91
Trd, 4319572.693, 91
Trd, 4319576.243, 90
Trd, 4319577.443, 91
Trd, 4319578.293, 87
Trd, 4319578.993, 91
Trd, 4319579.093, 91
Trd, 4319580.143, 91
Trd, 4319582.293, 100
Trd, 4319582.843, 104
Trd, 4319585.543, 100
Trd, 4319585.693, 95
Trd, 4319587.443, 95
Trd, 4319587.643, 98
Trd, 4319589.493, 89
Trd, 4319591.043, 88
Trd, 4319591.743, 88
Trd, 4319594.243, 92
Trd, 4319594.893, 95
Trd, 4319595.943, 91
Trd, 4319595.993, 94
Trd, 4319597.593, 93
Trd, 4319597.743, 94
Trd, 4319601.443, 94
Trd, 4319602.043, 93
Trd, 4319602.343, 93
Trd, 4319602.793, 95
Trd, 4319606.193, 94
Trd, 4319607.143, 96
Trd, 4319607.643, 82
Trd, 4319608.843, 95
Trd, 4319608.943, 95
Trd, 4319609.193, 89
Trd, 4319611.343, 96
Trd, 4319617.543, 94
Trd, 4319617.943, 91
Trd, 4319619.093, 92
Trd, 4319619.593, 90
Trd, 4319621.043, 93
Trd, 4319623.043, 91
Trd, 4319624.193, 90
Trd, 4319624.293, 95
Trd, 4319626.993, 104
Trd, 4319627.743, 100
Trd, 4319628.243, 89
Trd, 4319628.893, 76
Trd, 4319631.443, 86
Trd, 4319631.643, 95
Trd, 4319632.793, 89
Trd, 4319634.193, 91
Trd, 4319635.343, 92
Trd, 4319635.543, 104
Trd, 4319636.993, 97
Trd, 4319640.293, 96
Trd, 4319641.343, 94
Trd, 4319642.493, 94
Trd, 4319642.843, 96
Trd, 4319646.493, 95
Trd, 4319647.393, 97
Trd, 4319648.593, 95
Trd, 4319650.643, 95
Trd, 4319650.693, 95
Trd, 4319653.043, 96
Trd, 4319654.293, 94
Trd, 4319654.593, 96
Trd, 4319657.343, 97
Trd, 4319658.043, 97
Trd, 4319658.893, 96
Trd, 4319659.543, 104
Trd, 4319662.143, 92
Trd, 4319666.093, 95
Trd, 4319666.193, 95
Trd, 4319666.543, 93
Trd, 4319667.093, 95
Trd, 4319667.143, 95
Trd, 4319670.593, 95
Trd, 4319676.443, 93
Trd, 4319677.093, 95
Trd, 4319678.143, 95
Trd, 4319683.543, 95
Trd, 4319684.293, 94
Trd, 4319684.743, 95
Trd, 4319687.093, 92
Trd, 4319687.893, 90
Trd, 4319688.293, 92
Trd, 4319689.693, 91
Trd, 4319691.143, 92
Trd, 4319694.743, 89
Trd, 4319694.793, 91
Trd, 4319696.443, 95
Trd, 4319697.543, 105
Trd, 4319698.293, 97
Trd, 4319698.393, 95
Trd, 4319699.093, 94
Trd, 4319699.743, 99
Trd, 4319702.043, 95
Trd, 4319702.493, 95
Trd, 4319702.643, 93
Trd, 4319705.143, 95
Trd, 4319707.493, 96
Trd, 4319707.693, 95
Trd, 4319708.393, 95
Trd, 4319711.643, 95
Trd, 4319711.843, 95
Trd, 4319711.993, 94
Trd, 4319714.643, 101
Trd, 4319715.143, 100
Trd, 4319716.393, 98
Trd, 4319717.493, 110
Trd, 4319718.493, 121
Trd, 4319719.143, 118
Trd, 4319721.893, 98
Trd, 4319724.293, 105
Trd, 4319725.293, 105
Trd, 4319725.493, 101
Trd, 4319728.393, 102
Trd, 4319730.943, 105
Trd, 4319733.543, 100
Trd, 4319733.843, 105
Trd, 4319734.743, 104
Trd, 4319735.543, 103
Trd, 4319736.743, 100
Trd, 4319738.493, 116
Trd, 4319738.743, 114
Trd, 4319740.143, 107
Trd, 4319741.143, 107
Trd, 4319745.693, 107
Trd, 4319746.743, 107
Trd, 4319746.943, 107
Trd, 4319747.343, 102
Trd, 4319749.143, 107
Trd, 4319752.393, 106
Trd, 4319755.743, 105
Trd, 4319755.893, 103
Trd, 4319756.293, 103
Trd, 4319756.593, 105
Trd, 4319758.643, 104
Trd, 4319759.693, 103
Trd, 4319761.993, 95
Trd, 4319764.193, 98
Trd, 4319765.043, 97
Trd, 4319766.743, 98
Trd, 4319768.093, 96
Trd, 4319769.043, 98
Trd, 4319771.843, 97
Trd, 4319772.093, 97
Trd, 4319773.143, 95
Trd, 4319773.593, 97
Trd, 4319773.843, 105
Trd, 4319776.093, 100
Trd, 4319776.243, 99
Trd, 4319780.293, 97
Trd, 4319782.843, 98
Trd, 4319783.243, 99
Trd, 4319784.693, 99
Trd, 4319785.593, 99
Trd, 4319787.693, 99
Trd, 4319789.943, 85
Trd, 4319790.793, 99
Trd, 4319791.443, 99
Trd, 4319795.493, 97
Trd, 4319795.643, 98
Trd, 4319796.993, 98
Trd, 4319797.793, 92
Trd, 4319798.193, 99
Trd, 4319800.543, 94
Trd, 4319802.443, 96
Trd, 4319802.743, 96
Trd, 4319804.493, 100
Trd, 4319804.693, 104
Trd, 4319805.393, 98
Trd, 4319806.793, 96
Trd, 4319808.493, 99
Trd, 4319809.043, 98
Trd, 4319811.443, 95
Trd, 4319813.743, 97
Trd, 4319815.693, 96
Trd, 4319817.393, 94
Trd, 4319818.393, 97
Trd, 4319818.793, 97
Trd, 4319819.843, 97
Trd, 4319820.993, 97
Trd, 4319821.893, 93
Trd, 4319824.193, 104
Trd, 4319828.643, 98
Trd, 4319830.893, 97
Trd, 4319832.643, 95
Trd, 4319833.293, 97
Trd, 4319835.443, 97
Trd, 4319836.643, 93
Trd, 4319837.893, 97
Trd, 4319839.193, 97
Trd, 4319842.093, 94
Trd, 4319844.193, 96
Trd, 4319844.843, 93
Trd, 4319847.793, 96
Trd, 4319849.143, 94
Trd, 4319852.893, 93
Trd, 4319853.243, 92
Trd, 4319853.493, 93
Trd, 4319855.343, 92
Trd, 4319858.343, 90
Trd, 4319860.643, 91
Trd, 4319860.843, 91
Trd, 4319861.143, 95
Trd, 4319862.793, 89
Trd, 4319864.543, 94
Trd, 4319865.343, 88
Trd, 4319865.543, 95
Trd, 4319865.943, 104
Trd, 4319867.793, 94
Trd, 4319868.693, 98
Trd, 4319869.993, 96
Trd, 4319872.193, 95
Trd, 4319873.093, 92
Trd, 4319873.493, 91
Trd, 4319874.943, 95
Trd, 4319875.143, 104
Trd, 4319877.393, 94
Trd, 4319878.193, 91
Trd, 4319879.243, 91
Trd, 4319880.793, 90
Trd, 4319884.043, 91
Trd, 4319885.493, 90
Trd, 4319886.293, 89
Trd, 4319887.543, 90
Trd, 4319887.843, 90
Trd, 4319892.343, 88
Trd, 4319893.343, 91
Trd, 4319893.993, 91
Trd, 4319894.043, 95
Trd, 4319896.393, 93
Trd, 4319896.743, 93
Trd, 4319898.893, 93
Trd, 4319899.643, 94
Trd, 4319902.393, 90
Trd, 4319902.893, 95
Trd, 4319904.593, 95
Trd, 4319905.143, 94
Trd, 4319906.893, 90
Trd, 4319907.643, 94
Trd, 4319907.943, 95
Trd, 4319910.993, 91
Trd, 4319911.343, 94
Trd, 4319911.893, 94
Trd, 4319913.943, 95
Trd, 4319914.593, 94
Trd, 4319916.643, 104
Trd, 4319916.793, 98
Trd, 4319916.893, 76
Trd, 4319918.043, 97
Trd, 4319919.293, 84
Trd, 4319921.743, 94
Trd, 4319921.993, 92
Trd, 4319924.493, 88
Trd, 4319924.793, 90
Trd, 4319926.293, 91
Trd, 4319927.743, 91
Trd, 4319928.843, 104
Trd, 4319929.693, 96
Trd, 4319929.893, 89
Trd, 4319931.743, 94
Trd, 4319933.243, 96
Trd, 4319933.793, 98
Trd, 4319934.743, 95
Trd, 4319935.043, 104
Trd, 4319936.493, 99
Trd, 4319938.243, 102
Trd, 4319939.493, 105
Trd, 4319940.443, 102
Trd, 4319941.793, 105
Trd, 4319943.843, 105
Trd, 4319944.543, 114
Trd, 4319945.893, 104
Trd, 4319947.443, 105
Trd, 4319948.143, 106
Trd, 4319948.393, 89
Trd, 4319951.543, 101
Trd, 4319953.293, 99
Trd, 4319955.543, 100
Trd, 4319955.893, 100
Trd, 4319956.593, 98
Trd, 4319956.843, 103
Trd, 4319957.943, 102
Trd, 4319958.593, 102
Trd, 4319962.393, 97
Trd, 4319963.293, 102
Trd, 4319967.443, 96
Trd, 4319969.043, 100
Trd, 4319971.293, 100
Trd, 4319974.243, 97
Trd, 4319974.443, 99
Trd, 4319975.143, 99
Trd, 4319975.543, 97
Trd, 4319975.993, 96
Trd, 4319977.343, 97
Trd, 4319981.093, 97
Trd, 4319981.343, 104
Trd, 4319983.393, 97
Trd, 4319985.643, 94
Trd, 4319986.443, 97
Trd, 4319988.493, 94
Trd, 4319990.193, 96
Trd, 4319990.493, 95
Trd, 4319992.343, 95
Trd, 4319993.193, 95
Trd, 4319994.143, 95
Trd, 4319994.543, 94
Trd, 4319995.643, 104
Trd, 4319996.393, 96
Trd, 4319998.893, 94
Trd, 4319999.043, 96
