Trd, 4317777.293, 99
Trd, 4317777.693, 100
Trd, 4317778.143, 96
Trd, 4317780.293, 95
Trd, 4317784.793, 99
Trd, 4317785.993, 100
Trd, 4317787.143, 97
Trd, 4317788.543, 97
Trd, 4317788.993, 94
Trd, 4317790.143, 80
Trd, 4317795.993, 95
Trd, 4317797.243, 95
Trd, 4317797.393, 94
Trd, 4317801.393, 96
Trd, 4317802.093, 95
Trd, 4317802.443, 94
Trd, 4317802.893, 94
Trd, 4317807.343, 94
Trd, 4317809.093, 94
Trd, 4317810.743, 95
Trd, 4317811.143, 94
Trd, 4317811.893, 96
Trd, 4317813.643, 94
Trd, 4317814.893, 94
Trd, 4317816.193, 95
Trd, 4317817.893, 94
Trd, 4317819.143, 92
Trd, 4317819.493, 91
Trd, 4317820.793, 91
Trd, 4317822.843, 95
Trd, 4317823.493, 93
Trd, 4317824.743, 93
Trd, 4317827.493, 92
Trd, 4317828.943, 91
Trd, 4317829.393, 90
Trd, 4317832.743, 95
Trd, 4317833.943, 96
Trd, 4317835.243, 96
Trd, 4317836.793, 95
Trd, 4317838.493, 100
Trd, 4317841.143, 100
Trd, 4317841.893, 102
Trd, 4317842.843, 100
Trd, 4317846.593, 100
Trd, 4317847.193, 100
Trd, 4317848.693, 100
Trd, 4317849.543, 99
Trd, 4317851.193, 99
Trd, 4317852.493, 100
Trd, 4317853.193, 98
Trd, 4317854.193, 98
Trd, 4317858.793, 98
Trd, 4317861.793, 97
Trd, 4317863.093, 96
Trd, 4317863.793, 95
Trd, 4317864.643, 95
Trd, 4317870.893, 99
Trd, 4317873.343, 97
Trd, 4317873.643, 97
Trd, 4317874.143, 96
Trd, 4317875.793, 98
Trd, 4317877.193, 96
Trd, 4317878.543, 96
Trd, 4317885.443, 98
Trd, 4317888.193, 98
Trd, 4317888.443, 100
Trd, 4317889.743, 100
Trd, 4317889.893, 98
Trd, 4317892.843, 99
Trd, 4317893.943, 100
Trd, 4317899.693, 100
Trd, 4317899.893, 99
Trd, 4317899.943, 99
Trd, 4317900.593, 99
Trd, 4317900.893, 94
Trd, 4317903.593, 92
Trd, 4317904.343, 91
Trd, 4317908.143, 94
Trd, 4317908.543, 92
Trd, 4317914.393, 94
Trd, 4317914.443, 95
Trd, 4317916.093, 98
Trd, 4317917.743, 99
Trd, 4317918.143, 98
Trd, 4317918.343, 94
Trd, 4317921.093, 95
Trd, 4317922.543, 95
Trd, 4317923.793, 95
Trd, 4317925.743, 97
Trd, 4317926.293, 94
Trd, 4317926.543, 94
Trd, 4317930.193, 96
Trd, 4317931.093, 96
Trd, 4317931.743, 94
Trd, 4317935.143, 97
Trd, 4317940.343, 97
Trd, 4317944.293, 95
Trd, 4317944.593, 94
Trd, 4317946.443, 101
Trd, 4317947.743, 98
Trd, 4317948.943, 98
Trd, 4317949.643, 98
Trd, 4317950.393, 95
Trd, 4317952.543, 98
Trd, 4317953.893, 98
Trd, 4317956.393, 98
Trd, 4317958.543, 97
Trd, 4317959.143, 97
Trd, 4317964.793, 98
Trd, 4317965.493, 99
Trd, 4317967.143, 99
Trd, 4317967.543, 98
Trd, 4317968.393, 105
Trd, 4317969.343, 102
Trd, 4317969.393, 104
Trd, 4317971.143, 102
Trd, 4317974.393, 102
Trd, 4317975.243, 103
Trd, 4317976.293, 103
Trd, 4317978.143, 94
Trd, 4317978.693, 87
Trd, 4317978.993, 87
Trd, 4317980.993, 88
Trd, 4317983.343, 88
Trd, 4317984.743, 91
Trd, 4317987.293, 91
Trd, 4317987.693, 91
Trd, 4317990.043, 93
Trd, 4317992.293, 93
Trd, 4317992.593, 93
Trd, 4317993.543, 89
Trd, 4317994.893, 92
Trd, 4317999.443, 93
Trd, 4317999.893, 93
Trd, 4318002.993, 95
Trd, 4318005.743, 93
Trd, 4318007.693, 92
Trd, 4318008.993, 94
Trd, 4318020.143, 95
Trd, 4318020.693, 95
Trd, 4318021.143, 93
Trd, 4318021.443, 92
Trd, 4318022.393, 92
Trd, 4318026.793, 93
Trd, 4318028.193, 93
Trd, 4318028.543, 96
Trd, 4318028.593, 91
Trd, 4318030.343, 95
Trd, 4318030.393, 91
Trd, 4318035.943, 95
Trd, 4318038.293, 95
Trd, 4318039.693, 96
Trd, 4318040.243, 94
Trd, 4318042.843, 94
Trd, 4318045.243, 92
Trd, 4318047.693, 95
Trd, 4318048.143, 94
Trd, 4318048.893, 94
Trd, 4318049.943, 93
Trd, 4318051.393, 96
Trd, 4318051.893, 95
Trd, 4318053.643, 96
Trd, 4318055.343, 94
Trd, 4318057.693, 96
Trd, 4318060.643, 98
Trd, 4318060.893, 98
Trd, 4318061.093, 97
Trd, 4318063.493, 96
Trd, 4318063.993, 94
Trd, 4318067.093, 96
Trd, 4318067.643, 94
Trd, 4318067.793, 94
Trd, 4318068.393, 98
Trd, 4318073.393, 94
Trd, 4318074.093, 93
Trd, 4318074.343, 93
Trd, 4318075.543, 93
Trd, 4318078.093, 93
Trd, 4318079.943, 96
Trd, 4318080.493, 94
Trd, 4318081.943, 93
Trd, 4318084.243, 93
Trd, 4318086.043, 96
Trd, 4318086.543, 95
Trd, 4318087.593, 94
Trd, 4318090.293, 96
Trd, 4318091.143, 87
Trd, 4318091.543, 89
Trd, 4318095.243, 97
Trd, 4318096.193, 96
Trd, 4318096.443, 94
Trd, 4318097.593, 93
Trd, 4318102.393, 95
Trd, 4318103.793, 94
Trd, 4318104.993, 95
Trd, 4318109.193, 96
Trd, 4318109.743, 95
Trd, 4318112.193, 97
Trd, 4318113.243, 96
Trd, 4318116.293, 98
Trd, 4318119.043, 97
Trd, 4318119.243, 97
Trd, 4318119.343, 97
Trd, 4318123.393, 97
Trd, 4318124.243, 96
Trd, 4318125.743, 95
Trd, 4318127.843, 97
Trd, 4318132.293, 100
Trd, 4318132.843, 101
Trd, 4318133.143, 100
Trd, 4318134.043, 100
Trd, 4318135.543, 104
Trd, 4318137.843, 101
Trd, 4318140.993, 101
Trd, 4318142.793, 101
Trd, 4318142.943, 99
Trd, 4318144.243, 94
Trd, 4318145.793, 99
Trd, 4318146.293, 99
Trd, 4318148.193, 99
Trd, 4318150.693, 99
Trd, 4318150.993, 98
Trd, 4318151.243, 99
Trd, 4318152.293, 98
Trd, 4318152.493, 96
Trd, 4318153.143, 94
Trd, 4318156.943, 103
Trd, 4318158.993, 101
Trd, 4318159.443, 100
Trd, 4318160.093, 99
Trd, 4318160.743, 94
Trd, 4318162.543, 96
Trd, 4318165.643, 100
Trd, 4318166.843, 100
Trd, 4318169.443, 98
Trd, 4318169.593, 98
Trd, 4318169.643, 100
Trd, 4318170.993, 98
Trd, 4318173.293, 100
Trd, 4318174.043, 98
Trd, 4318176.393, 99
Trd, 4318177.343, 98
Trd, 4318179.243, 97
Trd, 4318182.343, 100
Trd, 4318182.793, 99
Trd, 4318186.193, 99
Trd, 4318186.693, 99
Trd, 4318189.193, 99
Trd, 4318189.493, 98
Trd, 4318195.693, 97
Trd, 4318197.793, 100
Trd, 4318198.843, 99
Trd, 4318199.243, 97
Trd, 4318199.943, 95
Trd, 4318200.593, 94
Trd, 4318201.243, 100
Trd, 4318202.343, 94
Trd, 4318206.093, 93
Trd, 4318206.493, 93
Trd, 4318207.943, 96
Trd, 4318208.093, 95
Trd, 4318210.543, 95
Trd, 4318212.193, 96
Trd, 4318213.043, 97
Trd, 4318214.443, 97
Trd, 4318216.343, 96
Trd, 4318218.643, 96
Trd, 4318218.893, 97
Trd, 4318220.843, 97
Trd, 4318221.793, 96
Trd, 4318222.893, 98
Trd, 4318223.693, 94
Trd, 4318227.693, 97
Trd, 4318229.543, 98
Trd, 4318230.393, 98
Trd, 4318231.343, 97
Trd, 4318234.493, 97
Trd, 4318236.393, 97
Trd, 4318236.443, 95
Trd, 4318240.093, 95
Trd, 4318240.293, 95
Trd, 4318241.793, 94
Trd, 4318244.293, 97
Trd, 4318245.343, 94
Trd, 4318245.843, 93
Trd, 4318245.993, 93
Trd, 4318249.893, 95
Trd, 4318253.293, 96
Trd, 4318255.693, 97
Trd, 4318256.893, 97
Trd, 4318257.993, 97
Trd, 4318260.543, 96
Trd, 4318265.493, 97
Trd, 4318265.793, 97
Trd, 4318265.843, 94
Trd, 4318267.893, 96
Trd, 4318268.543, 98
Trd, 4318269.643, 96
Trd, 4318271.393, 95
Trd, 4318274.293, 94
Trd, 4318275.043, 98
Trd, 4318276.593, 96
Trd, 4318277.843, 98
Trd, 4318278.693, 96
Trd, 4318282.243, 96
Trd, 4318283.143, 95
Trd, 4318284.243, 94
Trd, 4318285.693, 96
Trd, 4318286.143, 93
Trd, 4318289.343, 95
Trd, 4318289.443, 93
Trd, 4318295.993, 101
Trd, 4318296.543, 101
Trd, 4318296.743, 101
Trd, 4318298.393, 102
Trd, 4318300.093, 101
Trd, 4318300.393, 100
Trd, 4318301.143, 93
Trd, 4318302.243, 97
Trd, 4318304.193, 97
Trd, 4318305.993, 95
Trd, 4318306.243, 94
Trd, 4318308.243, 94
Trd, 4318310.693, 99
Trd, 4318314.143, 102
Trd, 4318315.343, 99
Trd, 4318317.343, 101
Trd, 4318320.193, 99
Trd, 4318320.393, 98
Trd, 4318321.243, 97
Trd, 4318323.193, 98
Trd, 4318323.593, 97
Trd, 4318327.943, 98
Trd, 4318332.143, 97
Trd, 4318332.193, 95
Trd, 4318335.643, 99
Trd, 4318337.743, 97
Trd, 4318337.793, 99
Trd, 4318339.743, 96
Trd, 4318339.843, 96
Trd, 4318342.893, 99
Trd, 4318345.993, 99
Trd, 4318347.643, 97
Trd, 4318348.493, 95
Trd, 4318350.043, 95
Trd, 4318350.143, 94
Trd, 4318350.393, 87
Trd, 4318352.843, 92
Trd, 4318355.143, 97
Trd, 4318355.543, 96
Trd, 4318358.243, 100
Trd, 4318358.643, 99
Trd, 4318359.643, 102
Trd, 4318361.693, 101
Trd, 4318362.693, 101
Trd, 4318364.643, 100
Trd, 4318365.393, 99
Trd, 4318367.843, 100
Trd, 4318368.693, 100
Trd, 4318369.393, 100
Trd, 4318371.593, 99
Trd, 4318373.693, 96
Trd, 4318375.593, 96
Trd, 4318377.043, 98
Trd, 4318378.493, 97
Trd, 4318378.543, 95
Trd, 4318381.493, 95
Trd, 4318382.093, 97
Trd, 4318384.743, 94
Trd, 4318385.843, 93
Trd, 4318390.143, 94
Trd, 4318393.193, 94
Trd, 4318395.593, 96
Trd, 4318395.643, 94
Trd, 4318399.143, 96
Trd, 4318400.843, 95
Trd, 4318402.543, 94
Trd, 4318402.793, 94
Trd, 4318403.493, 96
Trd, 4318403.893, 94
Trd, 4318406.543, 96
Trd, 4318407.743, 97
Trd, 4318409.293, 97
Trd, 4318411.093, 97
Trd, 4318411.343, 95
Trd, 4318413.793, 98
Trd, 4318416.443, 98
Trd, 4318418.693, 99
Trd, 4318419.593, 96
Trd, 4318422.493, 96
Trd, 4318425.343, 98
Trd, 4318427.543, 99
Trd, 4318431.043, 98
Trd, 4318431.593, 97
Trd, 4318431.943, 99
Trd, 4318433.693, 98
Trd, 4318434.293, 98
Trd, 4318435.843, 97
Trd, 4318438.243, 98
Trd, 4318438.743, 97
Trd, 4318439.993, 96
Trd, 4318440.993, 94
Trd, 4318441.693, 93
Trd, 4318443.543, 87
Trd, 4318446.393, 93
Trd, 4318446.543, 90
Trd, 4318446.893, 90
Trd, 4318448.443, 89
Trd, 4318448.793, 90
Trd, 4318450.293, 98
Trd, 4318454.193, 96
Trd, 4318455.543, 97
Trd, 4318458.093, 98
Trd, 4318458.543, 96
Trd, 4318460.243, 95
Trd, 4318460.893, 95
Trd, 4318462.593, 90
Trd, 4318462.943, 84
Trd, 4318465.043, 92
Trd, 4318469.193, 91
Trd, 4318469.493, 90
Trd, 4318469.793, 90
Trd, 4318472.243, 92
Trd, 4318474.543, 92
Trd, 4318474.643, 95
Trd, 4318475.343, 94
Trd, 4318476.793, 91
Trd, 4318479.693, 98
Trd, 4318480.193, 92
Trd, 4318482.793, 95
Trd, 4318484.693, 96
Trd, 4318485.343, 94
Trd, 4318486.343, 94
Trd, 4318487.143, 94
Trd, 4318489.243, 104
Trd, 4318489.843, 100
Trd, 4318490.743, 96
Trd, 4318493.593, 98
Trd, 4318495.043, 100
Trd, 4318495.543, 98
Trd, 4318498.193, 99
Trd, 4318498.693, 98
Trd, 4318502.643, 98
Trd, 4318503.993, 98
Trd, 4318505.293, 97
Trd, 4318507.543, 96
Trd, 4318510.143, 99
Trd, 4318514.443, 99
Trd, 4318514.543, 99
Trd, 4318515.443, 98
Trd, 4318516.193, 98
Trd, 4318517.243, 97
Trd, 4318521.743, 99
Trd, 4318523.293, 97
Trd, 4318524.243, 97
Trd, 4318525.293, 96
Trd, 4318529.243, 95
Trd, 4318531.243, 97
Trd, 4318532.993, 97
Trd, 4318534.293, 100
Trd, 4318535.743, 99
Trd, 4318536.943, 98
Trd, 4318539.343, 100
Trd, 4318539.643, 97
Trd, 4318542.843, 97
Trd, 4318543.643, 97
Trd, 4318543.843, 101
Trd, 4318545.593, 96
Trd, 4318547.143, 96
Trd, 4318553.693, 99
Trd, 4318554.743, 95
Trd, 4318556.393, 97
Trd, 4318562.243, 99
Trd, 4318562.743, 97
Trd, 4318566.393, 100
Trd, 4318570.943, 99
Trd, 4318571.293, 99
Trd, 4318573.343, 98
Trd, 4318576.793, 98
Trd, 4318578.793, 100
Trd, 4318579.793, 99
Trd, 4318579.993, 97
Trd, 4318583.943, 96
Trd, 4318589.043, 99
Trd, 4318592.243, 98
Trd, 4318593.993, 97
Trd, 4318595.593, 97
Trd, 4318597.043, 95
Trd, 4318598.443, 94
Trd, 4318600.943, 95
Trd, 4318602.543, 94
Trd, 4318603.893, 93
Trd, 4318607.843, 92
Trd, 4318609.593, 98
Trd, 4318610.993, 98
Trd, 4318614.643, 99
Trd, 4318615.543, 98
Trd, 4318617.643, 99
Trd, 4318621.193, 98
Trd, 4318624.793, 97
Trd, 4318624.943, 97
Trd, 4318626.893, 98
Trd, 4318629.443, 99
Trd, 4318633.243, 98
Trd, 4318633.993, 100
Trd, 4318634.393, 99
Trd, 4318635.093, 100
Trd, 4318636.243, 99
Trd, 4318636.643, 100
Trd, 4318636.893, 94
Trd, 4318640.143, 95
Trd, 4318643.243, 95
Trd, 4318645.343, 97
Trd, 4318646.443, 100
Trd, 4318649.693, 98
Trd, 4318651.543, 99
Trd, 4318653.793, 97
Trd, 4318657.243, 99
Trd, 4318661.293, 96
Trd, 4318662.993, 95
Trd, 4318665.643, 97
Trd, 4318669.293, 97
Trd, 4318669.643, 96
Trd, 4318670.193, 96
Trd, 4318672.143, 98
Trd, 4318673.343, 96
Trd, 4318673.393, 96
Trd, 4318681.193, 97
Trd, 4318681.793, 95
Trd, 4318682.493, 97
Trd, 4318682.743, 95
Trd, 4318683.743, 96
Trd, 4318684.243, 95
Trd, 4318689.393, 96
Trd, 4318690.293, 96
Trd, 4318690.843, 94
Trd, 4318691.993, 97
Trd, 4318693.043, 95
Trd, 4318696.343, 96
Trd, 4318696.493, 96
Trd, 4318699.843, 97
Trd, 4318700.643, 97
Trd, 4318705.043, 98
Trd, 4318705.693, 96
Trd, 4318707.193, 97
Trd, 4318710.043, 104
Trd, 4318710.193, 103
Trd, 4318710.693, 104
Trd, 4318712.443, 95
Trd, 4318714.693, 98
Trd, 4318715.693, 98
Trd, 4318717.293, 96
Trd, 4318718.243, 95
Trd, 4318722.843, 97
Trd, 4318722.943, 95
Trd, 4318724.243, 104
Trd, 4318725.693, 112
Trd, 4318726.043, 111
Trd, 4318726.543, 106
Trd, 4318727.943, 76
Trd, 4318730.143, 89
Trd, 4318730.743, 94
Trd, 4318733.743, 93
Trd, 4318735.993, 95
Trd, 4318736.293, 96
Trd, 4318740.593, 94
Trd, 4318740.993, 94
Trd, 4318742.093, 96
Trd, 4318743.793, 94
Trd, 4318744.843, 92
Trd, 4318745.293, 92
Trd, 4318746.793, 92
Trd, 4318747.543, 91
Trd, 4318750.543, 94
Trd, 4318753.493, 95
Trd, 4318755.143, 92
Trd, 4318755.893, 93
Trd, 4318755.993, 93
Trd, 4318758.093, 92
Trd, 4318760.693, 92
Trd, 4318764.993, 93
Trd, 4318768.193, 92
Trd, 4318770.343, 92
Trd, 4318770.593, 92
Trd, 4318771.643, 94
Trd, 4318774.693, 94
Trd, 4318775.143, 95
Trd, 4318781.593, 102
Trd, 4318782.093, 101
Trd, 4318782.493, 98
Trd, 4318786.293, 99
Trd, 4318786.693, 99
Trd, 4318790.393, 100
Trd, 4318792.343, 99
Trd, 4318792.893, 98
Trd, 4318796.643, 97
Trd, 4318800.343, 97
Trd, 4318803.193, 100
Trd, 4318804.993, 98
Trd, 4318805.293, 98
Trd, 4318806.493, 98
Trd, 4318806.643, 97
Trd, 4318810.693, 100
Trd, 4318812.393, 98
Trd, 4318813.943, 100
Trd, 4318817.643, 99
Trd, 4318820.593, 98
Trd, 4318821.443, 99
Trd, 4318824.893, 98
Trd, 4318825.593, 98
Trd, 4318827.693, 99
Trd, 4318829.143, 98
Trd, 4318830.743, 99
Trd, 4318832.493, 98
Trd, 4318836.143, 100
Trd, 4318836.243, 98
Trd, 4318840.943, 100
Trd, 4318841.643, 100
Trd, 4318843.493, 98
Trd, 4318846.743, 101
Trd, 4318849.243, 101
Trd, 4318849.643, 100
Trd, 4318849.793, 99
Trd, 4318852.943, 99
Trd, 4318853.493, 98
Trd, 4318854.443, 98
Trd, 4318855.793, 98
Trd, 4318860.593, 97
Trd, 4318861.993, 96
Trd, 4318863.043, 99
Trd, 4318863.343, 96
Trd, 4318864.093, 94
Trd, 4318868.643, 96
Trd, 4318869.743, 94
Trd, 4318871.543, 94
Trd, 4318871.993, 93
Trd, 4318873.393, 95
Trd, 4318875.693, 100
Trd, 4318876.893, 96
Trd, 4318878.593, 98
Trd, 4318880.643, 101
Trd, 4318880.843, 101
Trd, 4318882.093, 99
Trd, 4318885.143, 98
Trd, 4318888.143, 97
Trd, 4318889.943, 98
Trd, 4318892.143, 97
Trd, 4318894.093, 96
Trd, 4318898.193, 96
Trd, 4318901.143, 99
Trd, 4318904.843, 95
Trd, 4318905.443, 97
Trd, 4318905.593, 96
Trd, 4318905.743, 95
Trd, 4318906.493, 97
Trd, 4318908.793, 99
Trd, 4318909.493, 98
Trd, 4318911.393, 99
Trd, 4318912.493, 99
Trd, 4318912.843, 94
Trd, 4318915.293, 98
Trd, 4318917.043, 96
Trd, 4318918.493, 100
Trd, 4318918.893, 99
Trd, 4318921.393, 99
Trd, 4318921.693, 98
Trd, 4318926.743, 100
Trd, 4318929.393, 99
Trd, 4318930.793, 98
Trd, 4318931.593, 97
Trd, 4318936.443, 101
Trd, 4318937.193, 101
Trd, 4318938.043, 100
Trd, 4318938.243, 99
Trd, 4318940.393, 98
Trd, 4318941.043, 98
Trd, 4318943.993, 98
Trd, 4318946.043, 97
Trd, 4318947.593, 98
Trd, 4318948.943, 97
Trd, 4318952.343, 101
Trd, 4318953.093, 98
Trd, 4318960.393, 98
Trd, 4318962.143, 99
Trd, 4318962.643, 98
Trd, 4318964.043, 99
Trd, 4318964.943, 96
Trd, 4318966.293, 95
Trd, 4318972.343, 98
Trd, 4318973.443, 96
Trd, 4318973.593, 95
Trd, 4318973.893, 96
Trd, 4318976.293, 97
Trd, 4318976.943, 103
Trd, 4318978.593, 104
Trd, 4318979.643, 103
Trd, 4318980.893, 102
Trd, 4318981.843, 102
Trd, 4318981.893, 73
Trd, 4318983.493, 91
Trd, 4318989.593, 98
Trd, 4318994.443, 100
Trd, 4318996.593, 99
Trd, 4318997.043, 98
Trd, 4318998.343, 97
Trd, 4319000.343, 97
Trd, 4319003.643, 100
Trd, 4319004.743, 99
Trd, 4319008.393, 98
Trd, 4319008.943, 97
Trd, 4319009.843, 101
Trd, 4319011.893, 101
Trd, 4319013.393, 99
Trd, 4319015.443, 100
Trd, 4319017.243, 101
Trd, 4319017.843, 100
Trd, 4319018.243, 100
Trd, 4319020.593, 99
Trd, 4319021.443, 100
Trd, 4319022.993, 98
Trd, 4319023.643, 98
Trd, 4319029.293, 98
Trd, 4319030.043, 97
Trd, 4319031.793, 98
Trd, 4319033.143, 97
Trd, 4319034.843, 95
Trd, 4319036.443, 98
Trd, 4319037.943, 96
Trd, 4319039.093, 96
Trd, 4319039.293, 98
Trd, 4319041.893, 99
Trd, 4319043.443, 99
Trd, 4319044.343, 98
Trd, 4319047.993, 100
Trd, 4319050.043, 98
Trd, 4319052.193, 100
Trd, 4319053.693, 104
Trd, 4319054.393, 107
Trd, 4319055.193, 108
Trd, 4319058.893, 108
Trd, 4319060.343, 107
Trd, 4319060.393, 107
Trd, 4319062.693, 107
Trd, 4319065.893, 106
Trd, 4319067.093, 107
Trd, 4319067.293, 105
Trd, 4319068.393, 104
Trd, 4319069.643, 106
Trd, 4319071.243, 105
Trd, 4319072.593, 104
Trd, 4319073.893, 104
Trd, 4319076.443, 103
Trd, 4319079.343, 104
Trd, 4319081.543, 102
Trd, 4319082.143, 101
Trd, 4319082.493, 100
Trd, 4319086.243, 99
Trd, 4319090.093, 99
Trd, 4319090.593, 99
Trd, 4319093.593, 103
Trd, 4319094.093, 103
Trd, 4319094.293, 102
Trd, 4319097.893, 102
Trd, 4319099.793, 101
Trd, 4319102.893, 101
Trd, 4319103.793, 101
Trd, 4319105.843, 101
Trd, 4319106.343, 100
Trd, 4319107.043, 101
Trd, 4319109.243, 94
Trd, 4319111.343, 93
Trd, 4319114.343, 96
Trd, 4319118.293, 99
Trd, 4319119.693, 98
Trd, 4319121.643, 100
Trd, 4319122.543, 100
Trd, 4319124.943, 101
Trd, 4319124.993, 98
Trd, 4319126.793, 96
Trd, 4319129.043, 97
Trd, 4319130.693, 101
Trd, 4319131.643, 96
Trd, 4319135.543, 98
Trd, 4319138.493, 100
Trd, 4319139.693, 97
Trd, 4319145.743, 98
Trd, 4319145.943, 97
Trd, 4319146.693, 99
Trd, 4319148.193, 99
Trd, 4319148.593, 95
Trd, 4319149.643, 99
Trd, 4319153.593, 98
Trd, 4319153.843, 95
Trd, 4319154.593, 94
Trd, 4319159.543, 97
Trd, 4319161.193, 99
Trd, 4319162.043, 98
Trd, 4319163.043, 97
Trd, 4319163.643, 99
Trd, 4319166.243, 97
Trd, 4319166.843, 96
Trd, 4319170.343, 97
Trd, 4319171.393, 96
Trd, 4319174.443, 96
Trd, 4319180.043, 99
Trd, 4319181.043, 99
Trd, 4319181.593, 98
Trd, 4319185.243, 98
Trd, 4319187.343, 99
Trd, 4319187.593, 98
Trd, 4319189.193, 97
Trd, 4319191.643, 97
Trd, 4319193.693, 98
Trd, 4319195.643, 98
Trd, 4319196.693, 98
Trd, 4319197.093, 99
Trd, 4319197.693, 101
Trd, 4319199.243, 100
Trd, 4319199.393, 100
Trd, 4319202.093, 99
Trd, 4319204.093, 99
Trd, 4319205.393, 97
Trd, 4319207.443, 100
Trd, 4319208.493, 97
Trd, 4319211.643, 96
Trd, 4319215.243, 98
Trd, 4319217.443, 98
Trd, 4319218.293, 98
Trd, 4319218.493, 98
Trd, 4319224.743, 97
Trd, 4319224.793, 97
Trd, 4319225.493, 97
Trd, 4319226.693, 96
Trd, 4319227.493, 96
Trd, 4319229.743, 97
Trd, 4319232.093, 96
Trd, 4319235.093, 95
Trd, 4319236.143, 97
Trd, 4319238.543, 98
Trd, 4319240.543, 99
Trd, 4319240.793, 98
Trd, 4319241.143, 97
Trd, 4319245.093, 96
Trd, 4319246.243, 95
Trd, 4319247.043, 94
Trd, 4319249.893, 94
Trd, 4319250.793, 93
Trd, 4319256.693, 94
Trd, 4319257.643, 99
Trd, 4319258.393, 98
Trd, 4319259.893, 100
Trd, 4319261.343, 99
Trd, 4319262.143, 98
Trd, 4319262.793, 94
Trd, 4319264.893, 96
Trd, 4319267.843, 95
Trd, 4319272.143, 94
Trd, 4319272.893, 96
Trd, 4319274.593, 100
Trd, 4319275.093, 97
Trd, 4319277.743, 97
Trd, 4319279.343, 98
Trd, 4319280.643, 98
Trd, 4319281.693, 97
Trd, 4319284.793, 97
Trd, 4319290.793, 98
Trd, 4319294.493, 99
Trd, 4319296.343, 98
Trd, 4319298.493, 99
Trd, 4319299.293, 97
Trd, 4319299.343, 96
Trd, 4319302.693, 99
Trd, 4319303.993, 98
Trd, 4319305.193, 99
Trd, 4319305.543, 97
Trd, 4319307.493, 96
Trd, 4319310.443, 100
Trd, 4319313.743, 102
Trd, 4319313.993, 104
Trd, 4319314.493, 102
Trd, 4319315.343, 101
Trd, 4319317.243, 101
Trd, 4319317.293, 98
Trd, 4319324.943, 102
Trd, 4319329.443, 102
Trd, 4319329.743, 103
Trd, 4319329.993, 102
Trd, 4319330.893, 106
Trd, 4319332.393, 106
Trd, 4319332.893, 107
Trd, 4319332.993, 106
Trd, 4319334.543, 106
Trd, 4319335.893, 102
Trd, 4319336.343, 94
Trd, 4319339.043, 100
Trd, 4319342.743, 100
Trd, 4319343.443, 99
Trd, 4319345.193, 101
Trd, 4319348.143, 102
Trd, 4319348.243, 98
Trd, 4319350.493, 98
Trd, 4319351.243, 98
Trd, 4319352.343, 97
Trd, 4319353.393, 97
Trd, 4319355.193, 98
Trd, 4319355.843, 97
Trd, 4319357.643, 97
Trd, 4319363.193, 99
Trd, 4319365.843, 100
Trd, 4319366.143, 98
Trd, 4319367.543, 96
Trd, 4319368.643, 97
Trd, 4319368.943, 97
Trd, 4319371.743, 97
Trd, 4319373.943, 97
Trd, 4319378.043, 98
Trd, 4319378.393, 97
Trd, 4319381.243, 97
Trd, 4319382.793, 97
Trd, 4319383.543, 99
Trd, 4319386.143, 101
Trd, 4319388.643, 101
Trd, 4319389.193, 99
Trd, 4319391.293, 104
Trd, 4319391.693, 94
Trd, 4319394.343, 100
Trd, 4319395.643, 98
Trd, 4319399.193, 98
Trd, 4319401.193, 99
Trd, 4319401.393, 101
Trd, 4319402.843, 99
Trd, 4319406.493, 101
Trd, 4319407.193, 98
Trd, 4319407.843, 97
Trd, 4319410.193, 98
Trd, 4319411.393, 97
Trd, 4319414.443, 97
Trd, 4319414.743, 96
Trd, 4319415.793, 99
Trd, 4319419.343, 95
Trd, 4319419.443, 94
Trd, 4319421.443, 94
Trd, 4319424.443, 93
Trd, 4319426.343, 98
Trd, 4319426.893, 98
Trd, 4319427.243, 95
Trd, 4319430.943, 99
Trd, 4319432.693, 100
Trd, 4319432.943, 100
Trd, 4319433.593, 100
Trd, 4319437.343, 99
Trd, 4319438.893, 100
Trd, 4319442.493, 100
Trd, 4319444.893, 100
Trd, 4319446.093, 99
Trd, 4319447.093, 99
Trd, 4319449.243, 101
Trd, 4319449.443, 98
Trd, 4319450.693, 97
Trd, 4319451.593, 96
Trd, 4319453.043, 94
Trd, 4319454.693, 94
Trd, 4319457.893, 94
Trd, 4319458.693, 93
Trd, 4319460.443, 92
Trd, 4319462.743, 97
Trd, 4319467.193, 96
Trd, 4319468.693, 95
Trd, 4319469.243, 95
Trd, 4319471.493, 97
Trd, 4319473.743, 96
Trd, 4319474.093, 101
Trd, 4319474.643, 100
Trd, 4319474.743, 96
Trd, 4319478.893, 98
Trd, 4319479.443, 97
Trd, 4319479.793, 101
Trd, 4319482.993, 101
Trd, 4319484.043, 99
Trd, 4319484.843, 101
Trd, 4319488.043, 98
Trd, 4319488.343, 98
Trd, 4319490.893, 99
Trd, 4319493.143, 99
Trd, 4319495.093, 98
Trd, 4319497.693, 99
Trd, 4319497.743, 98
Trd, 4319498.193, 100
Trd, 4319503.393, 99
Trd, 4319506.943, 99
Trd, 4319508.693, 98
Trd, 4319513.393, 101
Trd, 4319514.943, 100
Trd, 4319515.793, 100
Trd, 4319516.393, 99
Trd, 4319517.493, 101
Trd, 4319518.043, 99
Trd, 4319523.893, 102
Trd, 4319524.643, 100
Trd, 4319527.893, 101
Trd, 4319529.193, 100
Trd, 4319529.593, 99
Trd, 4319530.043, 94
Trd, 4319532.943, 102
Trd, 4319535.143, 111
Trd, 4319535.343, 110
Trd, 4319535.893, 112
Trd, 4319537.743, 111
Trd, 4319539.043, 110
Trd, 4319540.393, 100
Trd, 4319540.643, 105
Trd, 4319541.843, 106
Trd, 4319544.893, 105
Trd, 4319545.593, 104
Trd, 4319546.793, 99
Trd, 4319546.893, 100
Trd, 4319547.443, 99
Trd, 4319548.693, 95
Trd, 4319550.493, 97
Trd, 4319556.693, 97
Trd, 4319558.293, 97
Trd, 4319558.643, 98
Trd, 4319559.993, 96
Trd, 4319560.993, 96
Trd, 4319563.143, 97
Trd, 4319564.693, 96
Trd, 4319565.343, 94
Trd, 4319568.143, 94
Trd, 4319574.693, 98
Trd, 4319576.093, 97
Trd, 4319576.593, 95
Trd, 4319578.643, 94
Trd, 4319579.293, 97
Trd, 4319580.793, 93
Trd, 4319581.793, 93
Trd, 4319584.943, 96
Trd, 4319587.693, 94
Trd, 4319587.793, 93
Trd, 4319588.393, 96
Trd, 4319590.893, 92
Trd, 4319592.793, 92
Trd, 4319595.793, 94
Trd, 4319596.243, 92
Trd, 4319597.943, 94
Trd, 4319598.993, 93
Trd, 4319601.343, 93
Trd, 4319602.493, 95
Trd, 4319602.993, 93
Trd, 4319603.293, 93
Trd, 4319606.343, 92
Trd, 4319606.693, 92
Trd, 4319607.193, 92
Trd, 4319612.943, 95
Trd, 4319616.843, 98
Trd, 4319616.943, 94
Trd, 4319617.443, 96
Trd, 4319618.943, 96
Trd, 4319619.243, 97
Trd, 4319620.043, 96
Trd, 4319624.693, 96
Trd, 4319624.893, 95
Trd, 4319625.243, 94
Trd, 4319629.643, 93
Trd, 4319632.143, 97
Trd, 4319633.893, 98
Trd, 4319634.343, 98
Trd, 4319634.493, 98
Trd, 4319637.893, 98
Trd, 4319639.193, 97
Trd, 4319641.443, 96
Trd, 4319641.843, 97
Trd, 4319642.593, 97
Trd, 4319643.393, 96
Trd, 4319644.643, 95
Trd, 4319646.743, 94
Trd, 4319647.943, 95
Trd, 4319649.043, 96
Trd, 4319649.643, 96
Trd, 4319651.793, 94
Trd, 4319653.293, 94
Trd, 4319654.443, 96
Trd, 4319657.543, 96
Trd, 4319657.793, 94
Trd, 4319657.893, 94
Trd, 4319661.843, 93
Trd, 4319664.343, 94
Trd, 4319666.393, 95
Trd, 4319667.543, 94
Trd, 4319671.543, 93
Trd, 4319672.593, 96
Trd, 4319672.693, 96
Trd, 4319673.443, 95
Trd, 4319675.993, 95
Trd, 4319677.193, 96
Trd, 4319677.493, 95
Trd, 4319681.793, 100
Trd, 4319681.893, 99
Trd, 4319682.943, 99
Trd, 4319684.643, 98
Trd, 4319685.893, 99
Trd, 4319688.643, 99
Trd, 4319689.543, 100
Trd, 4319690.043, 99
Trd, 4319693.593, 99
Trd, 4319693.993, 98
Trd, 4319694.693, 90
Trd, 4319695.093, 92
Trd, 4319696.443, 91
Trd, 4319698.393, 95
Trd, 4319700.893, 95
Trd, 4319701.543, 94
Trd, 4319704.543, 94
Trd, 4319708.193, 95
Trd, 4319708.343, 94
Trd, 4319710.743, 95
Trd, 4319711.093, 93
Trd, 4319716.193, 95
Trd, 4319716.993, 93
Trd, 4319718.893, 94
Trd, 4319720.993, 94
Trd, 4319722.793, 95
Trd, 4319724.043, 94
Trd, 4319726.393, 93
Trd, 4319729.093, 93
Trd, 4319731.393, 92
Trd, 4319735.193, 93
Trd, 4319736.143, 93
Trd, 4319736.543, 96
Trd, 4319738.993, 96
Trd, 4319739.243, 97
Trd, 4319739.293, 93
Trd, 4319742.393, 93
Trd, 4319742.743, 92
Trd, 4319744.643, 97
Trd, 4319745.543, 95
Trd, 4319749.593, 97
Trd, 4319752.393, 96
Trd, 4319753.743, 95
Trd, 4319756.693, 98
Trd, 4319757.843, 104
Trd, 4319757.893, 98
Trd, 4319760.193, 101
Trd, 4319761.443, 101
Trd, 4319763.893, 101
Trd, 4319764.843, 100
Trd, 4319765.843, 101
Trd, 4319766.443, 97
Trd, 4319768.143, 94
Trd, 4319768.943, 96
Trd, 4319772.143, 93
Trd, 4319772.193, 94
Trd, 4319772.843, 93
Trd, 4319774.993, 92
Trd, 4319776.993, 95
Trd, 4319777.543, 91
Trd, 4319781.643, 96
Trd, 4319782.443, 97
Trd, 4319785.143, 96
Trd, 4319785.743, 95
Trd, 4319786.493, 93
Trd, 4319789.343, 97
Trd, 4319789.843, 94
Trd, 4319792.143, 97
Trd, 4319793.293, 93
Trd, 4319794.043, 91
Trd, 4319796.593, 94
Trd, 4319800.043, 95
Trd, 4319801.993, 95
Trd, 4319802.243, 94
Trd, 4319805.893, 97
Trd, 4319806.193, 96
Trd, 4319807.193, 95
Trd, 4319807.593, 95
Trd, 4319807.993, 94
Trd, 4319811.293, 96
Trd, 4319816.543, 96
Trd, 4319817.943, 94
Trd, 4319818.093, 95
Trd, 4319820.443, 94
Trd, 4319821.243, 96
Trd, 4319821.543, 95
Trd, 4319824.393, 95
Trd, 4319827.793, 94
Trd, 4319830.193, 96
Trd, 4319830.993, 95
Trd, 4319831.393, 94
Trd, 4319835.093, 95
Trd, 4319836.343, 95
Trd, 4319837.293, 94
Trd, 4319843.593, 95
Trd, 4319844.293, 94
Trd, 4319845.093, 93
Trd, 4319845.193, 93
Trd, 4319845.993, 95
Trd, 4319846.893, 95
Trd, 4319849.393, 95
Trd, 4319850.143, 96
Trd, 4319850.493, 96
Trd, 4319850.693, 95
Trd, 4319853.593, 96
Trd, 4319856.343, 95
Trd, 4319859.393, 95
Trd, 4319861.593, 98
Trd, 4319863.143, 99
Trd, 4319864.143, 100
Trd, 4319866.143, 103
Trd, 4319866.643, 102
Trd, 4319868.243, 102
Trd, 4319868.993, 100
Trd, 4319870.293, 102
Trd, 4319872.693, 101
Trd, 4319874.693, 100
Trd, 4319875.593, 99
Trd, 4319875.843, 98
Trd, 4319879.443, 101
Trd, 4319880.743, 101
Trd, 4319880.843, 96
Trd, 4319882.293, 97
Trd, 4319884.293, 98
Trd, 4319884.693, 99
Trd, 4319887.143, 99
Trd, 4319889.443, 99
Trd, 4319890.593, 99
Trd, 4319891.443, 98
Trd, 4319896.593, 96
Trd, 4319897.243, 96
Trd, 4319899.943, 95
Trd, 4319902.743, 95
Trd, 4319904.443, 98
Trd, 4319905.693, 94
Trd, 4319906.143, 94
Trd, 4319910.243, 95
Trd, 4319911.993, 96
Trd, 4319916.043, 95
Trd, 4319916.443, 96
Trd, 4319917.743, 94
Trd, 4319918.543, 96
Trd, 4319921.143, 95
Trd, 4319922.243, 94
Trd, 4319926.293, 93
Trd, 4319926.343, 92
Trd, 4319928.143, 93
Trd, 4319928.593, 93
Trd, 4319931.543, 92
Trd, 4319932.843, 93
Trd, 4319933.743, 91
Trd, 4319937.643, 91
Trd, 4319939.643, 94
Trd, 4319941.993, 94
Trd, 4319943.043, 95
Trd, 4319944.343, 95
Trd, 4319945.243, 93
Trd, 4319945.493, 92
Trd, 4319951.593, 93
Trd, 4319952.743, 93
Trd, 4319954.593, 93
Trd, 4319955.743, 92
Trd, 4319958.543, 104
Trd, 4319960.393, 93
Trd, 4319964.093, 97
Trd, 4319964.643, 97
Trd, 4319966.693, 98
Trd, 4319967.693, 97
Trd, 4319969.893, 94
Trd, 4319974.543, 104
Trd, 4319976.293, 100
Trd, 4319978.443, 100
Trd, 4319978.993, 99
Trd, 4319979.293, 98
Trd, 4319982.643, 98
Trd, 4319984.193, 98
Trd, 4319985.143, 97
Trd, 4319989.443, 99
Trd, 4319992.043, 101
Trd, 4319992.093, 96
Trd, 4319993.593, 99
Trd, 4319994.843, 99
Trd, 4319996.243, 99
Trd, 4319997.693, 98
