Trd, 4317879.743, 97
Trd, 4317882.793, 97
Trd, 4317883.643, 96
Trd, 4317885.243, 97
Trd, 4317885.743, 95
Trd, 4317886.543, 97
Trd, 4317887.993, 96
Trd, 4317888.843, 96
Trd, 4317890.243, 95
Trd, 4317891.643, 96
Trd, 4317892.593, 96
Trd, 4317893.193, 95
Trd, 4317893.643, 96
Trd, 4317895.043, 95
Trd, 4317896.693, 95
Trd, 4317896.743, 96
Trd, 4317897.643, 96
Trd, 4317899.993, 95
Trd, 4317900.593, 96
Trd, 4317901.443, 95
Trd, 4317903.293, 95
Trd, 4317904.943, 96
Trd, 4317905.193, 96
Trd, 4317906.643, 95
Trd, 4317908.393, 95
Trd, 4317909.043, 95
Trd, 4317910.343, 101
Trd, 4317911.793, 106
Trd, 4317914.443, 104
Trd, 4317914.893, 104
Trd, 4317915.243, 104
Trd, 4317916.393, 103
Trd, 4317918.143, 103
Trd, 4317919.193, 103
Trd, 4317920.343, 102
Trd, 4317922.293, 103
Trd, 4317924.643, 97
Trd, 4317926.593, 94
Trd, 4317927.743, 94
Trd, 4317928.443, 94
Trd, 4317928.743, 92
Trd, 4317930.043, 94
Trd, 4317930.693, 93
Trd, 4317933.693, 94
Trd, 4317933.843, 94
Trd, 4317936.243, 94
Trd, 4317937.093, 94
Trd, 4317941.043, 94
Trd, 4317942.093, 93
Trd, 4317942.143, 94
Trd, 4317943.293, 94
Trd, 4317945.543, 99
Trd, 4317946.093, 97
Trd, 4317947.293, 105
Trd, 4317947.993, 101
Trd, 4317950.193, 102
Trd, 4317951.343, 101
Trd, 4317952.043, 100
Trd, 4317954.143, 100
Trd, 4317954.543, 101
Trd, 4317955.493, 103
Trd, 4317956.543, 102
Trd, 4317957.143, 107
Trd, 4317960.193, 100
Trd, 4317960.993, 101
Trd, 4317961.343, 100
Trd, 4317961.393, 101
Trd, 4317963.493, 100
Trd, 4317965.743, 100
Trd, 4317967.893, 100
Trd, 4317968.793, 100
Trd, 4317970.343, 100
Trd, 4317972.043, 99
Trd, 4317972.643, 99
Trd, 4317973.843, 100
Trd, 4317976.093, 97
Trd, 4317978.243, 97
Trd, 4317980.293, 90
Trd, 4317981.243, 90
Trd, 4317981.643, 91
Trd, 4317982.843, 103
Trd, 4317984.293, 92
Trd, 4317985.393, 92
Trd, 4317986.793, 93
Trd, 4317989.343, 106
Trd, 4317989.693, 96
Trd, 4317990.393, 96
Trd, 4317991.043, 96
Trd, 4317992.043, 95
Trd, 4317992.343, 96
Trd, 4317995.743, 96
Trd, 4317996.843, 98
Trd, 4317997.143, 98
Trd, 4317997.843, 96
Trd, 4317998.193, 97
Trd, 4318000.043, 100
Trd, 4318002.293, 99
Trd, 4318004.643, 101
Trd, 4318004.793, 102
Trd, 4318006.993, 101
Trd, 4318007.343, 101
Trd, 4318008.793, 109
Trd, 4318011.943, 104
Trd, 4318012.293, 103
Trd, 4318013.043, 103
Trd, 4318014.093, 103
Trd, 4318015.743, 103
Trd, 4318016.743, 104
Trd, 4318017.543, 103
Trd, 4318018.943, 103
Trd, 4318019.593, 103
Trd, 4318020.043, 104
Trd, 4318021.993, 113
Trd, 4318024.843, 104
Trd, 4318026.093, 102
Trd, 4318027.493, 102
Trd, 4318029.643, 97
Trd, 4318030.543, 92
Trd, 4318030.843, 95
Trd, 4318031.093, 92
Trd, 4318032.393, 93
Trd, 4318033.043, 93
Trd, 4318033.443, 92
Trd, 4318034.593, 93
Trd, 4318036.443, 93
Trd, 4318037.743, 111
Trd, 4318040.143, 95
Trd, 4318041.493, 96
Trd, 4318041.893, 96
Trd, 4318042.793, 95
Trd, 4318043.743, 95
Trd, 4318044.293, 95
Trd, 4318045.693, 95
Trd, 4318047.743, 95
Trd, 4318048.443, 104
Trd, 4318051.093, 95
Trd, 4318051.693, 95
Trd, 4318052.043, 96
Trd, 4318052.193, 95
Trd, 4318053.643, 96
Trd, 4318055.643, 113
Trd, 4318057.543, 108
Trd, 4318058.593, 109
Trd, 4318059.743, 113
Trd, 4318060.193, 112
Trd, 4318060.943, 109
Trd, 4318061.843, 104
Trd, 4318064.243, 100
Trd, 4318064.343, 100
Trd, 4318064.843, 99
Trd, 4318065.993, 100
Trd, 4318067.543, 102
Trd, 4318071.043, 102
Trd, 4318071.493, 101
Trd, 4318072.343, 101
Trd, 4318072.693, 101
Trd, 4318073.393, 100
Trd, 4318073.993, 101
Trd, 4318074.593, 99
Trd, 4318076.343, 94
Trd, 4318077.443, 94
Trd, 4318078.793, 95
Trd, 4318080.093, 94
Trd, 4318080.743, 95
Trd, 4318080.793, 95
Trd, 4318081.343, 104
Trd, 4318083.643, 99
Trd, 4318085.093, 104
Trd, 4318085.293, 105
Trd, 4318086.893, 104
Trd, 4318087.393, 100
Trd, 4318088.393, 100
Trd, 4318090.393, 99
Trd, 4318091.843, 97
Trd, 4318091.943, 96
Trd, 4318094.893, 97
Trd, 4318096.143, 96
Trd, 4318098.843, 95
Trd, 4318100.293, 94
Trd, 4318100.393, 94
Trd, 4318100.993, 94
Trd, 4318102.093, 104
Trd, 4318105.493, 100
Trd, 4318105.743, 99
Trd, 4318105.793, 101
Trd, 4318107.593, 98
Trd, 4318108.593, 98
Trd, 4318109.243, 97
Trd, 4318111.993, 97
Trd, 4318112.343, 96
Trd, 4318112.643, 96
Trd, 4318113.243, 97
Trd, 4318115.893, 96
Trd, 4318116.193, 95
Trd, 4318116.693, 95
Trd, 4318117.643, 95
Trd, 4318119.193, 98
Trd, 4318120.693, 100
Trd, 4318121.743, 100
Trd, 4318122.143, 98
Trd, 4318123.393, 103
Trd, 4318124.443, 100
Trd, 4318127.443, 101
Trd, 4318127.493, 103
Trd, 4318128.593, 101
Trd, 4318129.543, 100
Trd, 4318131.643, 101
Trd, 4318133.943, 100
Trd, 4318134.993, 100
Trd, 4318135.343, 100
Trd, 4318135.743, 99
Trd, 4318138.843, 99
Trd, 4318139.093, 98
Trd, 4318141.993, 97
Trd, 4318142.493, 97
Trd, 4318142.593, 96
Trd, 4318144.893, 95
Trd, 4318144.993, 97
Trd, 4318148.093, 93
Trd, 4318149.143, 93
Trd, 4318149.693, 93
Trd, 4318150.893, 106
Trd, 4318153.843, 93
Trd, 4318154.393, 93
Trd, 4318156.693, 93
Trd, 4318156.843, 93
Trd, 4318158.593, 92
Trd, 4318159.443, 93
Trd, 4318159.793, 93
Trd, 4318162.593, 98
Trd, 4318163.343, 94
Trd, 4318165.243, 93
Trd, 4318165.893, 94
Trd, 4318166.443, 94
Trd, 4318168.493, 97
Trd, 4318168.893, 96
Trd, 4318170.243, 96
Trd, 4318171.243, 104
Trd, 4318173.993, 99
Trd, 4318174.743, 102
Trd, 4318175.043, 100
Trd, 4318176.443, 101
Trd, 4318178.693, 102
Trd, 4318179.493, 101
Trd, 4318180.643, 112
Trd, 4318181.643, 106
Trd, 4318183.843, 111
Trd, 4318184.543, 105
Trd, 4318185.943, 106
Trd, 4318187.743, 106
Trd, 4318189.993, 105
Trd, 4318190.393, 104
Trd, 4318193.093, 99
Trd, 4318193.543, 100
Trd, 4318194.043, 99
Trd, 4318194.093, 100
Trd, 4318195.143, 100
Trd, 4318196.793, 100
Trd, 4318197.243, 99
Trd, 4318200.693, 100
Trd, 4318200.843, 100
Trd, 4318200.943, 113
Trd, 4318201.643, 108
Trd, 4318204.343, 112
Trd, 4318204.843, 107
Trd, 4318206.443, 111
Trd, 4318207.793, 109
Trd, 4318208.093, 108
Trd, 4318208.893, 109
Trd, 4318212.543, 103
Trd, 4318214.243, 98
Trd, 4318214.843, 99
Trd, 4318216.493, 98
Trd, 4318216.543, 98
Trd, 4318218.243, 100
Trd, 4318219.093, 99
Trd, 4318219.643, 102
Trd, 4318222.443, 100
Trd, 4318224.143, 100
Trd, 4318224.643, 99
Trd, 4318225.993, 96
Trd, 4318226.043, 97
Trd, 4318226.393, 98
Trd, 4318228.343, 97
Trd, 4318230.593, 99
Trd, 4318231.593, 98
Trd, 4318233.843, 94
Trd, 4318234.343, 95
Trd, 4318235.193, 94
Trd, 4318237.243, 94
Trd, 4318239.743, 94
Trd, 4318240.043, 92
Trd, 4318240.543, 94
Trd, 4318242.093, 104
Trd, 4318242.193, 97
Trd, 4318244.743, 96
Trd, 4318245.843, 95
Trd, 4318246.843, 93
Trd, 4318247.193, 93
Trd, 4318247.543, 94
Trd, 4318249.493, 94
Trd, 4318251.293, 106
Trd, 4318252.443, 99
Trd, 4318253.543, 102
Trd, 4318254.393, 100
Trd, 4318255.893, 104
Trd, 4318256.493, 103
Trd, 4318258.143, 102
Trd, 4318258.443, 102
Trd, 4318258.593, 104
Trd, 4318263.093, 99
Trd, 4318265.443, 98
Trd, 4318265.943, 98
Trd, 4318266.743, 97
Trd, 4318267.943, 97
Trd, 4318268.443, 97
Trd, 4318269.393, 97
Trd, 4318271.093, 96
Trd, 4318272.443, 95
Trd, 4318272.543, 104
Trd, 4318276.093, 93
Trd, 4318276.643, 93
Trd, 4318276.743, 93
Trd, 4318277.693, 95
Trd, 4318278.793, 94
Trd, 4318279.843, 95
Trd, 4318283.343, 87
Trd, 4318283.593, 88
Trd, 4318284.443, 90
Trd, 4318285.843, 92
Trd, 4318286.043, 105
Trd, 4318288.293, 96
Trd, 4318289.843, 103
Trd, 4318291.593, 102
Trd, 4318292.243, 101
Trd, 4318294.743, 99
Trd, 4318295.343, 100
Trd, 4318295.743, 100
Trd, 4318297.393, 100
Trd, 4318298.893, 100
Trd, 4318299.443, 99
Trd, 4318300.893, 100
Trd, 4318301.943, 100
Trd, 4318302.493, 99
Trd, 4318303.843, 98
Trd, 4318303.943, 99
Trd, 4318304.993, 99
Trd, 4318307.443, 99
Trd, 4318307.743, 99
Trd, 4318310.343, 98
Trd, 4318310.943, 98
Trd, 4318311.693, 98
Trd, 4318312.593, 97
Trd, 4318315.843, 98
Trd, 4318315.943, 113
Trd, 4318318.843, 98
Trd, 4318319.793, 98
Trd, 4318320.843, 98
Trd, 4318322.143, 98
Trd, 4318323.393, 97
Trd, 4318323.443, 98
Trd, 4318323.693, 97
Trd, 4318327.693, 97
Trd, 4318328.043, 96
Trd, 4318328.343, 97
Trd, 4318328.743, 97
Trd, 4318330.843, 95
Trd, 4318331.643, 100
Trd, 4318331.843, 98
Trd, 4318333.393, 99
Trd, 4318334.743, 99
Trd, 4318335.393, 99
Trd, 4318336.393, 99
Trd, 4318338.143, 98
Trd, 4318341.843, 99
Trd, 4318342.943, 99
Trd, 4318343.593, 97
Trd, 4318344.293, 97
Trd, 4318344.593, 96
Trd, 4318345.393, 96
Trd, 4318346.093, 97
Trd, 4318347.193, 97
Trd, 4318350.443, 96
Trd, 4318351.143, 97
Trd, 4318351.743, 96
Trd, 4318354.143, 97
Trd, 4318355.243, 96
Trd, 4318359.543, 96
Trd, 4318359.893, 96
Trd, 4318360.543, 96
Trd, 4318361.143, 96
Trd, 4318364.193, 95
Trd, 4318366.543, 96
Trd, 4318366.993, 96
Trd, 4318370.643, 95
Trd, 4318371.743, 96
Trd, 4318373.993, 112
Trd, 4318374.393, 101
Trd, 4318375.243, 99
Trd, 4318377.443, 98
Trd, 4318377.843, 97
Trd, 4318378.293, 99
Trd, 4318380.043, 98
Trd, 4318382.243, 98
Trd, 4318382.843, 98
Trd, 4318383.593, 98
Trd, 4318384.843, 97
Trd, 4318385.343, 98
Trd, 4318387.543, 98
Trd, 4318388.993, 99
Trd, 4318390.243, 100
Trd, 4318391.293, 99
Trd, 4318392.893, 93
Trd, 4318394.243, 93
Trd, 4318395.693, 93
Trd, 4318395.793, 106
Trd, 4318396.993, 99
Trd, 4318399.093, 102
Trd, 4318401.143, 100
Trd, 4318403.643, 96
Trd, 4318404.643, 97
Trd, 4318405.043, 96
Trd, 4318405.443, 98
Trd, 4318407.243, 99
Trd, 4318409.293, 97
Trd, 4318410.993, 97
Trd, 4318412.293, 97
Trd, 4318412.343, 105
Trd, 4318414.193, 96
Trd, 4318414.793, 97
Trd, 4318416.393, 96
Trd, 4318417.143, 95
Trd, 4318419.193, 110
Trd, 4318419.543, 104
Trd, 4318421.593, 102
Trd, 4318423.793, 102
Trd, 4318423.943, 103
Trd, 4318425.243, 104
Trd, 4318426.293, 103
Trd, 4318428.593, 103
Trd, 4318428.893, 106
Trd, 4318431.743, 104
Trd, 4318431.893, 104
Trd, 4318432.443, 104
Trd, 4318432.743, 105
Trd, 4318434.943, 103
Trd, 4318436.093, 104
Trd, 4318437.993, 104
Trd, 4318439.343, 104
Trd, 4318439.443, 103
Trd, 4318440.993, 102
Trd, 4318441.493, 103
Trd, 4318444.393, 100
Trd, 4318445.943, 98
Trd, 4318445.993, 99
Trd, 4318447.043, 99
Trd, 4318448.493, 97
Trd, 4318449.543, 96
Trd, 4318450.493, 96
Trd, 4318450.943, 96
Trd, 4318453.843, 97
Trd, 4318455.493, 95
Trd, 4318456.243, 96
Trd, 4318457.293, 96
Trd, 4318457.843, 97
Trd, 4318459.943, 96
Trd, 4318461.343, 95
Trd, 4318464.493, 97
Trd, 4318465.343, 96
Trd, 4318467.243, 97
Trd, 4318468.393, 96
Trd, 4318468.693, 97
Trd, 4318469.893, 97
Trd, 4318471.243, 96
Trd, 4318472.643, 97
Trd, 4318473.793, 97
Trd, 4318475.043, 97
Trd, 4318475.793, 96
Trd, 4318477.543, 96
Trd, 4318477.793, 95
Trd, 4318480.943, 96
Trd, 4318481.193, 96
Trd, 4318481.643, 96
Trd, 4318482.493, 96
Trd, 4318482.543, 108
Trd, 4318486.443, 95
Trd, 4318487.293, 95
Trd, 4318487.793, 94
Trd, 4318488.093, 95
Trd, 4318489.043, 95
Trd, 4318492.043, 96
Trd, 4318492.643, 93
Trd, 4318494.293, 99
Trd, 4318495.043, 96
Trd, 4318496.243, 96
Trd, 4318497.543, 96
Trd, 4318498.093, 97
Trd, 4318500.243, 101
Trd, 4318500.943, 101
Trd, 4318502.493, 100
Trd, 4318503.593, 99
Trd, 4318503.893, 98
Trd, 4318504.343, 99
Trd, 4318506.043, 99
Trd, 4318507.943, 99
Trd, 4318510.093, 97
Trd, 4318510.593, 97
Trd, 4318512.243, 97
Trd, 4318512.593, 96
Trd, 4318513.493, 95
Trd, 4318513.643, 95
Trd, 4318518.543, 97
Trd, 4318519.093, 103
Trd, 4318519.393, 97
Trd, 4318520.893, 98
Trd, 4318521.843, 97
Trd, 4318524.493, 97
Trd, 4318525.393, 96
Trd, 4318526.893, 97
Trd, 4318529.193, 95
Trd, 4318531.043, 95
Trd, 4318531.443, 95
Trd, 4318531.593, 95
Trd, 4318532.393, 94
Trd, 4318534.143, 95
Trd, 4318535.793, 95
Trd, 4318537.243, 97
Trd, 4318537.443, 95
Trd, 4318538.093, 98
Trd, 4318540.793, 103
Trd, 4318540.843, 105
Trd, 4318540.893, 99
Trd, 4318543.243, 103
Trd, 4318545.443, 104
Trd, 4318545.743, 113
Trd, 4318546.793, 103
Trd, 4318547.543, 104
Trd, 4318547.893, 103
Trd, 4318549.193, 102
Trd, 4318549.893, 103
Trd, 4318550.543, 101
Trd, 4318554.993, 102
Trd, 4318555.643, 102
Trd, 4318556.143, 101
Trd, 4318558.443, 102
Trd, 4318558.793, 102
Trd, 4318561.293, 101
Trd, 4318562.043, 101
Trd, 4318563.443, 102
Trd, 4318565.693, 100
Trd, 4318566.643, 100
Trd, 4318566.893, 101
Trd, 4318567.843, 99
Trd, 4318572.043, 99
Trd, 4318572.293, 100
Trd, 4318573.843, 99
Trd, 4318574.493, 100
Trd, 4318578.743, 99
Trd, 4318579.443, 100
Trd, 4318582.193, 100
Trd, 4318582.793, 100
Trd, 4318583.543, 100
Trd, 4318585.293, 100
Trd, 4318585.943, 99
Trd, 4318587.443, 99
Trd, 4318590.543, 99
Trd, 4318591.043, 98
Trd, 4318592.043, 98
Trd, 4318592.643, 97
Trd, 4318592.793, 98
Trd, 4318595.893, 114
Trd, 4318596.093, 113
Trd, 4318598.643, 108
Trd, 4318598.843, 107
Trd, 4318600.943, 106
Trd, 4318601.193, 107
Trd, 4318603.693, 105
Trd, 4318605.943, 98
Trd, 4318607.093, 96
Trd, 4318607.343, 97
Trd, 4318607.943, 97
Trd, 4318610.693, 97
Trd, 4318611.543, 96
Trd, 4318612.843, 95
Trd, 4318613.743, 95
Trd, 4318613.793, 96
Trd, 4318616.093, 102
Trd, 4318616.243, 103
Trd, 4318616.443, 99
Trd, 4318616.793, 99
Trd, 4318618.893, 99
Trd, 4318622.693, 100
Trd, 4318623.843, 100
Trd, 4318624.243, 101
Trd, 4318624.293, 103
Trd, 4318627.943, 101
Trd, 4318628.843, 101
Trd, 4318630.243, 102
Trd, 4318632.043, 102
Trd, 4318633.193, 102
Trd, 4318635.543, 100
Trd, 4318637.793, 100
Trd, 4318639.093, 99
Trd, 4318640.043, 100
Trd, 4318641.593, 100
Trd, 4318643.043, 101
Trd, 4318643.943, 100
Trd, 4318644.343, 101
Trd, 4318647.493, 111
Trd, 4318649.793, 101
Trd, 4318650.593, 101
Trd, 4318651.843, 101
Trd, 4318652.893, 101
Trd, 4318654.043, 101
Trd, 4318656.793, 103
Trd, 4318656.993, 102
Trd, 4318657.993, 102
Trd, 4318660.743, 103
Trd, 4318660.943, 104
Trd, 4318661.893, 103
Trd, 4318664.543, 102
Trd, 4318665.593, 103
Trd, 4318666.643, 102
Trd, 4318666.693, 102
Trd, 4318667.893, 103
Trd, 4318668.543, 103
Trd, 4318670.393, 104
Trd, 4318672.843, 104
Trd, 4318674.193, 103
Trd, 4318676.643, 104
Trd, 4318677.093, 104
Trd, 4318677.843, 104
Trd, 4318679.343, 103
Trd, 4318681.093, 102
Trd, 4318681.893, 103
Trd, 4318682.993, 103
Trd, 4318684.693, 101
Trd, 4318686.293, 96
Trd, 4318687.943, 92
Trd, 4318689.243, 92
Trd, 4318690.193, 92
Trd, 4318690.443, 92
Trd, 4318693.843, 97
Trd, 4318695.043, 98
Trd, 4318696.393, 98
Trd, 4318697.093, 97
Trd, 4318698.543, 98
Trd, 4318699.193, 105
Trd, 4318699.943, 97
Trd, 4318701.793, 96
Trd, 4318701.893, 97
Trd, 4318702.943, 96
Trd, 4318705.843, 97
Trd, 4318706.843, 97
Trd, 4318707.243, 96
Trd, 4318711.443, 97
Trd, 4318711.843, 96
Trd, 4318712.543, 97
Trd, 4318712.993, 96
Trd, 4318713.393, 97
Trd, 4318716.093, 97
Trd, 4318716.543, 96
Trd, 4318718.493, 96
Trd, 4318718.993, 95
Trd, 4318722.343, 97
Trd, 4318723.243, 96
Trd, 4318725.043, 96
Trd, 4318725.143, 95
Trd, 4318727.743, 96
Trd, 4318727.793, 95
Trd, 4318731.293, 95
Trd, 4318731.993, 96
Trd, 4318732.143, 96
Trd, 4318734.393, 95
Trd, 4318734.793, 96
Trd, 4318736.343, 96
Trd, 4318737.143, 96
Trd, 4318738.143, 96
Trd, 4318739.893, 102
Trd, 4318740.643, 102
Trd, 4318741.793, 101
Trd, 4318742.893, 102
Trd, 4318743.793, 100
Trd, 4318745.143, 98
Trd, 4318745.793, 98
Trd, 4318746.393, 98
Trd, 4318748.043, 98
Trd, 4318749.543, 97
Trd, 4318750.793, 97
Trd, 4318753.543, 97
Trd, 4318754.193, 96
Trd, 4318755.193, 97
Trd, 4318755.493, 97
Trd, 4318757.393, 97
Trd, 4318758.243, 97
Trd, 4318759.793, 98
Trd, 4318761.593, 97
Trd, 4318762.443, 97
Trd, 4318763.843, 96
Trd, 4318765.343, 95
Trd, 4318765.843, 95
Trd, 4318766.943, 95
Trd, 4318768.993, 98
Trd, 4318770.993, 100
Trd, 4318771.493, 99
Trd, 4318772.443, 98
Trd, 4318772.593, 98
Trd, 4318775.543, 98
Trd, 4318776.093, 98
Trd, 4318776.893, 100
Trd, 4318777.443, 101
Trd, 4318779.093, 101
Trd, 4318779.693, 100
Trd, 4318780.893, 99
Trd, 4318783.893, 104
Trd, 4318784.793, 99
Trd, 4318786.443, 99
Trd, 4318788.293, 99
Trd, 4318791.793, 100
Trd, 4318792.043, 100
Trd, 4318793.843, 100
Trd, 4318795.843, 98
Trd, 4318796.993, 98
Trd, 4318798.593, 99
Trd, 4318800.443, 98
Trd, 4318801.143, 99
Trd, 4318801.743, 98
Trd, 4318802.243, 97
Trd, 4318804.993, 98
Trd, 4318806.543, 98
Trd, 4318806.893, 97
Trd, 4318809.743, 98
Trd, 4318810.393, 97
Trd, 4318811.943, 98
Trd, 4318812.843, 96
Trd, 4318814.843, 97
Trd, 4318818.093, 98
Trd, 4318818.143, 97
Trd, 4318819.193, 96
Trd, 4318819.243, 98
Trd, 4318822.243, 95
Trd, 4318823.443, 96
Trd, 4318826.293, 94
Trd, 4318827.893, 93
Trd, 4318828.093, 93
Trd, 4318828.593, 93
Trd, 4318829.793, 94
Trd, 4318832.693, 93
Trd, 4318832.793, 94
Trd, 4318834.093, 96
Trd, 4318834.393, 95
Trd, 4318836.993, 96
Trd, 4318838.493, 96
Trd, 4318839.193, 96
Trd, 4318840.343, 96
Trd, 4318842.793, 95
Trd, 4318843.293, 96
Trd, 4318844.193, 96
Trd, 4318847.643, 96
Trd, 4318847.693, 95
Trd, 4318848.293, 95
Trd, 4318852.243, 96
Trd, 4318852.493, 96
Trd, 4318853.493, 96
Trd, 4318854.693, 95
Trd, 4318855.243, 95
Trd, 4318855.443, 96
Trd, 4318856.093, 96
Trd, 4318857.493, 95
Trd, 4318858.293, 96
Trd, 4318860.443, 95
Trd, 4318860.743, 95
Trd, 4318862.993, 96
Trd, 4318863.993, 96
Trd, 4318864.643, 96
Trd, 4318866.443, 96
Trd, 4318868.593, 113
Trd, 4318868.993, 99
Trd, 4318870.143, 98
Trd, 4318870.743, 97
Trd, 4318872.243, 99
Trd, 4318874.143, 99
Trd, 4318874.493, 103
Trd, 4318875.543, 98
Trd, 4318878.543, 98
Trd, 4318879.893, 99
Trd, 4318880.243, 99
Trd, 4318882.993, 98
Trd, 4318883.943, 97
Trd, 4318886.243, 96
Trd, 4318886.393, 97
Trd, 4318887.793, 92
Trd, 4318889.043, 89
Trd, 4318889.393, 89
Trd, 4318889.993, 90
Trd, 4318890.793, 90
Trd, 4318892.943, 90
Trd, 4318894.443, 91
Trd, 4318895.043, 93
Trd, 4318896.843, 105
Trd, 4318899.793, 104
Trd, 4318900.743, 102
Trd, 4318900.793, 101
Trd, 4318901.793, 103
Trd, 4318902.693, 103
Trd, 4318903.543, 104
Trd, 4318903.593, 102
Trd, 4318905.143, 101
Trd, 4318906.493, 97
Trd, 4318907.443, 98
Trd, 4318909.493, 98
Trd, 4318910.293, 98
Trd, 4318911.143, 98
Trd, 4318913.243, 97
Trd, 4318913.393, 97
Trd, 4318914.543, 98
Trd, 4318915.243, 98
Trd, 4318916.093, 105
Trd, 4318918.543, 99
Trd, 4318919.193, 97
Trd, 4318920.593, 98
Trd, 4318920.743, 98
Trd, 4318922.843, 98
Trd, 4318925.193, 97
Trd, 4318927.693, 96
Trd, 4318928.943, 97
Trd, 4318929.443, 98
Trd, 4318930.693, 98
Trd, 4318931.043, 109
Trd, 4318931.993, 100
Trd, 4318933.643, 98
Trd, 4318934.193, 96
Trd, 4318937.043, 93
Trd, 4318937.143, 93
Trd, 4318938.343, 93
Trd, 4318938.643, 93
Trd, 4318938.993, 94
Trd, 4318940.693, 94
Trd, 4318941.343, 93
Trd, 4318943.693, 94
Trd, 4318944.743, 94
Trd, 4318945.943, 109
Trd, 4318947.543, 95
Trd, 4318947.993, 95
Trd, 4318949.493, 95
Trd, 4318949.993, 95
Trd, 4318951.743, 94
Trd, 4318952.543, 93
Trd, 4318953.193, 93
Trd, 4318954.243, 112
Trd, 4318956.143, 102
Trd, 4318957.443, 98
Trd, 4318958.443, 97
Trd, 4318959.343, 96
Trd, 4318960.643, 95
Trd, 4318961.043, 95
Trd, 4318963.593, 95
Trd, 4318963.943, 110
Trd, 4318965.193, 94
Trd, 4318966.543, 95
Trd, 4318967.193, 95
Trd, 4318968.693, 95
Trd, 4318970.043, 95
Trd, 4318970.143, 95
Trd, 4318973.293, 94
Trd, 4318973.893, 94
Trd, 4318974.293, 95
Trd, 4318976.043, 92
Trd, 4318977.043, 92
Trd, 4318977.793, 91
Trd, 4318979.393, 92
Trd, 4318979.743, 92
Trd, 4318980.743, 93
Trd, 4318981.443, 92
Trd, 4318981.993, 104
Trd, 4318983.993, 100
Trd, 4318986.343, 106
Trd, 4318987.143, 103
Trd, 4318987.193, 101
Trd, 4318988.543, 102
Trd, 4318989.493, 101
Trd, 4318992.143, 100
Trd, 4318993.543, 100
Trd, 4318996.543, 104
Trd, 4318997.493, 101
Trd, 4318998.843, 97
Trd, 4318999.193, 98
Trd, 4319002.593, 94
Trd, 4319003.493, 94
Trd, 4319003.593, 95
Trd, 4319003.843, 95
Trd, 4319004.343, 107
Trd, 4319007.393, 96
Trd, 4319008.243, 97
Trd, 4319010.543, 95
Trd, 4319010.593, 95
Trd, 4319011.693, 95
Trd, 4319012.743, 94
Trd, 4319014.693, 94
Trd, 4319015.793, 93
Trd, 4319015.993, 94
Trd, 4319017.393, 94
Trd, 4319019.043, 93
Trd, 4319022.693, 95
Trd, 4319023.243, 95
Trd, 4319024.093, 97
Trd, 4319025.443, 99
Trd, 4319025.643, 110
Trd, 4319026.893, 106
Trd, 4319029.193, 100
Trd, 4319031.293, 99
Trd, 4319032.993, 100
Trd, 4319034.843, 100
Trd, 4319035.093, 99
Trd, 4319035.693, 99
Trd, 4319036.793, 99
Trd, 4319037.493, 100
Trd, 4319039.443, 103
Trd, 4319040.843, 101
Trd, 4319042.143, 101
Trd, 4319043.343, 100
Trd, 4319043.793, 101
Trd, 4319047.393, 101
Trd, 4319047.493, 101
Trd, 4319048.443, 99
Trd, 4319049.143, 99
Trd, 4319049.643, 99
Trd, 4319051.943, 99
Trd, 4319052.093, 98
Trd, 4319052.243, 99
Trd, 4319053.793, 100
Trd, 4319055.543, 100
Trd, 4319057.793, 100
Trd, 4319057.993, 99
Trd, 4319059.643, 100
Trd, 4319062.093, 99
Trd, 4319062.293, 98
Trd, 4319062.743, 98
Trd, 4319065.193, 97
Trd, 4319065.793, 98
Trd, 4319067.043, 96
Trd, 4319068.493, 98
Trd, 4319069.443, 96
Trd, 4319071.093, 96
Trd, 4319073.893, 97
Trd, 4319074.093, 98
Trd, 4319075.643, 98
Trd, 4319078.143, 96
Trd, 4319079.893, 98
Trd, 4319080.743, 96
Trd, 4319081.293, 97
Trd, 4319082.493, 97
Trd, 4319082.593, 104
Trd, 4319085.393, 94
Trd, 4319085.493, 95
Trd, 4319086.493, 94
Trd, 4319087.743, 93
Trd, 4319088.393, 94
Trd, 4319089.143, 95
Trd, 4319091.793, 92
Trd, 4319092.043, 91
Trd, 4319093.143, 91
Trd, 4319095.243, 95
Trd, 4319095.893, 96
Trd, 4319096.643, 96
Trd, 4319098.393, 96
Trd, 4319098.943, 105
Trd, 4319100.643, 95
Trd, 4319100.893, 95
Trd, 4319102.693, 92
Trd, 4319103.043, 92
Trd, 4319103.443, 93
Trd, 4319107.043, 96
Trd, 4319108.993, 95
Trd, 4319109.243, 95
Trd, 4319110.643, 94
Trd, 4319111.643, 95
Trd, 4319113.093, 96
Trd, 4319114.293, 101
Trd, 4319114.393, 98
Trd, 4319116.043, 103
Trd, 4319117.543, 105
Trd, 4319117.943, 104
Trd, 4319118.493, 105
Trd, 4319121.893, 105
Trd, 4319122.443, 103
Trd, 4319122.743, 102
Trd, 4319123.193, 102
Trd, 4319123.993, 102
Trd, 4319127.393, 96
Trd, 4319127.643, 96
Trd, 4319127.843, 96
Trd, 4319128.743, 97
Trd, 4319130.093, 96
Trd, 4319130.993, 97
Trd, 4319131.693, 97
Trd, 4319132.893, 97
Trd, 4319135.243, 97
Trd, 4319135.543, 96
Trd, 4319137.643, 94
Trd, 4319138.143, 95
Trd, 4319142.493, 100
Trd, 4319143.193, 100
Trd, 4319143.693, 99
Trd, 4319144.493, 99
Trd, 4319145.393, 97
Trd, 4319147.093, 93
Trd, 4319147.543, 92
Trd, 4319148.393, 93
Trd, 4319151.843, 93
Trd, 4319153.443, 95
Trd, 4319153.743, 102
Trd, 4319156.693, 96
Trd, 4319156.843, 107
Trd, 4319157.343, 96
Trd, 4319159.143, 95
Trd, 4319159.343, 95
Trd, 4319160.143, 95
Trd, 4319164.443, 95
Trd, 4319164.543, 96
Trd, 4319166.043, 96
Trd, 4319166.543, 97
Trd, 4319169.543, 99
Trd, 4319169.993, 98
Trd, 4319171.043, 100
Trd, 4319172.893, 97
Trd, 4319172.943, 98
Trd, 4319173.843, 108
Trd, 4319175.243, 100
Trd, 4319176.243, 111
Trd, 4319177.793, 104
Trd, 4319178.593, 103
Trd, 4319180.043, 103
Trd, 4319182.143, 103
Trd, 4319182.643, 104
Trd, 4319184.943, 104
Trd, 4319186.243, 106
Trd, 4319186.793, 103
Trd, 4319187.743, 104
Trd, 4319189.893, 103
Trd, 4319191.243, 103
Trd, 4319193.193, 104
Trd, 4319194.243, 103
Trd, 4319196.143, 103
Trd, 4319197.243, 102
Trd, 4319197.393, 102
Trd, 4319199.793, 110
Trd, 4319200.943, 102
Trd, 4319201.593, 101
Trd, 4319201.643, 102
Trd, 4319203.743, 102
Trd, 4319206.093, 100
Trd, 4319207.943, 100
Trd, 4319210.043, 95
Trd, 4319211.043, 95
Trd, 4319211.343, 97
Trd, 4319212.043, 96
Trd, 4319213.693, 105
Trd, 4319215.193, 96
Trd, 4319215.293, 96
Trd, 4319215.843, 95
Trd, 4319218.493, 95
Trd, 4319218.543, 94
Trd, 4319218.843, 95
Trd, 4319219.693, 95
Trd, 4319221.293, 95
Trd, 4319222.293, 95
Trd, 4319226.143, 95
Trd, 4319226.293, 95
Trd, 4319226.443, 95
Trd, 4319227.293, 95
Trd, 4319229.193, 106
Trd, 4319230.993, 97
Trd, 4319231.193, 96
Trd, 4319233.043, 97
Trd, 4319233.343, 96
Trd, 4319234.343, 95
Trd, 4319234.993, 95
Trd, 4319235.693, 94
Trd, 4319236.593, 95
Trd, 4319238.893, 95
Trd, 4319239.793, 95
Trd, 4319240.143, 95
Trd, 4319242.243, 97
Trd, 4319244.843, 98
Trd, 4319244.893, 97
Trd, 4319245.243, 97
Trd, 4319246.743, 97
Trd, 4319247.993, 97
Trd, 4319248.443, 96
Trd, 4319250.293, 96
Trd, 4319251.293, 95
Trd, 4319251.343, 96
Trd, 4319254.743, 96
Trd, 4319255.643, 95
Trd, 4319255.943, 94
Trd, 4319256.143, 95
Trd, 4319258.543, 92
Trd, 4319259.543, 91
Trd, 4319260.793, 92
Trd, 4319263.393, 92
Trd, 4319263.543, 92
Trd, 4319264.843, 92
Trd, 4319265.343, 92
Trd, 4319266.493, 92
Trd, 4319268.993, 91
Trd, 4319269.443, 92
Trd, 4319270.543, 92
Trd, 4319272.643, 92
Trd, 4319273.593, 92
Trd, 4319273.843, 92
Trd, 4319276.943, 93
Trd, 4319278.043, 104
Trd, 4319280.043, 96
Trd, 4319281.393, 98
Trd, 4319284.243, 99
Trd, 4319285.443, 100
Trd, 4319285.793, 103
Trd, 4319287.393, 99
Trd, 4319289.643, 98
Trd, 4319290.443, 98
Trd, 4319291.393, 97
Trd, 4319292.243, 97
Trd, 4319293.093, 100
Trd, 4319296.343, 100
Trd, 4319296.793, 98
Trd, 4319297.193, 99
Trd, 4319300.893, 98
Trd, 4319302.243, 98
Trd, 4319303.043, 97
Trd, 4319304.593, 97
Trd, 4319304.993, 96
Trd, 4319305.843, 108
Trd, 4319308.743, 100
Trd, 4319310.143, 96
Trd, 4319311.943, 96
Trd, 4319312.493, 95
Trd, 4319313.393, 111
Trd, 4319316.143, 96
Trd, 4319318.243, 97
Trd, 4319318.493, 97
Trd, 4319318.943, 97
Trd, 4319321.243, 96
Trd, 4319322.193, 97
Trd, 4319324.093, 112
Trd, 4319324.493, 105
Trd, 4319325.993, 107
Trd, 4319326.393, 106
Trd, 4319329.693, 106
Trd, 4319330.993, 108
Trd, 4319332.993, 106
Trd, 4319333.143, 105
Trd, 4319333.943, 104
Trd, 4319334.293, 104
Trd, 4319336.443, 102
Trd, 4319337.543, 104
Trd, 4319341.243, 99
Trd, 4319341.493, 99
Trd, 4319341.543, 99
Trd, 4319342.043, 99
Trd, 4319343.393, 99
Trd, 4319345.743, 98
Trd, 4319346.293, 99
Trd, 4319347.943, 98
Trd, 4319349.843, 97
Trd, 4319352.643, 97
Trd, 4319354.393, 98
Trd, 4319356.193, 96
Trd, 4319356.443, 97
Trd, 4319356.893, 97
Trd, 4319358.243, 97
Trd, 4319358.493, 113
Trd, 4319362.093, 105
Trd, 4319362.493, 105
Trd, 4319363.293, 104
Trd, 4319365.843, 98
Trd, 4319366.043, 97
Trd, 4319367.393, 97
Trd, 4319370.493, 112
Trd, 4319372.443, 101
Trd, 4319372.543, 101
Trd, 4319373.343, 101
Trd, 4319377.243, 100
Trd, 4319378.643, 101
Trd, 4319379.543, 107
Trd, 4319381.443, 101
Trd, 4319381.793, 102
Trd, 4319382.543, 112
Trd, 4319383.443, 102
Trd, 4319387.693, 101
Trd, 4319387.893, 101
Trd, 4319388.893, 101
Trd, 4319389.293, 101
Trd, 4319391.493, 101
Trd, 4319392.843, 107
Trd, 4319395.643, 101
Trd, 4319396.893, 102
Trd, 4319397.993, 102
Trd, 4319398.343, 102
Trd, 4319398.993, 103
Trd, 4319402.043, 101
Trd, 4319402.593, 101
Trd, 4319403.993, 100
Trd, 4319405.743, 100
Trd, 4319406.143, 101
Trd, 4319408.443, 100
Trd, 4319409.193, 100
Trd, 4319410.393, 100
Trd, 4319411.143, 98
Trd, 4319412.243, 99
Trd, 4319412.493, 99
Trd, 4319416.793, 98
Trd, 4319418.243, 98
Trd, 4319419.193, 104
Trd, 4319419.843, 113
Trd, 4319419.993, 112
Trd, 4319421.143, 105
Trd, 4319423.843, 99
Trd, 4319424.393, 100
Trd, 4319426.593, 97
Trd, 4319427.843, 95
Trd, 4319428.843, 95
Trd, 4319430.143, 95
Trd, 4319430.793, 95
Trd, 4319431.893, 97
Trd, 4319433.193, 98
Trd, 4319433.593, 97
Trd, 4319434.443, 96
Trd, 4319436.293, 97
Trd, 4319437.143, 113
Trd, 4319438.093, 105
Trd, 4319438.493, 104
Trd, 4319439.693, 104
Trd, 4319441.943, 102
Trd, 4319444.043, 98
Trd, 4319444.093, 100
Trd, 4319445.843, 101
Trd, 4319445.943, 101
Trd, 4319447.193, 101
Trd, 4319448.593, 104
Trd, 4319451.993, 106
Trd, 4319452.543, 105
Trd, 4319453.193, 104
Trd, 4319453.293, 106
Trd, 4319454.743, 104
Trd, 4319455.993, 103
Trd, 4319457.093, 100
Trd, 4319460.243, 86
Trd, 4319460.293, 87
Trd, 4319461.443, 87
Trd, 4319462.043, 87
Trd, 4319463.343, 87
Trd, 4319464.543, 94
Trd, 4319465.543, 90
Trd, 4319467.093, 90
Trd, 4319468.793, 105
Trd, 4319471.543, 92
Trd, 4319472.343, 90
Trd, 4319472.693, 90
Trd, 4319475.343, 90
Trd, 4319476.893, 92
Trd, 4319479.593, 101
Trd, 4319479.993, 95
Trd, 4319481.143, 96
Trd, 4319481.243, 95
Trd, 4319482.793, 98
Trd, 4319483.093, 106
Trd, 4319484.743, 102
Trd, 4319485.243, 102
Trd, 4319486.743, 102
Trd, 4319487.193, 102
Trd, 4319489.243, 101
Trd, 4319490.443, 101
Trd, 4319490.543, 102
Trd, 4319493.343, 101
Trd, 4319495.793, 99
Trd, 4319497.443, 96
Trd, 4319498.343, 96
Trd, 4319498.693, 95
Trd, 4319498.743, 96
Trd, 4319499.093, 96
Trd, 4319500.143, 96
Trd, 4319501.393, 95
Trd, 4319504.593, 95
Trd, 4319506.293, 94
Trd, 4319506.693, 94
Trd, 4319506.893, 94
Trd, 4319506.993, 95
Trd, 4319510.843, 99
Trd, 4319511.643, 100
Trd, 4319511.943, 100
Trd, 4319513.293, 102
Trd, 4319513.793, 101
Trd, 4319513.993, 101
Trd, 4319515.743, 111
Trd, 4319517.493, 99
Trd, 4319517.693, 101
Trd, 4319521.243, 98
Trd, 4319522.743, 96
Trd, 4319523.143, 96
Trd, 4319523.243, 105
Trd, 4319525.243, 97
Trd, 4319526.143, 98
Trd, 4319527.943, 97
Trd, 4319528.793, 98
Trd, 4319529.743, 97
Trd, 4319530.093, 97
Trd, 4319530.393, 96
Trd, 4319532.443, 96
Trd, 4319535.093, 94
Trd, 4319536.093, 93
Trd, 4319536.293, 94
Trd, 4319538.593, 93
Trd, 4319538.643, 93
Trd, 4319539.793, 93
Trd, 4319542.343, 93
Trd, 4319543.793, 93
Trd, 4319544.093, 93
Trd, 4319546.193, 92
Trd, 4319546.993, 93
Trd, 4319548.893, 94
Trd, 4319550.843, 94
Trd, 4319552.093, 94
Trd, 4319552.793, 94
Trd, 4319555.093, 93
Trd, 4319555.193, 92
Trd, 4319555.243, 95
Trd, 4319560.243, 93
Trd, 4319560.843, 93
Trd, 4319561.843, 93
Trd, 4319563.643, 91
Trd, 4319563.793, 92
Trd, 4319564.543, 91
Trd, 4319566.093, 92
Trd, 4319568.943, 92
Trd, 4319570.893, 93
Trd, 4319571.243, 95
Trd, 4319572.343, 96
Trd, 4319572.643, 95
Trd, 4319574.843, 94
Trd, 4319575.843, 95
Trd, 4319577.293, 95
Trd, 4319578.043, 93
Trd, 4319578.993, 94
Trd, 4319579.043, 94
Trd, 4319580.943, 94
Trd, 4319582.093, 104
Trd, 4319582.993, 95
Trd, 4319583.893, 96
Trd, 4319585.093, 96
Trd, 4319588.793, 96
Trd, 4319588.893, 96
Trd, 4319590.543, 96
Trd, 4319591.593, 95
Trd, 4319593.343, 95
Trd, 4319593.843, 95
Trd, 4319595.593, 99
Trd, 4319597.143, 104
Trd, 4319598.543, 103
Trd, 4319599.143, 103
Trd, 4319600.493, 102
Trd, 4319600.843, 102
Trd, 4319602.843, 103
Trd, 4319604.343, 101
Trd, 4319604.643, 103
Trd, 4319606.443, 100
Trd, 4319607.693, 100
Trd, 4319607.993, 101
Trd, 4319609.593, 99
Trd, 4319610.243, 99
Trd, 4319612.493, 94
Trd, 4319613.093, 94
Trd, 4319613.493, 95
Trd, 4319614.293, 94
Trd, 4319617.743, 100
Trd, 4319617.893, 97
Trd, 4319618.393, 97
Trd, 4319618.993, 100
Trd, 4319619.943, 97
Trd, 4319621.393, 96
Trd, 4319622.093, 96
Trd, 4319623.943, 105
Trd, 4319626.943, 97
Trd, 4319627.093, 96
Trd, 4319627.343, 96
Trd, 4319629.043, 95
Trd, 4319629.443, 96
Trd, 4319630.993, 97
Trd, 4319632.393, 95
Trd, 4319633.693, 95
Trd, 4319634.443, 97
Trd, 4319635.093, 95
Trd, 4319637.093, 94
Trd, 4319638.343, 95
Trd, 4319640.293, 95
Trd, 4319640.543, 95
Trd, 4319642.243, 93
Trd, 4319643.343, 93
Trd, 4319644.243, 94
Trd, 4319645.993, 94
Trd, 4319648.293, 93
Trd, 4319648.893, 93
Trd, 4319649.493, 94
Trd, 4319650.793, 93
Trd, 4319651.793, 92
Trd, 4319653.643, 92
Trd, 4319654.593, 93
Trd, 4319654.893, 95
Trd, 4319655.843, 94
Trd, 4319657.343, 95
Trd, 4319657.743, 99
Trd, 4319659.093, 97
Trd, 4319660.443, 96
Trd, 4319661.343, 96
Trd, 4319662.743, 96
Trd, 4319663.543, 95
Trd, 4319663.893, 96
Trd, 4319665.593, 96
Trd, 4319667.043, 96
Trd, 4319668.393, 96
Trd, 4319669.543, 101
Trd, 4319672.193, 95
Trd, 4319672.843, 95
Trd, 4319673.443, 95
Trd, 4319675.193, 95
Trd, 4319675.893, 94
Trd, 4319676.393, 93
Trd, 4319678.943, 102
Trd, 4319679.443, 94
Trd, 4319681.143, 95
Trd, 4319681.693, 94
Trd, 4319683.543, 95
Trd, 4319683.843, 95
Trd, 4319686.943, 98
Trd, 4319687.743, 98
Trd, 4319688.143, 104
Trd, 4319688.893, 97
Trd, 4319689.543, 97
Trd, 4319691.493, 97
Trd, 4319694.493, 98
Trd, 4319696.343, 98
Trd, 4319697.093, 98
Trd, 4319697.543, 99
Trd, 4319699.043, 99
Trd, 4319700.743, 97
Trd, 4319701.193, 95
Trd, 4319701.693, 96
Trd, 4319702.993, 96
Trd, 4319704.943, 95
Trd, 4319705.843, 96
Trd, 4319706.543, 96
Trd, 4319706.893, 96
Trd, 4319710.743, 95
Trd, 4319712.093, 96
Trd, 4319712.993, 95
Trd, 4319714.093, 96
Trd, 4319714.993, 94
Trd, 4319715.093, 95
Trd, 4319717.993, 87
Trd, 4319719.293, 88
Trd, 4319719.393, 88
Trd, 4319720.193, 88
Trd, 4319722.143, 93
Trd, 4319722.493, 92
Trd, 4319724.893, 95
Trd, 4319725.143, 103
Trd, 4319726.343, 95
Trd, 4319729.093, 97
Trd, 4319729.893, 97
Trd, 4319730.643, 96
Trd, 4319732.693, 97
Trd, 4319733.893, 95
Trd, 4319735.143, 95
Trd, 4319735.543, 96
Trd, 4319738.243, 95
Trd, 4319738.643, 96
Trd, 4319740.443, 96
Trd, 4319740.743, 95
Trd, 4319743.043, 96
Trd, 4319744.693, 95
Trd, 4319745.293, 95
Trd, 4319745.743, 96
Trd, 4319747.093, 104
Trd, 4319750.093, 96
Trd, 4319750.543, 96
Trd, 4319750.793, 95
Trd, 4319751.293, 96
Trd, 4319752.643, 95
Trd, 4319753.343, 95
Trd, 4319754.343, 95
Trd, 4319755.193, 94
Trd, 4319756.893, 94
Trd, 4319758.093, 94
Trd, 4319759.093, 94
Trd, 4319761.343, 94
Trd, 4319762.993, 94
Trd, 4319764.243, 94
Trd, 4319765.143, 94
Trd, 4319765.693, 93
Trd, 4319767.393, 95
Trd, 4319768.993, 113
Trd, 4319771.843, 106
Trd, 4319771.943, 104
Trd, 4319772.543, 103
Trd, 4319773.143, 104
Trd, 4319774.043, 106
Trd, 4319774.493, 103
Trd, 4319775.193, 103
Trd, 4319777.893, 99
Trd, 4319778.643, 100
Trd, 4319779.243, 99
Trd, 4319779.493, 99
Trd, 4319781.643, 98
Trd, 4319782.043, 99
Trd, 4319784.793, 101
Trd, 4319785.193, 102
Trd, 4319785.893, 101
Trd, 4319786.243, 101
Trd, 4319787.843, 96
Trd, 4319788.993, 97
Trd, 4319789.293, 98
Trd, 4319791.343, 98
Trd, 4319792.343, 97
Trd, 4319793.443, 97
Trd, 4319794.393, 97
Trd, 4319797.093, 99
Trd, 4319797.993, 98
Trd, 4319799.893, 97
Trd, 4319800.193, 96
Trd, 4319804.443, 91
Trd, 4319805.093, 91
Trd, 4319806.343, 94
Trd, 4319806.993, 103
Trd, 4319808.093, 106
Trd, 4319809.743, 96
Trd, 4319811.143, 97
Trd, 4319812.193, 95
Trd, 4319813.543, 96
Trd, 4319814.343, 96
Trd, 4319817.343, 97
Trd, 4319818.243, 95
Trd, 4319819.693, 95
Trd, 4319821.743, 97
Trd, 4319822.193, 96
Trd, 4319824.043, 95
Trd, 4319824.593, 96
Trd, 4319824.893, 97
Trd, 4319828.293, 96
Trd, 4319828.843, 97
Trd, 4319830.693, 97
Trd, 4319832.593, 97
Trd, 4319834.043, 103
Trd, 4319835.693, 99
Trd, 4319835.943, 98
Trd, 4319838.343, 100
Trd, 4319839.443, 99
Trd, 4319839.993, 98
Trd, 4319841.193, 98
Trd, 4319845.493, 97
Trd, 4319847.093, 98
Trd, 4319847.543, 97
Trd, 4319849.343, 98
Trd, 4319852.543, 97
Trd, 4319853.143, 98
Trd, 4319853.793, 98
Trd, 4319854.593, 95
Trd, 4319856.043, 95
Trd, 4319857.143, 95
Trd, 4319858.293, 96
Trd, 4319858.493, 95
Trd, 4319859.143, 94
Trd, 4319860.593, 93
Trd, 4319862.343, 94
Trd, 4319864.093, 93
Trd, 4319864.993, 90
Trd, 4319865.943, 91
Trd, 4319868.893, 92
Trd, 4319869.543, 104
Trd, 4319871.143, 95
Trd, 4319872.093, 112
Trd, 4319872.543, 97
Trd, 4319875.493, 99
Trd, 4319877.093, 96
Trd, 4319877.393, 98
Trd, 4319878.493, 106
Trd, 4319880.243, 101
Trd, 4319881.143, 101
Trd, 4319883.193, 102
Trd, 4319884.643, 103
Trd, 4319885.493, 102
Trd, 4319886.043, 102
Trd, 4319887.293, 102
Trd, 4319887.943, 112
Trd, 4319889.543, 105
Trd, 4319891.343, 105
Trd, 4319891.943, 104
Trd, 4319892.543, 104
Trd, 4319895.593, 103
Trd, 4319895.843, 102
Trd, 4319895.893, 103
Trd, 4319897.743, 101
Trd, 4319899.093, 101
Trd, 4319899.793, 100
Trd, 4319901.493, 100
Trd, 4319902.043, 106
Trd, 4319903.043, 101
Trd, 4319903.943, 99
Trd, 4319905.693, 100
Trd, 4319907.093, 101
Trd, 4319907.143, 99
Trd, 4319909.193, 99
Trd, 4319911.193, 100
Trd, 4319911.993, 100
Trd, 4319912.793, 112
Trd, 4319914.793, 100
Trd, 4319915.693, 100
Trd, 4319916.293, 100
Trd, 4319917.143, 99
Trd, 4319918.693, 113
Trd, 4319918.993, 112
Trd, 4319923.543, 96
Trd, 4319923.843, 95
Trd, 4319924.393, 95
Trd, 4319925.393, 95
Trd, 4319925.743, 95
Trd, 4319927.043, 96
Trd, 4319927.543, 96
Trd, 4319928.093, 96
Trd, 4319930.793, 95
Trd, 4319931.343, 96
Trd, 4319932.693, 95
Trd, 4319933.443, 93
Trd, 4319935.343, 95
Trd, 4319935.693, 94
Trd, 4319936.743, 94
Trd, 4319937.993, 95
Trd, 4319938.393, 106
Trd, 4319940.043, 97
Trd, 4319941.843, 104
Trd, 4319943.143, 104
Trd, 4319943.543, 104
Trd, 4319944.893, 103
Trd, 4319946.643, 98
Trd, 4319946.693, 100
Trd, 4319947.793, 98
Trd, 4319949.243, 100
Trd, 4319951.143, 98
Trd, 4319952.593, 100
Trd, 4319953.343, 100
Trd, 4319955.243, 99
Trd, 4319955.643, 99
Trd, 4319958.343, 100
Trd, 4319958.543, 100
Trd, 4319960.393, 98
Trd, 4319960.893, 101
Trd, 4319962.093, 101
Trd, 4319963.643, 100
Trd, 4319964.993, 99
Trd, 4319965.793, 100
Trd, 4319967.743, 97
Trd, 4319969.743, 95
Trd, 4319970.193, 95
Trd, 4319970.343, 95
Trd, 4319971.193, 95
Trd, 4319972.693, 108
Trd, 4319974.993, 97
Trd, 4319977.343, 95
Trd, 4319978.693, 95
Trd, 4319979.043, 95
Trd, 4319980.243, 95
Trd, 4319982.793, 95
Trd, 4319984.393, 95
Trd, 4319984.443, 95
Trd, 4319985.843, 95
Trd, 4319987.293, 95
Trd, 4319988.293, 95
Trd, 4319990.093, 94
Trd, 4319990.243, 96
Trd, 4319991.543, 95
Trd, 4319992.643, 95
Trd, 4319995.093, 95
Trd, 4319996.593, 95
Trd, 4319997.743, 94
