Trd, 4317908.993, 99
Trd, 4317909.393, 98
Trd, 4317909.643, 100
Trd, 4317910.693, 94
Trd, 4317911.243, 123
Trd, 4317912.343, 121
Trd, 4317915.643, 109
Trd, 4317915.943, 110
Trd, 4317919.143, 104
Trd, 4317921.693, 102
Trd, 4317921.943, 102
Trd, 4317922.093, 100
Trd, 4317922.643, 102
Trd, 4317924.643, 101
Trd, 4317925.493, 101
Trd, 4317926.243, 99
Trd, 4317926.493, 101
Trd, 4317928.643, 101
Trd, 4317929.343, 100
Trd, 4317930.743, 100
Trd, 4317932.043, 104
Trd, 4317932.093, 98
Trd, 4317932.893, 104
Trd, 4317935.193, 102
Trd, 4317936.843, 97
Trd, 4317936.993, 94
Trd, 4317938.443, 96
Trd, 4317939.843, 103
Trd, 4317941.293, 104
Trd, 4317941.343, 103
Trd, 4317944.143, 102
Trd, 4317944.193, 99
Trd, 4317945.543, 101
Trd, 4317948.443, 92
Trd, 4317949.193, 91
Trd, 4317949.293, 87
Trd, 4317950.643, 92
Trd, 4317952.893, 92
Trd, 4317953.493, 95
Trd, 4317954.643, 104
Trd, 4317955.793, 108
Trd, 4317957.193, 102
Trd, 4317958.943, 99
Trd, 4317959.793, 102
Trd, 4317962.993, 100
Trd, 4317963.793, 100
Trd, 4317964.043, 102
Trd, 4317964.243, 99
Trd, 4317965.643, 98
Trd, 4317965.693, 99
Trd, 4317967.793, 99
Trd, 4317968.293, 104
Trd, 4317970.093, 114
Trd, 4317970.443, 106
Trd, 4317972.393, 86
Trd, 4317972.993, 85
Trd, 4317973.143, 86
Trd, 4317975.693, 93
Trd, 4317976.243, 95
Trd, 4317976.943, 103
Trd, 4317978.343, 98
Trd, 4317979.893, 104
Trd, 4317980.593, 104
Trd, 4317981.243, 104
Trd, 4317984.993, 94
Trd, 4317986.043, 100
Trd, 4317987.593, 99
Trd, 4317987.993, 98
Trd, 4317988.893, 104
Trd, 4317989.643, 100
Trd, 4317989.843, 100
Trd, 4317991.293, 104
Trd, 4317992.643, 104
Trd, 4317993.743, 104
Trd, 4317993.793, 113
Trd, 4317994.243, 94
Trd, 4317997.943, 115
Trd, 4317999.243, 113
Trd, 4318000.243, 114
Trd, 4318000.493, 111
Trd, 4318002.343, 113
Trd, 4318003.793, 112
Trd, 4318004.243, 94
Trd, 4318004.743, 113
Trd, 4318006.243, 102
Trd, 4318007.293, 99
Trd, 4318008.743, 101
Trd, 4318010.593, 104
Trd, 4318011.043, 104
Trd, 4318011.693, 105
Trd, 4318012.343, 121
Trd, 4318014.443, 109
Trd, 4318016.943, 105
Trd, 4318018.643, 106
Trd, 4318018.943, 107
Trd, 4318020.593, 104
Trd, 4318020.693, 94
Trd, 4318024.543, 106
Trd, 4318024.843, 104
Trd, 4318026.043, 105
Trd, 4318026.443, 105
Trd, 4318026.493, 104
Trd, 4318028.693, 103
Trd, 4318029.243, 94
Trd, 4318030.843, 103
Trd, 4318033.243, 99
Trd, 4318034.743, 98
Trd, 4318035.143, 99
Trd, 4318035.943, 99
Trd, 4318036.093, 97
Trd, 4318038.493, 101
Trd, 4318039.193, 94
Trd, 4318041.443, 97
Trd, 4318042.343, 97
Trd, 4318042.693, 98
Trd, 4318044.443, 96
Trd, 4318045.043, 96
Trd, 4318047.393, 95
Trd, 4318048.243, 94
Trd, 4318048.493, 104
Trd, 4318051.493, 95
Trd, 4318052.043, 98
Trd, 4318052.893, 94
Trd, 4318054.343, 96
Trd, 4318055.493, 94
Trd, 4318056.443, 93
Trd, 4318058.293, 95
Trd, 4318059.093, 94
Trd, 4318059.543, 95
Trd, 4318060.693, 96
Trd, 4318061.393, 101
Trd, 4318064.193, 98
Trd, 4318065.443, 97
Trd, 4318066.043, 96
Trd, 4318066.893, 98
Trd, 4318067.293, 98
Trd, 4318069.393, 96
Trd, 4318069.493, 95
Trd, 4318070.593, 95
Trd, 4318073.093, 104
Trd, 4318074.843, 112
Trd, 4318075.593, 108
Trd, 4318076.643, 108
Trd, 4318079.643, 107
Trd, 4318080.893, 108
Trd, 4318081.443, 107
Trd, 4318081.693, 106
Trd, 4318083.093, 106
Trd, 4318083.493, 103
Trd, 4318086.693, 103
Trd, 4318087.843, 106
Trd, 4318088.943, 105
Trd, 4318091.393, 104
Trd, 4318091.843, 104
Trd, 4318092.743, 102
Trd, 4318093.543, 103
Trd, 4318096.193, 98
Trd, 4318096.943, 98
Trd, 4318098.493, 96
Trd, 4318098.593, 97
Trd, 4318098.943, 99
Trd, 4318101.543, 95
Trd, 4318101.743, 94
Trd, 4318102.243, 96
Trd, 4318104.043, 96
Trd, 4318104.293, 103
Trd, 4318106.543, 101
Trd, 4318106.843, 116
Trd, 4318109.143, 105
Trd, 4318109.293, 104
Trd, 4318110.493, 103
Trd, 4318110.743, 102
Trd, 4318111.943, 101
Trd, 4318112.693, 100
Trd, 4318112.793, 97
Trd, 4318114.043, 104
Trd, 4318115.693, 97
Trd, 4318116.293, 97
Trd, 4318116.493, 97
Trd, 4318118.443, 98
Trd, 4318120.693, 95
Trd, 4318122.843, 97
Trd, 4318123.643, 97
Trd, 4318123.943, 98
Trd, 4318124.493, 104
Trd, 4318124.943, 97
Trd, 4318127.343, 99
Trd, 4318127.643, 99
Trd, 4318129.543, 99
Trd, 4318129.743, 98
Trd, 4318130.493, 103
Trd, 4318132.893, 102
Trd, 4318134.693, 99
Trd, 4318135.243, 96
Trd, 4318136.643, 97
Trd, 4318137.893, 97
Trd, 4318138.993, 100
Trd, 4318139.793, 97
Trd, 4318141.393, 97
Trd, 4318142.093, 98
Trd, 4318143.143, 104
Trd, 4318143.443, 104
Trd, 4318145.093, 113
Trd, 4318146.193, 108
Trd, 4318146.343, 107
Trd, 4318147.693, 111
Trd, 4318148.243, 107
Trd, 4318150.443, 118
Trd, 4318152.243, 108
Trd, 4318154.293, 106
Trd, 4318154.393, 105
Trd, 4318155.993, 104
Trd, 4318157.693, 99
Trd, 4318158.193, 99
Trd, 4318158.493, 101
Trd, 4318159.543, 101
Trd, 4318161.393, 100
Trd, 4318162.393, 103
Trd, 4318163.293, 101
Trd, 4318164.493, 100
Trd, 4318165.443, 100
Trd, 4318166.643, 102
Trd, 4318167.743, 102
Trd, 4318168.943, 101
Trd, 4318170.743, 100
Trd, 4318171.993, 99
Trd, 4318173.543, 100
Trd, 4318174.093, 98
Trd, 4318176.143, 96
Trd, 4318176.843, 94
Trd, 4318178.793, 96
Trd, 4318178.893, 91
Trd, 4318179.643, 103
Trd, 4318180.893, 95
Trd, 4318181.993, 98
Trd, 4318182.393, 98
Trd, 4318183.343, 103
Trd, 4318185.143, 98
Trd, 4318186.893, 93
Trd, 4318188.343, 92
Trd, 4318188.893, 86
Trd, 4318190.543, 90
Trd, 4318193.143, 88
Trd, 4318194.793, 89
Trd, 4318194.843, 88
Trd, 4318196.043, 89
Trd, 4318196.493, 88
Trd, 4318199.893, 77
Trd, 4318199.993, 79
Trd, 4318200.193, 95
Trd, 4318200.743, 104
Trd, 4318201.893, 93
Trd, 4318203.193, 82
Trd, 4318204.093, 96
Trd, 4318207.543, 92
Trd, 4318208.443, 90
Trd, 4318208.743, 90
Trd, 4318210.393, 95
Trd, 4318213.793, 93
Trd, 4318214.293, 92
Trd, 4318215.493, 92
Trd, 4318215.593, 92
Trd, 4318216.943, 91
Trd, 4318218.343, 91
Trd, 4318218.593, 95
Trd, 4318219.293, 103
Trd, 4318223.643, 95
Trd, 4318223.743, 99
Trd, 4318224.943, 98
Trd, 4318227.893, 98
Trd, 4318228.043, 98
Trd, 4318228.193, 96
Trd, 4318228.743, 103
Trd, 4318229.743, 99
Trd, 4318234.093, 103
Trd, 4318234.543, 104
Trd, 4318234.943, 104
Trd, 4318235.593, 104
Trd, 4318235.893, 105
Trd, 4318239.093, 98
Trd, 4318239.943, 102
Trd, 4318240.843, 101
Trd, 4318241.343, 103
Trd, 4318242.943, 103
Trd, 4318246.143, 102
Trd, 4318246.443, 102
Trd, 4318248.093, 101
Trd, 4318248.193, 101
Trd, 4318248.343, 101
Trd, 4318251.143, 102
Trd, 4318251.893, 103
Trd, 4318252.293, 101
Trd, 4318253.243, 100
Trd, 4318255.493, 97
Trd, 4318256.443, 98
Trd, 4318257.993, 101
Trd, 4318259.793, 100
Trd, 4318259.993, 101
Trd, 4318260.043, 104
Trd, 4318261.943, 102
Trd, 4318261.993, 100
Trd, 4318265.493, 101
Trd, 4318266.593, 104
Trd, 4318266.693, 115
Trd, 4318268.293, 104
Trd, 4318269.193, 103
Trd, 4318269.293, 104
Trd, 4318271.093, 95
Trd, 4318271.693, 101
Trd, 4318273.793, 97
Trd, 4318274.243, 95
Trd, 4318274.593, 96
Trd, 4318275.143, 94
Trd, 4318276.293, 93
Trd, 4318279.043, 87
Trd, 4318280.543, 92
Trd, 4318281.793, 95
Trd, 4318282.493, 103
Trd, 4318283.843, 96
Trd, 4318284.043, 97
Trd, 4318285.843, 103
Trd, 4318287.543, 104
Trd, 4318289.893, 98
Trd, 4318290.393, 97
Trd, 4318290.893, 98
Trd, 4318291.693, 97
Trd, 4318292.643, 98
Trd, 4318294.143, 101
Trd, 4318295.343, 100
Trd, 4318299.043, 98
Trd, 4318300.043, 96
Trd, 4318302.393, 96
Trd, 4318302.443, 96
Trd, 4318303.943, 98
Trd, 4318304.343, 98
Trd, 4318304.443, 104
Trd, 4318306.093, 104
Trd, 4318306.343, 102
Trd, 4318306.943, 102
Trd, 4318309.243, 103
Trd, 4318310.043, 101
Trd, 4318310.993, 102
Trd, 4318312.643, 95
Trd, 4318313.843, 98
Trd, 4318314.143, 96
Trd, 4318315.593, 97
Trd, 4318315.843, 97
Trd, 4318316.693, 98
Trd, 4318318.343, 121
Trd, 4318319.343, 106
Trd, 4318321.143, 107
Trd, 4318323.093, 106
Trd, 4318323.343, 104
Trd, 4318324.543, 106
Trd, 4318325.793, 104
Trd, 4318326.793, 97
Trd, 4318328.593, 100
Trd, 4318329.993, 100
Trd, 4318330.943, 101
Trd, 4318332.843, 96
Trd, 4318333.543, 86
Trd, 4318333.943, 98
Trd, 4318334.843, 93
Trd, 4318336.393, 93
Trd, 4318336.993, 95
Trd, 4318338.443, 103
Trd, 4318341.143, 101
Trd, 4318341.593, 104
Trd, 4318341.843, 101
Trd, 4318343.193, 100
Trd, 4318346.393, 100
Trd, 4318346.943, 101
Trd, 4318347.993, 99
Trd, 4318348.893, 101
Trd, 4318350.443, 96
Trd, 4318350.993, 94
Trd, 4318352.493, 96
Trd, 4318352.793, 96
Trd, 4318354.693, 96
Trd, 4318355.293, 96
Trd, 4318356.143, 97
Trd, 4318356.943, 97
Trd, 4318360.043, 98
Trd, 4318361.343, 112
Trd, 4318361.943, 108
Trd, 4318362.793, 108
Trd, 4318364.693, 105
Trd, 4318364.743, 106
Trd, 4318365.943, 105
Trd, 4318366.093, 104
Trd, 4318367.543, 116
Trd, 4318368.843, 106
Trd, 4318369.743, 107
Trd, 4318371.593, 104
Trd, 4318371.743, 104
Trd, 4318372.343, 104
Trd, 4318372.543, 106
Trd, 4318374.843, 95
Trd, 4318375.493, 115
Trd, 4318377.693, 103
Trd, 4318379.293, 100
Trd, 4318380.193, 99
Trd, 4318381.443, 98
Trd, 4318382.193, 101
Trd, 4318382.943, 104
Trd, 4318383.793, 102
Trd, 4318386.643, 104
Trd, 4318387.843, 104
Trd, 4318388.943, 103
Trd, 4318389.693, 104
Trd, 4318391.543, 97
Trd, 4318391.743, 95
Trd, 4318392.493, 97
Trd, 4318393.343, 96
Trd, 4318395.143, 95
Trd, 4318396.543, 94
Trd, 4318397.843, 93
Trd, 4318398.393, 93
Trd, 4318398.693, 94
Trd, 4318403.943, 90
Trd, 4318404.043, 88
Trd, 4318404.843, 94
Trd, 4318405.693, 91
Trd, 4318407.593, 94
Trd, 4318407.643, 95
Trd, 4318409.793, 92
Trd, 4318410.943, 92
Trd, 4318411.893, 93
Trd, 4318413.943, 95
Trd, 4318414.543, 96
Trd, 4318416.643, 102
Trd, 4318418.443, 103
Trd, 4318419.293, 104
Trd, 4318420.993, 105
Trd, 4318422.643, 102
Trd, 4318422.693, 103
Trd, 4318423.443, 102
Trd, 4318425.043, 94
Trd, 4318425.743, 99
Trd, 4318426.493, 97
Trd, 4318428.243, 96
Trd, 4318430.543, 102
Trd, 4318432.243, 98
Trd, 4318432.793, 93
Trd, 4318437.043, 97
Trd, 4318437.693, 96
Trd, 4318437.993, 97
Trd, 4318439.893, 99
Trd, 4318440.593, 97
Trd, 4318441.643, 102
Trd, 4318441.843, 104
Trd, 4318443.743, 102
Trd, 4318444.293, 101
Trd, 4318445.443, 100
Trd, 4318447.393, 98
Trd, 4318447.843, 99
Trd, 4318447.943, 96
Trd, 4318449.393, 104
Trd, 4318451.193, 103
Trd, 4318452.193, 116
Trd, 4318455.093, 104
Trd, 4318456.493, 96
Trd, 4318456.943, 95
Trd, 4318457.293, 104
Trd, 4318457.393, 95
Trd, 4318460.393, 98
Trd, 4318460.893, 98
Trd, 4318460.993, 117
Trd, 4318464.093, 111
Trd, 4318464.193, 110
Trd, 4318465.943, 105
Trd, 4318467.993, 105
Trd, 4318468.243, 104
Trd, 4318470.143, 104
Trd, 4318471.043, 101
Trd, 4318471.193, 94
Trd, 4318471.393, 102
Trd, 4318473.893, 98
Trd, 4318475.143, 99
Trd, 4318475.343, 98
Trd, 4318476.043, 99
Trd, 4318476.743, 97
Trd, 4318477.093, 99
Trd, 4318479.443, 97
Trd, 4318479.843, 97
Trd, 4318480.893, 97
Trd, 4318483.393, 104
Trd, 4318483.893, 105
Trd, 4318484.043, 115
Trd, 4318484.243, 104
Trd, 4318486.393, 101
Trd, 4318487.743, 99
Trd, 4318488.543, 97
Trd, 4318489.693, 98
Trd, 4318490.493, 96
Trd, 4318492.293, 96
Trd, 4318493.393, 94
Trd, 4318494.443, 95
Trd, 4318494.543, 96
Trd, 4318495.893, 104
Trd, 4318497.293, 98
Trd, 4318497.493, 99
Trd, 4318498.543, 98
Trd, 4318501.193, 97
Trd, 4318501.693, 98
Trd, 4318502.193, 96
Trd, 4318502.893, 98
Trd, 4318505.493, 98
Trd, 4318506.393, 97
Trd, 4318506.893, 97
Trd, 4318507.793, 96
Trd, 4318508.943, 104
Trd, 4318509.793, 98
Trd, 4318511.343, 94
Trd, 4318511.743, 95
Trd, 4318512.493, 94
Trd, 4318514.193, 95
Trd, 4318516.193, 94
Trd, 4318516.843, 95
Trd, 4318518.793, 100
Trd, 4318519.093, 85
Trd, 4318519.843, 92
Trd, 4318520.043, 97
Trd, 4318521.643, 101
Trd, 4318523.193, 98
Trd, 4318523.643, 104
Trd, 4318526.393, 104
Trd, 4318527.143, 105
Trd, 4318527.943, 104
Trd, 4318528.593, 101
Trd, 4318528.643, 102
Trd, 4318532.143, 93
Trd, 4318533.243, 95
Trd, 4318534.443, 94
Trd, 4318534.893, 95
Trd, 4318536.093, 95
Trd, 4318537.943, 104
Trd, 4318538.943, 120
Trd, 4318539.193, 94
Trd, 4318543.343, 97
Trd, 4318543.843, 98
Trd, 4318544.443, 98
Trd, 4318544.693, 93
Trd, 4318544.893, 105
Trd, 4318547.593, 100
Trd, 4318548.293, 99
Trd, 4318549.143, 98
Trd, 4318551.543, 99
Trd, 4318552.043, 97
Trd, 4318554.843, 98
Trd, 4318555.343, 96
Trd, 4318556.093, 97
Trd, 4318556.443, 98
Trd, 4318560.043, 116
Trd, 4318560.493, 105
Trd, 4318562.693, 108
Trd, 4318563.693, 95
Trd, 4318565.243, 104
Trd, 4318566.093, 103
Trd, 4318566.243, 104
Trd, 4318568.493, 105
Trd, 4318569.143, 104
Trd, 4318570.293, 105
Trd, 4318570.943, 106
Trd, 4318571.093, 103
Trd, 4318571.143, 113
Trd, 4318572.643, 103
Trd, 4318574.193, 94
Trd, 4318575.293, 93
Trd, 4318576.093, 104
Trd, 4318576.343, 86
Trd, 4318576.843, 99
Trd, 4318579.843, 103
Trd, 4318581.443, 96
Trd, 4318584.693, 99
Trd, 4318586.343, 99
Trd, 4318586.443, 96
Trd, 4318587.443, 97
Trd, 4318588.393, 97
Trd, 4318589.443, 96
Trd, 4318590.243, 101
Trd, 4318592.293, 97
Trd, 4318592.843, 98
Trd, 4318593.893, 98
Trd, 4318596.143, 95
Trd, 4318596.493, 95
Trd, 4318596.693, 99
Trd, 4318597.643, 104
Trd, 4318599.793, 96
Trd, 4318599.993, 104
Trd, 4318602.043, 104
Trd, 4318603.393, 94
Trd, 4318604.843, 95
Trd, 4318606.243, 95
Trd, 4318606.343, 96
Trd, 4318606.443, 93
Trd, 4318606.843, 95
Trd, 4318608.643, 92
Trd, 4318610.543, 94
Trd, 4318611.193, 94
Trd, 4318611.743, 94
Trd, 4318613.043, 95
Trd, 4318613.443, 95
Trd, 4318614.393, 93
Trd, 4318615.193, 104
Trd, 4318618.593, 96
Trd, 4318619.543, 96
Trd, 4318620.493, 95
Trd, 4318621.943, 94
Trd, 4318622.393, 95
Trd, 4318624.143, 95
Trd, 4318625.193, 93
Trd, 4318627.443, 95
Trd, 4318629.093, 95
Trd, 4318629.193, 98
Trd, 4318629.943, 98
Trd, 4318630.693, 76
Trd, 4318630.893, 77
Trd, 4318632.893, 98
Trd, 4318632.943, 91
Trd, 4318633.543, 104
Trd, 4318636.043, 102
Trd, 4318637.543, 102
Trd, 4318639.643, 101
Trd, 4318640.343, 100
Trd, 4318640.643, 101
Trd, 4318641.593, 97
Trd, 4318643.243, 97
Trd, 4318644.143, 100
Trd, 4318645.093, 99
Trd, 4318646.543, 97
Trd, 4318646.943, 96
Trd, 4318648.943, 95
Trd, 4318650.443, 97
Trd, 4318651.093, 97
Trd, 4318652.243, 104
Trd, 4318652.943, 98
Trd, 4318655.343, 99
Trd, 4318655.843, 98
Trd, 4318655.993, 99
Trd, 4318657.993, 100
Trd, 4318659.943, 99
Trd, 4318660.493, 100
Trd, 4318661.543, 98
Trd, 4318662.843, 99
Trd, 4318663.493, 95
Trd, 4318665.593, 94
Trd, 4318666.543, 93
Trd, 4318668.243, 92
Trd, 4318668.593, 95
Trd, 4318670.243, 122
Trd, 4318673.243, 84
Trd, 4318673.643, 86
Trd, 4318673.793, 91
Trd, 4318675.693, 94
Trd, 4318677.093, 94
Trd, 4318677.243, 97
Trd, 4318678.343, 97
Trd, 4318678.993, 97
Trd, 4318680.693, 97
Trd, 4318681.043, 92
Trd, 4318681.093, 104
Trd, 4318681.743, 103
Trd, 4318684.193, 102
Trd, 4318686.943, 97
Trd, 4318688.093, 96
Trd, 4318688.493, 98
Trd, 4318689.393, 98
Trd, 4318690.193, 98
Trd, 4318691.593, 101
Trd, 4318692.443, 104
Trd, 4318693.693, 119
Trd, 4318695.543, 104
Trd, 4318696.343, 105
Trd, 4318696.643, 104
Trd, 4318698.543, 95
Trd, 4318699.993, 109
Trd, 4318702.143, 101
Trd, 4318702.993, 101
Trd, 4318703.843, 99
Trd, 4318704.093, 99
Trd, 4318704.443, 98
Trd, 4318705.493, 94
Trd, 4318707.293, 103
Trd, 4318709.043, 102
Trd, 4318709.943, 103
Trd, 4318710.343, 102
Trd, 4318713.193, 95
Trd, 4318713.543, 99
Trd, 4318713.793, 100
Trd, 4318716.493, 101
Trd, 4318716.593, 98
Trd, 4318717.093, 100
Trd, 4318719.793, 97
Trd, 4318720.843, 98
Trd, 4318721.943, 103
Trd, 4318723.193, 102
Trd, 4318725.193, 102
Trd, 4318726.943, 102
Trd, 4318727.543, 101
Trd, 4318728.193, 102
Trd, 4318729.293, 102
Trd, 4318729.643, 99
Trd, 4318730.693, 95
Trd, 4318731.993, 102
Trd, 4318733.243, 95
Trd, 4318734.543, 102
Trd, 4318739.093, 97
Trd, 4318739.493, 97
Trd, 4318740.893, 120
Trd, 4318741.043, 121
Trd, 4318742.893, 107
Trd, 4318744.043, 110
Trd, 4318747.093, 104
Trd, 4318747.443, 105
Trd, 4318749.893, 103
Trd, 4318750.593, 104
Trd, 4318752.493, 104
Trd, 4318752.943, 102
Trd, 4318753.443, 102
Trd, 4318754.593, 104
Trd, 4318757.893, 98
Trd, 4318759.193, 98
Trd, 4318759.493, 97
Trd, 4318760.693, 95
Trd, 4318761.143, 97
Trd, 4318763.443, 104
Trd, 4318765.193, 98
Trd, 4318766.243, 95
Trd, 4318767.043, 95
Trd, 4318768.243, 95
Trd, 4318769.443, 96
Trd, 4318769.993, 104
Trd, 4318770.643, 94
Trd, 4318771.843, 101
Trd, 4318774.743, 96
Trd, 4318775.643, 100
Trd, 4318776.693, 100
Trd, 4318777.793, 98
Trd, 4318777.893, 100
Trd, 4318779.693, 97
Trd, 4318780.093, 102
Trd, 4318785.643, 99
Trd, 4318786.393, 99
Trd, 4318786.443, 99
Trd, 4318787.393, 99
Trd, 4318790.043, 98
Trd, 4318790.743, 99
Trd, 4318791.443, 94
Trd, 4318793.393, 92
Trd, 4318793.443, 93
Trd, 4318793.693, 89
Trd, 4318794.193, 95
Trd, 4318797.293, 95
Trd, 4318799.143, 102
Trd, 4318800.893, 96
Trd, 4318801.843, 99
Trd, 4318803.593, 97
Trd, 4318804.343, 96
Trd, 4318804.893, 97
Trd, 4318805.243, 96
Trd, 4318806.643, 97
Trd, 4318809.293, 98
Trd, 4318809.843, 113
Trd, 4318812.043, 103
Trd, 4318812.693, 100
Trd, 4318813.043, 102
Trd, 4318813.643, 102
Trd, 4318815.993, 101
Trd, 4318817.593, 100
Trd, 4318819.243, 97
Trd, 4318819.543, 95
Trd, 4318821.793, 94
Trd, 4318824.193, 95
Trd, 4318825.243, 96
Trd, 4318825.693, 95
Trd, 4318825.943, 95
Trd, 4318826.843, 96
Trd, 4318828.243, 104
Trd, 4318830.393, 96
Trd, 4318830.643, 99
Trd, 4318832.593, 103
Trd, 4318832.943, 112
Trd, 4318833.893, 117
Trd, 4318834.193, 105
Trd, 4318836.243, 105
Trd, 4318839.743, 102
Trd, 4318840.293, 104
Trd, 4318840.593, 103
Trd, 4318841.693, 98
Trd, 4318841.943, 102
Trd, 4318843.543, 101
Trd, 4318844.793, 99
Trd, 4318845.843, 97
Trd, 4318846.693, 95
Trd, 4318849.143, 85
Trd, 4318850.393, 95
Trd, 4318852.193, 95
Trd, 4318852.793, 96
Trd, 4318853.893, 104
Trd, 4318855.093, 101
Trd, 4318855.693, 92
Trd, 4318856.943, 102
Trd, 4318859.793, 93
Trd, 4318859.843, 94
Trd, 4318860.343, 84
Trd, 4318862.743, 104
Trd, 4318863.693, 96
Trd, 4318865.493, 96
Trd, 4318866.193, 97
Trd, 4318867.543, 98
Trd, 4318867.743, 96
Trd, 4318868.543, 102
Trd, 4318871.493, 94
Trd, 4318873.793, 92
Trd, 4318874.343, 93
Trd, 4318874.993, 88
Trd, 4318875.943, 91
Trd, 4318877.093, 95
Trd, 4318881.893, 96
Trd, 4318882.193, 95
Trd, 4318882.543, 95
Trd, 4318884.093, 94
Trd, 4318885.593, 95
Trd, 4318885.893, 92
Trd, 4318886.893, 104
Trd, 4318889.543, 97
Trd, 4318890.543, 95
Trd, 4318891.143, 96
Trd, 4318891.693, 95
Trd, 4318892.543, 94
Trd, 4318893.543, 96
Trd, 4318894.493, 93
Trd, 4318896.493, 96
Trd, 4318897.393, 97
Trd, 4318899.743, 96
Trd, 4318900.293, 95
Trd, 4318902.143, 93
Trd, 4318902.293, 92
Trd, 4318903.693, 93
Trd, 4318904.793, 92
Trd, 4318905.293, 95
Trd, 4318906.443, 104
Trd, 4318907.293, 120
Trd, 4318910.843, 117
Trd, 4318911.143, 110
Trd, 4318911.193, 104
Trd, 4318911.743, 103
Trd, 4318914.593, 105
Trd, 4318915.793, 104
Trd, 4318916.943, 104
Trd, 4318918.393, 105
Trd, 4318918.993, 104
Trd, 4318919.893, 104
Trd, 4318920.393, 104
Trd, 4318920.893, 104
Trd, 4318921.293, 102
Trd, 4318923.243, 107
Trd, 4318924.093, 104
Trd, 4318926.193, 101
Trd, 4318926.293, 102
Trd, 4318927.643, 101
Trd, 4318928.993, 101
Trd, 4318929.093, 100
Trd, 4318930.843, 102
Trd, 4318930.993, 94
Trd, 4318934.243, 101
Trd, 4318935.493, 103
Trd, 4318936.493, 100
Trd, 4318937.293, 102
Trd, 4318937.643, 104
Trd, 4318938.243, 99
Trd, 4318939.243, 104
Trd, 4318942.643, 98
Trd, 4318944.243, 98
Trd, 4318944.743, 97
Trd, 4318945.193, 95
Trd, 4318946.643, 96
Trd, 4318947.343, 94
Trd, 4318949.043, 97
Trd, 4318950.443, 97
Trd, 4318950.743, 96
Trd, 4318952.093, 95
Trd, 4318952.443, 94
Trd, 4318953.093, 93
Trd, 4318953.493, 96
Trd, 4318954.643, 102
Trd, 4318957.943, 98
Trd, 4318958.343, 98
Trd, 4318959.043, 100
Trd, 4318960.743, 97
Trd, 4318961.893, 122
Trd, 4318963.793, 109
Trd, 4318965.393, 108
Trd, 4318965.893, 105
Trd, 4318967.693, 108
Trd, 4318968.693, 108
Trd, 4318970.043, 103
Trd, 4318971.743, 107
Trd, 4318971.793, 114
Trd, 4318972.493, 105
Trd, 4318975.593, 105
Trd, 4318975.693, 105
Trd, 4318977.943, 104
Trd, 4318977.993, 100
Trd, 4318978.093, 105
Trd, 4318979.393, 105
Trd, 4318979.843, 104
Trd, 4318981.693, 103
Trd, 4318982.093, 105
Trd, 4318984.243, 122
Trd, 4318985.893, 108
Trd, 4318987.343, 96
Trd, 4318988.693, 106
Trd, 4318989.193, 105
Trd, 4318990.093, 103
Trd, 4318991.593, 104
Trd, 4318993.043, 101
Trd, 4318993.243, 103
Trd, 4318994.393, 122
Trd, 4318995.543, 107
Trd, 4318996.543, 107
Trd, 4318997.493, 102
Trd, 4318999.393, 103
Trd, 4319000.943, 84
Trd, 4319002.743, 95
Trd, 4319002.943, 94
Trd, 4319004.043, 93
Trd, 4319004.943, 95
Trd, 4319005.893, 103
Trd, 4319006.993, 99
Trd, 4319007.343, 92
Trd, 4319009.743, 100
Trd, 4319011.793, 93
Trd, 4319012.743, 93
Trd, 4319012.843, 92
Trd, 4319012.893, 97
Trd, 4319014.343, 95
Trd, 4319014.893, 96
Trd, 4319015.043, 92
Trd, 4319019.743, 99
Trd, 4319020.693, 98
Trd, 4319020.793, 97
Trd, 4319021.643, 97
Trd, 4319021.993, 104
Trd, 4319026.293, 97
Trd, 4319027.043, 96
Trd, 4319027.543, 97
Trd, 4319027.743, 95
Trd, 4319028.593, 95
Trd, 4319029.193, 96
Trd, 4319031.643, 96
Trd, 4319033.293, 96
Trd, 4319033.743, 94
Trd, 4319035.993, 95
Trd, 4319037.493, 96
Trd, 4319037.893, 97
Trd, 4319039.543, 104
Trd, 4319040.993, 101
Trd, 4319041.643, 101
Trd, 4319042.643, 102
Trd, 4319043.743, 104
Trd, 4319044.743, 104
Trd, 4319046.193, 104
Trd, 4319046.543, 104
Trd, 4319047.543, 106
Trd, 4319048.293, 104
Trd, 4319048.943, 106
Trd, 4319050.743, 107
Trd, 4319052.343, 94
Trd, 4319054.343, 111
Trd, 4319054.493, 103
Trd, 4319056.793, 108
Trd, 4319056.893, 107
Trd, 4319057.343, 107
Trd, 4319060.343, 107
Trd, 4319061.243, 106
Trd, 4319061.793, 106
Trd, 4319062.443, 105
Trd, 4319062.993, 106
Trd, 4319065.993, 103
Trd, 4319067.493, 99
Trd, 4319067.993, 98
Trd, 4319068.493, 98
Trd, 4319069.143, 94
Trd, 4319069.943, 104
Trd, 4319073.393, 110
Trd, 4319074.643, 110
Trd, 4319074.793, 112
Trd, 4319075.743, 109
Trd, 4319077.343, 109
Trd, 4319077.843, 104
Trd, 4319079.943, 108
Trd, 4319080.593, 109
Trd, 4319083.393, 107
Trd, 4319084.143, 106
Trd, 4319085.793, 94
Trd, 4319087.693, 105
Trd, 4319087.993, 106
Trd, 4319090.143, 106
Trd, 4319090.793, 104
Trd, 4319091.943, 104
Trd, 4319092.493, 105
Trd, 4319093.443, 104
Trd, 4319094.243, 94
Trd, 4319095.943, 105
Trd, 4319097.793, 105
Trd, 4319098.143, 104
Trd, 4319098.943, 103
Trd, 4319101.093, 99
Trd, 4319101.493, 100
Trd, 4319101.893, 103
Trd, 4319102.143, 104
Trd, 4319103.993, 85
Trd, 4319104.143, 103
Trd, 4319105.493, 121
Trd, 4319107.043, 108
Trd, 4319108.393, 104
Trd, 4319109.593, 107
Trd, 4319110.693, 106
Trd, 4319113.293, 95
Trd, 4319114.443, 97
Trd, 4319116.293, 95
Trd, 4319116.743, 97
Trd, 4319117.993, 97
Trd, 4319119.643, 98
Trd, 4319122.193, 100
Trd, 4319122.643, 102
Trd, 4319123.393, 100
Trd, 4319123.543, 104
Trd, 4319123.593, 99
Trd, 4319124.993, 103
Trd, 4319125.543, 104
Trd, 4319127.393, 97
Trd, 4319129.293, 97
Trd, 4319130.593, 96
Trd, 4319130.643, 98
Trd, 4319133.193, 95
Trd, 4319133.493, 95
Trd, 4319133.993, 94
Trd, 4319134.443, 116
Trd, 4319137.643, 104
Trd, 4319138.193, 94
Trd, 4319138.493, 102
Trd, 4319139.943, 100
Trd, 4319139.993, 101
Trd, 4319141.893, 102
Trd, 4319144.593, 104
Trd, 4319145.143, 103
Trd, 4319145.543, 108
Trd, 4319146.593, 103
Trd, 4319147.043, 100
Trd, 4319150.143, 99
Trd, 4319151.243, 104
Trd, 4319151.743, 118
Trd, 4319152.993, 104
Trd, 4319153.993, 94
Trd, 4319155.843, 99
Trd, 4319156.593, 98
Trd, 4319157.293, 99
Trd, 4319157.493, 94
Trd, 4319157.543, 104
Trd, 4319161.043, 99
Trd, 4319162.543, 95
Trd, 4319163.093, 96
Trd, 4319163.743, 97
Trd, 4319165.293, 95
Trd, 4319165.643, 98
Trd, 4319166.143, 117
Trd, 4319167.643, 96
Trd, 4319170.243, 96
Trd, 4319172.243, 94
Trd, 4319174.093, 95
Trd, 4319174.293, 95
Trd, 4319175.443, 96
Trd, 4319176.393, 94
Trd, 4319176.743, 97
Trd, 4319177.793, 104
Trd, 4319178.443, 104
Trd, 4319178.793, 103
Trd, 4319181.093, 101
Trd, 4319182.593, 98
Trd, 4319184.043, 99
Trd, 4319184.543, 99
Trd, 4319184.793, 97
Trd, 4319185.343, 84
Trd, 4319187.243, 97
Trd, 4319187.843, 97
Trd, 4319189.493, 104
Trd, 4319190.893, 107
Trd, 4319191.443, 105
Trd, 4319192.893, 105
Trd, 4319193.843, 107
Trd, 4319194.093, 119
Trd, 4319196.643, 108
Trd, 4319197.643, 106
Trd, 4319199.393, 105
Trd, 4319200.743, 104
Trd, 4319201.693, 105
Trd, 4319202.593, 105
Trd, 4319203.493, 112
Trd, 4319206.393, 104
Trd, 4319207.493, 103
Trd, 4319207.843, 102
Trd, 4319208.893, 102
Trd, 4319210.143, 104
Trd, 4319212.143, 106
Trd, 4319212.893, 105
Trd, 4319213.993, 113
Trd, 4319216.393, 104
Trd, 4319217.093, 106
Trd, 4319217.393, 106
Trd, 4319218.493, 107
Trd, 4319219.643, 107
Trd, 4319221.293, 113
Trd, 4319222.643, 114
Trd, 4319223.393, 112
Trd, 4319226.243, 105
Trd, 4319226.493, 94
Trd, 4319227.843, 102
Trd, 4319228.493, 101
Trd, 4319228.793, 114
Trd, 4319230.343, 100
Trd, 4319231.743, 98
Trd, 4319232.693, 98
Trd, 4319233.893, 98
Trd, 4319234.193, 98
Trd, 4319234.443, 103
Trd, 4319237.443, 101
Trd, 4319240.143, 99
Trd, 4319240.793, 100
Trd, 4319241.943, 98
Trd, 4319242.493, 98
Trd, 4319244.543, 95
Trd, 4319245.393, 97
Trd, 4319246.043, 100
Trd, 4319246.843, 98
Trd, 4319248.193, 94
Trd, 4319248.643, 85
Trd, 4319249.243, 104
Trd, 4319251.493, 99
Trd, 4319253.793, 95
Trd, 4319254.593, 97
Trd, 4319255.043, 98
Trd, 4319256.993, 97
Trd, 4319258.293, 98
Trd, 4319258.643, 97
Trd, 4319259.193, 98
Trd, 4319259.793, 97
Trd, 4319260.243, 95
Trd, 4319261.793, 94
Trd, 4319261.993, 104
Trd, 4319265.293, 95
Trd, 4319265.593, 96
Trd, 4319266.993, 100
Trd, 4319268.593, 102
Trd, 4319269.343, 98
Trd, 4319270.593, 100
Trd, 4319272.043, 103
Trd, 4319273.693, 101
Trd, 4319274.943, 96
Trd, 4319274.993, 98
Trd, 4319276.743, 95
Trd, 4319276.893, 96
Trd, 4319277.543, 104
Trd, 4319279.043, 99
Trd, 4319280.193, 85
Trd, 4319282.243, 89
Trd, 4319282.343, 90
Trd, 4319282.493, 79
Trd, 4319282.993, 96
Trd, 4319286.693, 94
Trd, 4319286.993, 96
Trd, 4319288.493, 94
Trd, 4319288.843, 104
Trd, 4319291.193, 103
Trd, 4319291.643, 104
Trd, 4319292.293, 104
Trd, 4319293.643, 101
Trd, 4319294.593, 103
Trd, 4319295.593, 104
Trd, 4319296.693, 95
Trd, 4319298.793, 101
Trd, 4319300.543, 101
Trd, 4319302.043, 100
Trd, 4319302.793, 100
Trd, 4319303.043, 99
Trd, 4319305.893, 105
Trd, 4319306.193, 104
Trd, 4319306.493, 102
Trd, 4319309.143, 100
Trd, 4319309.543, 101
Trd, 4319309.893, 100
Trd, 4319311.443, 97
Trd, 4319312.643, 98
Trd, 4319312.893, 100
Trd, 4319313.943, 104
Trd, 4319314.843, 105
Trd, 4319315.443, 119
Trd, 4319317.093, 113
Trd, 4319318.043, 112
Trd, 4319319.993, 109
Trd, 4319320.543, 108
Trd, 4319320.993, 108
Trd, 4319321.243, 103
Trd, 4319324.243, 94
Trd, 4319324.793, 97
Trd, 4319324.843, 97
Trd, 4319326.693, 95
Trd, 4319328.343, 96
Trd, 4319328.893, 95
Trd, 4319329.543, 95
Trd, 4319330.043, 97
Trd, 4319332.043, 106
Trd, 4319332.343, 106
Trd, 4319333.693, 104
Trd, 4319334.143, 94
Trd, 4319334.193, 103
Trd, 4319335.393, 122
Trd, 4319336.943, 108
Trd, 4319338.793, 108
Trd, 4319339.043, 108
Trd, 4319341.493, 106
Trd, 4319342.643, 97
Trd, 4319343.943, 104
Trd, 4319345.943, 99
Trd, 4319345.993, 101
Trd, 4319346.493, 96
Trd, 4319349.043, 97
Trd, 4319349.143, 99
Trd, 4319349.743, 98
Trd, 4319350.343, 98
Trd, 4319351.393, 98
Trd, 4319351.743, 104
Trd, 4319354.043, 97
Trd, 4319354.993, 95
Trd, 4319355.193, 98
Trd, 4319356.043, 97
Trd, 4319356.593, 94
Trd, 4319359.143, 99
Trd, 4319359.443, 103
Trd, 4319360.193, 99
Trd, 4319360.243, 104
Trd, 4319360.443, 94
Trd, 4319364.443, 96
Trd, 4319366.193, 95
Trd, 4319368.643, 95
Trd, 4319368.793, 104
Trd, 4319369.893, 108
Trd, 4319371.293, 94
Trd, 4319372.643, 95
Trd, 4319373.393, 95
Trd, 4319374.043, 96
Trd, 4319374.743, 97
Trd, 4319375.343, 88
Trd, 4319375.843, 96
Trd, 4319380.993, 102
Trd, 4319382.093, 101
Trd, 4319383.393, 117
Trd, 4319385.443, 104
Trd, 4319385.693, 105
Trd, 4319386.243, 104
Trd, 4319387.743, 94
Trd, 4319388.993, 105
Trd, 4319391.293, 88
Trd, 4319391.443, 90
Trd, 4319392.643, 94
Trd, 4319392.743, 92
Trd, 4319394.643, 95
Trd, 4319396.893, 105
Trd, 4319397.843, 104
Trd, 4319399.643, 101
Trd, 4319400.693, 100
Trd, 4319401.543, 98
Trd, 4319401.743, 94
Trd, 4319402.843, 94
Trd, 4319404.393, 93
Trd, 4319405.443, 93
Trd, 4319405.843, 88
Trd, 4319408.843, 92
Trd, 4319408.993, 93
Trd, 4319409.493, 95
Trd, 4319411.093, 94
Trd, 4319412.093, 96
Trd, 4319412.793, 100
Trd, 4319413.493, 94
Trd, 4319415.393, 95
Trd, 4319415.643, 96
Trd, 4319417.393, 104
Trd, 4319418.643, 99
Trd, 4319420.493, 100
Trd, 4319420.793, 101
Trd, 4319422.443, 113
Trd, 4319423.143, 105
Trd, 4319425.293, 97
Trd, 4319425.843, 94
Trd, 4319426.143, 98
Trd, 4319427.943, 98
Trd, 4319428.543, 100
Trd, 4319429.493, 104
Trd, 4319429.793, 102
Trd, 4319430.993, 104
Trd, 4319432.793, 107
Trd, 4319433.393, 103
Trd, 4319435.143, 101
Trd, 4319437.293, 101
Trd, 4319437.643, 97
Trd, 4319438.393, 117
Trd, 4319440.993, 102
Trd, 4319441.743, 102
Trd, 4319442.843, 104
Trd, 4319444.293, 103
Trd, 4319445.193, 94
Trd, 4319445.593, 104
Trd, 4319446.543, 86
Trd, 4319448.893, 91
Trd, 4319449.243, 91
Trd, 4319449.893, 91
Trd, 4319451.443, 94
Trd, 4319452.043, 93
Trd, 4319452.243, 91
Trd, 4319455.243, 93
Trd, 4319455.593, 95
Trd, 4319456.343, 95
Trd, 4319457.093, 104
Trd, 4319458.793, 109
Trd, 4319459.393, 104
Trd, 4319459.643, 103
Trd, 4319462.193, 105
Trd, 4319463.593, 103
Trd, 4319464.143, 103
Trd, 4319465.193, 102
Trd, 4319466.043, 102
Trd, 4319467.893, 103
Trd, 4319468.493, 104
Trd, 4319469.693, 101
Trd, 4319470.043, 98
Trd, 4319472.743, 101
Trd, 4319473.243, 101
Trd, 4319473.293, 94
Trd, 4319477.693, 96
Trd, 4319477.993, 95
Trd, 4319479.343, 99
Trd, 4319479.593, 104
Trd, 4319480.743, 113
Trd, 4319480.943, 94
Trd, 4319484.293, 101
Trd, 4319484.393, 99
Trd, 4319485.043, 103
Trd, 4319486.993, 101
Trd, 4319487.743, 102
Trd, 4319488.743, 100
Trd, 4319490.343, 101
Trd, 4319490.993, 104
Trd, 4319491.043, 100
Trd, 4319493.443, 102
Trd, 4319493.793, 104
Trd, 4319494.243, 103
Trd, 4319495.393, 99
Trd, 4319496.643, 99
Trd, 4319498.843, 97
Trd, 4319499.143, 94
Trd, 4319499.593, 97
Trd, 4319500.343, 97
Trd, 4319503.743, 101
Trd, 4319504.343, 102
Trd, 4319504.743, 100
Trd, 4319505.943, 99
Trd, 4319506.843, 102
Trd, 4319507.993, 103
Trd, 4319508.743, 99
Trd, 4319510.893, 98
Trd, 4319511.243, 98
Trd, 4319513.393, 97
Trd, 4319513.443, 104
Trd, 4319515.543, 96
Trd, 4319515.743, 97
Trd, 4319515.943, 96
Trd, 4319518.193, 94
Trd, 4319518.743, 95
Trd, 4319521.493, 92
Trd, 4319521.593, 95
Trd, 4319522.793, 95
Trd, 4319523.843, 95
Trd, 4319526.593, 121
Trd, 4319526.793, 103
Trd, 4319528.693, 107
Trd, 4319529.693, 122
Trd, 4319533.343, 104
Trd, 4319535.143, 103
Trd, 4319536.443, 102
Trd, 4319536.593, 102
Trd, 4319537.543, 95
Trd, 4319540.293, 101
Trd, 4319540.643, 98
Trd, 4319541.693, 101
Trd, 4319542.293, 99
Trd, 4319542.743, 99
Trd, 4319543.343, 97
Trd, 4319544.943, 97
Trd, 4319545.843, 98
Trd, 4319548.193, 97
Trd, 4319549.793, 96
Trd, 4319550.393, 97
Trd, 4319551.643, 98
Trd, 4319551.843, 104
Trd, 4319552.293, 95
Trd, 4319555.393, 98
Trd, 4319556.843, 98
Trd, 4319557.193, 98
Trd, 4319559.243, 103
Trd, 4319560.143, 103
Trd, 4319560.443, 102
Trd, 4319560.993, 103
Trd, 4319562.743, 103
Trd, 4319563.193, 103
Trd, 4319563.643, 104
Trd, 4319565.943, 101
Trd, 4319567.743, 100
Trd, 4319568.093, 100
Trd, 4319570.093, 98
Trd, 4319571.143, 96
Trd, 4319572.443, 100
Trd, 4319573.543, 99
Trd, 4319576.193, 96
Trd, 4319577.043, 95
Trd, 4319577.593, 98
Trd, 4319578.643, 97
Trd, 4319580.993, 97
Trd, 4319582.143, 97
Trd, 4319582.593, 94
Trd, 4319583.993, 97
Trd, 4319584.593, 95
Trd, 4319586.943, 97
Trd, 4319588.443, 96
Trd, 4319589.043, 96
Trd, 4319591.543, 101
Trd, 4319592.043, 101
Trd, 4319592.593, 99
Trd, 4319593.593, 99
Trd, 4319594.293, 98
Trd, 4319596.543, 97
Trd, 4319597.043, 98
Trd, 4319597.443, 97
Trd, 4319597.593, 113
Trd, 4319600.543, 98
Trd, 4319602.393, 99
Trd, 4319602.793, 100
Trd, 4319602.893, 98
Trd, 4319604.693, 104
Trd, 4319605.193, 102
Trd, 4319606.393, 102
Trd, 4319607.843, 101
Trd, 4319608.293, 101
Trd, 4319609.643, 104
Trd, 4319610.393, 102
Trd, 4319611.493, 103
Trd, 4319612.943, 104
Trd, 4319613.343, 104
Trd, 4319613.443, 106
Trd, 4319613.643, 94
Trd, 4319616.993, 102
Trd, 4319617.643, 101
Trd, 4319619.043, 100
Trd, 4319620.293, 96
Trd, 4319620.693, 97
Trd, 4319621.143, 96
Trd, 4319623.143, 95
Trd, 4319623.693, 104
Trd, 4319625.893, 98
Trd, 4319626.443, 98
Trd, 4319626.793, 96
Trd, 4319628.543, 101
Trd, 4319629.143, 104
Trd, 4319632.743, 97
Trd, 4319633.393, 97
Trd, 4319634.193, 98
Trd, 4319635.693, 95
Trd, 4319637.993, 95
Trd, 4319638.343, 94
Trd, 4319639.443, 94
Trd, 4319640.493, 95
Trd, 4319641.243, 93
Trd, 4319643.493, 94
Trd, 4319644.743, 95
Trd, 4319644.893, 95
Trd, 4319645.943, 103
Trd, 4319646.843, 102
Trd, 4319647.043, 104
Trd, 4319647.993, 85
Trd, 4319650.393, 92
Trd, 4319651.243, 92
Trd, 4319652.393, 100
Trd, 4319653.243, 100
Trd, 4319654.243, 100
Trd, 4319655.093, 94
Trd, 4319655.493, 99
Trd, 4319656.193, 98
Trd, 4319657.993, 103
Trd, 4319659.943, 101
Trd, 4319661.593, 101
Trd, 4319661.693, 104
Trd, 4319662.843, 98
Trd, 4319664.843, 102
Trd, 4319665.493, 98
Trd, 4319667.293, 100
Trd, 4319667.893, 100
Trd, 4319669.993, 100
Trd, 4319670.743, 98
Trd, 4319671.393, 98
Trd, 4319673.543, 97
Trd, 4319674.043, 97
Trd, 4319674.093, 98
Trd, 4319675.593, 95
Trd, 4319677.943, 96
Trd, 4319678.993, 96
Trd, 4319679.093, 97
Trd, 4319681.093, 97
Trd, 4319681.393, 96
Trd, 4319682.693, 103
Trd, 4319683.443, 95
Trd, 4319683.693, 101
Trd, 4319685.093, 96
Trd, 4319688.543, 99
Trd, 4319688.993, 98
Trd, 4319689.543, 113
Trd, 4319690.793, 103
Trd, 4319693.693, 100
Trd, 4319693.943, 98
Trd, 4319694.643, 95
Trd, 4319695.093, 97
Trd, 4319696.593, 96
Trd, 4319696.793, 99
Trd, 4319697.593, 94
Trd, 4319698.593, 122
Trd, 4319702.043, 107
Trd, 4319702.593, 106
Trd, 4319705.093, 107
Trd, 4319705.643, 107
Trd, 4319707.543, 107
Trd, 4319708.443, 107
Trd, 4319708.943, 108
Trd, 4319710.693, 105
Trd, 4319712.143, 105
Trd, 4319713.793, 103
Trd, 4319714.693, 98
Trd, 4319715.693, 100
Trd, 4319717.593, 98
Trd, 4319718.443, 98
Trd, 4319719.943, 97
Trd, 4319720.343, 96
Trd, 4319720.793, 97
Trd, 4319722.893, 96
Trd, 4319723.143, 95
Trd, 4319724.993, 95
Trd, 4319725.793, 96
Trd, 4319727.393, 95
Trd, 4319727.993, 94
Trd, 4319728.693, 94
Trd, 4319729.893, 95
Trd, 4319730.343, 92
Trd, 4319731.393, 84
Trd, 4319732.493, 104
Trd, 4319735.793, 88
Trd, 4319736.543, 82
Trd, 4319736.793, 86
Trd, 4319738.593, 85
Trd, 4319738.693, 86
Trd, 4319739.643, 86
Trd, 4319742.543, 89
Trd, 4319742.593, 87
Trd, 4319745.443, 90
Trd, 4319745.993, 90
Trd, 4319746.093, 104
Trd, 4319747.343, 98
Trd, 4319750.193, 103
Trd, 4319750.643, 100
Trd, 4319750.793, 103
Trd, 4319752.043, 102
Trd, 4319752.793, 101
Trd, 4319754.693, 94
Trd, 4319755.093, 95
Trd, 4319755.843, 96
Trd, 4319756.693, 96
Trd, 4319756.793, 94
Trd, 4319758.443, 103
Trd, 4319759.143, 95
Trd, 4319761.693, 97
Trd, 4319761.743, 99
Trd, 4319763.343, 104
Trd, 4319763.693, 96
Trd, 4319765.043, 104
Trd, 4319766.993, 109
Trd, 4319767.893, 108
Trd, 4319769.443, 108
Trd, 4319770.993, 106
Trd, 4319771.293, 105
Trd, 4319772.343, 107
Trd, 4319772.843, 104
Trd, 4319775.093, 104
Trd, 4319776.043, 100
Trd, 4319776.593, 101
Trd, 4319777.593, 101
Trd, 4319777.693, 102
Trd, 4319779.443, 103
Trd, 4319781.293, 103
Trd, 4319784.493, 104
Trd, 4319784.643, 115
Trd, 4319786.693, 103
Trd, 4319787.143, 104
Trd, 4319787.293, 96
Trd, 4319790.693, 98
Trd, 4319791.243, 97
Trd, 4319792.193, 98
Trd, 4319793.243, 99
Trd, 4319794.043, 99
Trd, 4319794.243, 96
Trd, 4319796.343, 98
Trd, 4319796.793, 98
Trd, 4319797.293, 104
Trd, 4319797.643, 99
Trd, 4319799.493, 99
Trd, 4319799.793, 101
Trd, 4319803.043, 99
Trd, 4319803.793, 104
Trd, 4319805.943, 103
Trd, 4319806.993, 98
Trd, 4319807.393, 101
Trd, 4319809.243, 100
Trd, 4319810.593, 100
Trd, 4319811.393, 97
Trd, 4319812.743, 97
Trd, 4319814.543, 98
Trd, 4319814.793, 102
Trd, 4319814.943, 104
Trd, 4319815.943, 98
Trd, 4319818.093, 100
Trd, 4319819.643, 98
Trd, 4319820.843, 86
Trd, 4319821.643, 96
Trd, 4319822.743, 97
Trd, 4319826.143, 100
Trd, 4319826.693, 100
Trd, 4319827.093, 100
Trd, 4319827.543, 94
Trd, 4319828.143, 100
Trd, 4319831.293, 102
Trd, 4319831.843, 101
Trd, 4319832.243, 100
Trd, 4319833.243, 98
Trd, 4319835.993, 97
Trd, 4319836.393, 97
Trd, 4319836.743, 97
Trd, 4319837.093, 102
Trd, 4319838.843, 104
Trd, 4319840.143, 97
Trd, 4319840.793, 101
Trd, 4319843.543, 95
Trd, 4319843.693, 96
Trd, 4319844.093, 104
Trd, 4319845.343, 96
Trd, 4319847.643, 100
Trd, 4319848.493, 100
Trd, 4319848.943, 97
Trd, 4319853.443, 96
Trd, 4319853.993, 96
Trd, 4319854.893, 95
Trd, 4319855.643, 94
Trd, 4319855.943, 94
Trd, 4319856.643, 95
Trd, 4319859.343, 90
Trd, 4319860.093, 89
Trd, 4319861.643, 92
Trd, 4319863.643, 89
Trd, 4319864.143, 95
Trd, 4319866.843, 88
Trd, 4319867.743, 88
Trd, 4319867.993, 89
Trd, 4319869.143, 95
Trd, 4319870.643, 85
Trd, 4319870.743, 89
Trd, 4319872.193, 94
Trd, 4319872.543, 94
Trd, 4319873.193, 95
Trd, 4319874.293, 93
Trd, 4319875.343, 95
Trd, 4319878.343, 97
Trd, 4319878.443, 98
Trd, 4319878.943, 97
Trd, 4319879.093, 96
Trd, 4319879.643, 102
Trd, 4319880.393, 102
Trd, 4319882.043, 94
Trd, 4319884.193, 101
Trd, 4319886.743, 104
Trd, 4319887.843, 111
Trd, 4319888.043, 107
Trd, 4319888.293, 105
Trd, 4319889.593, 107
Trd, 4319889.643, 114
Trd, 4319890.443, 108
Trd, 4319892.793, 94
Trd, 4319895.543, 109
Trd, 4319896.443, 106
Trd, 4319897.443, 107
Trd, 4319898.043, 106
Trd, 4319898.793, 104
Trd, 4319899.693, 102
Trd, 4319900.593, 94
Trd, 4319902.043, 98
Trd, 4319903.643, 94
Trd, 4319904.843, 97
Trd, 4319905.643, 104
Trd, 4319909.043, 97
Trd, 4319909.943, 95
Trd, 4319910.043, 96
Trd, 4319911.443, 96
Trd, 4319912.243, 96
Trd, 4319913.543, 97
Trd, 4319914.293, 98
Trd, 4319915.393, 101
Trd, 4319915.793, 93
Trd, 4319918.743, 96
Trd, 4319918.843, 96
Trd, 4319922.993, 97
Trd, 4319923.443, 98
Trd, 4319923.743, 98
Trd, 4319924.793, 97
Trd, 4319926.793, 96
Trd, 4319927.543, 86
Trd, 4319929.043, 93
Trd, 4319929.193, 92
Trd, 4319930.293, 95
Trd, 4319932.793, 91
Trd, 4319932.893, 92
Trd, 4319933.643, 90
Trd, 4319934.193, 91
Trd, 4319935.293, 92
Trd, 4319935.893, 91
Trd, 4319936.693, 95
Trd, 4319939.393, 94
Trd, 4319939.493, 93
Trd, 4319939.693, 95
Trd, 4319941.893, 102
Trd, 4319942.143, 98
Trd, 4319944.493, 98
Trd, 4319946.593, 97
Trd, 4319947.193, 97
Trd, 4319948.643, 96
Trd, 4319950.043, 97
Trd, 4319951.443, 94
Trd, 4319952.693, 94
Trd, 4319952.893, 95
Trd, 4319953.593, 95
Trd, 4319953.943, 96
Trd, 4319956.693, 96
Trd, 4319958.043, 95
Trd, 4319958.293, 95
Trd, 4319959.493, 96
Trd, 4319961.643, 96
Trd, 4319961.693, 95
Trd, 4319963.193, 96
Trd, 4319964.993, 94
Trd, 4319965.143, 92
Trd, 4319966.293, 94
Trd, 4319966.393, 96
Trd, 4319966.743, 104
Trd, 4319969.343, 102
Trd, 4319970.193, 113
Trd, 4319972.093, 102
Trd, 4319972.843, 99
Trd, 4319973.793, 102
Trd, 4319975.393, 94
Trd, 4319976.193, 97
Trd, 4319977.093, 95
Trd, 4319977.243, 89
Trd, 4319978.893, 92
Trd, 4319979.343, 92
Trd, 4319981.593, 92
Trd, 4319982.693, 95
Trd, 4319984.193, 94
Trd, 4319984.643, 94
Trd, 4319985.543, 94
Trd, 4319986.293, 95
Trd, 4319987.743, 95
Trd, 4319988.193, 96
Trd, 4319990.743, 92
Trd, 4319993.143, 89
Trd, 4319993.643, 90
Trd, 4319994.343, 90
Trd, 4319994.943, 95
Trd, 4319995.243, 87
Trd, 4319997.293, 102
Trd, 4319997.693, 116
Trd, 4319999.743, 104
