Trd, 4317860.043, 96
Trd, 4317860.743, 96
Trd, 4317863.393, 103
Trd, 4317866.893, 104
Trd, 4317866.943, 104
Trd, 4317867.243, 104
Trd, 4317867.393, 98
Trd, 4317869.743, 101
Trd, 4317870.493, 102
Trd, 4317874.093, 102
Trd, 4317874.143, 101
Trd, 4317876.093, 100
Trd, 4317876.593, 100
Trd, 4317877.593, 95
Trd, 4317879.093, 95
Trd, 4317880.043, 98
Trd, 4317880.543, 95
Trd, 4317881.193, 97
Trd, 4317882.943, 95
Trd, 4317883.843, 96
Trd, 4317886.843, 113
Trd, 4317887.593, 96
Trd, 4317887.993, 97
Trd, 4317891.143, 97
Trd, 4317893.093, 105
Trd, 4317894.243, 102
Trd, 4317894.793, 100
Trd, 4317896.643, 99
Trd, 4317896.743, 97
Trd, 4317896.843, 100
Trd, 4317898.193, 96
Trd, 4317899.343, 96
Trd, 4317899.393, 113
Trd, 4317902.843, 95
Trd, 4317903.043, 95
Trd, 4317903.543, 94
Trd, 4317905.393, 97
Trd, 4317905.693, 97
Trd, 4317907.943, 96
Trd, 4317908.943, 96
Trd, 4317909.293, 95
Trd, 4317909.443, 104
Trd, 4317909.693, 95
Trd, 4317913.743, 104
Trd, 4317914.143, 99
Trd, 4317916.143, 98
Trd, 4317917.143, 99
Trd, 4317918.393, 99
Trd, 4317918.693, 100
Trd, 4317919.643, 97
Trd, 4317921.793, 99
Trd, 4317923.443, 98
Trd, 4317923.593, 97
Trd, 4317924.993, 99
Trd, 4317928.543, 103
Trd, 4317928.843, 99
Trd, 4317929.743, 98
Trd, 4317932.493, 100
Trd, 4317935.143, 100
Trd, 4317935.343, 100
Trd, 4317936.643, 98
Trd, 4317938.593, 96
Trd, 4317938.943, 94
Trd, 4317939.193, 98
Trd, 4317942.293, 97
Trd, 4317942.343, 100
Trd, 4317944.443, 97
Trd, 4317946.093, 97
Trd, 4317947.193, 96
Trd, 4317949.543, 95
Trd, 4317950.393, 97
Trd, 4317952.693, 102
Trd, 4317955.843, 96
Trd, 4317956.093, 95
Trd, 4317956.643, 96
Trd, 4317956.893, 95
Trd, 4317958.093, 100
Trd, 4317960.793, 98
Trd, 4317961.643, 98
Trd, 4317963.643, 104
Trd, 4317965.643, 98
Trd, 4317967.093, 98
Trd, 4317970.043, 99
Trd, 4317970.193, 98
Trd, 4317971.843, 98
Trd, 4317971.893, 97
Trd, 4317972.843, 98
Trd, 4317975.093, 104
Trd, 4317975.543, 102
Trd, 4317976.793, 103
Trd, 4317978.093, 103
Trd, 4317980.043, 104
Trd, 4317982.343, 104
Trd, 4317982.493, 103
Trd, 4317983.093, 102
Trd, 4317987.293, 102
Trd, 4317988.343, 101
Trd, 4317989.443, 103
Trd, 4317992.793, 104
Trd, 4317993.593, 103
Trd, 4317996.193, 103
Trd, 4317997.193, 102
Trd, 4317997.493, 100
Trd, 4317999.843, 103
Trd, 4318000.593, 102
Trd, 4318001.343, 100
Trd, 4318002.443, 104
Trd, 4318002.743, 101
Trd, 4318006.193, 102
Trd, 4318006.593, 102
Trd, 4318008.043, 102
Trd, 4318009.093, 101
Trd, 4318009.543, 113
Trd, 4318013.693, 103
Trd, 4318014.693, 103
Trd, 4318014.843, 102
Trd, 4318015.943, 101
Trd, 4318016.193, 100
Trd, 4318017.343, 100
Trd, 4318020.543, 101
Trd, 4318020.793, 99
Trd, 4318021.093, 102
Trd, 4318023.543, 101
Trd, 4318023.643, 98
Trd, 4318025.143, 99
Trd, 4318025.193, 100
Trd, 4318029.243, 101
Trd, 4318029.693, 100
Trd, 4318030.293, 101
Trd, 4318030.343, 99
Trd, 4318032.143, 102
Trd, 4318034.143, 103
Trd, 4318034.543, 98
Trd, 4318035.593, 100
Trd, 4318037.093, 104
Trd, 4318038.843, 105
Trd, 4318041.743, 98
Trd, 4318042.643, 95
Trd, 4318043.343, 96
Trd, 4318043.543, 96
Trd, 4318044.193, 97
Trd, 4318046.643, 106
Trd, 4318047.393, 99
Trd, 4318047.693, 96
Trd, 4318050.393, 97
Trd, 4318050.993, 98
Trd, 4318056.043, 97
Trd, 4318056.443, 96
Trd, 4318057.243, 96
Trd, 4318057.843, 97
Trd, 4318059.793, 99
Trd, 4318060.993, 98
Trd, 4318061.793, 98
Trd, 4318063.093, 98
Trd, 4318065.093, 97
Trd, 4318065.243, 98
Trd, 4318067.743, 97
Trd, 4318068.943, 99
Trd, 4318070.193, 98
Trd, 4318070.243, 97
Trd, 4318072.043, 99
Trd, 4318073.493, 96
Trd, 4318076.843, 98
Trd, 4318077.593, 97
Trd, 4318078.143, 97
Trd, 4318078.643, 96
Trd, 4318081.743, 97
Trd, 4318082.793, 96
Trd, 4318083.993, 95
Trd, 4318084.793, 95
Trd, 4318085.793, 95
Trd, 4318088.343, 101
Trd, 4318089.243, 97
Trd, 4318091.793, 98
Trd, 4318093.293, 98
Trd, 4318093.693, 97
Trd, 4318094.993, 98
Trd, 4318097.343, 97
Trd, 4318099.093, 97
Trd, 4318100.143, 97
Trd, 4318101.243, 97
Trd, 4318102.643, 99
Trd, 4318103.293, 98
Trd, 4318104.243, 98
Trd, 4318105.593, 97
Trd, 4318106.343, 104
Trd, 4318107.593, 95
Trd, 4318109.943, 96
Trd, 4318111.693, 95
Trd, 4318111.743, 95
Trd, 4318113.293, 97
Trd, 4318115.193, 97
Trd, 4318117.943, 97
Trd, 4318118.293, 96
Trd, 4318119.943, 96
Trd, 4318122.393, 95
Trd, 4318122.493, 94
Trd, 4318123.993, 96
Trd, 4318125.243, 100
Trd, 4318127.743, 104
Trd, 4318128.293, 103
Trd, 4318128.443, 105
Trd, 4318130.243, 103
Trd, 4318130.793, 103
Trd, 4318131.093, 104
Trd, 4318131.643, 95
Trd, 4318134.393, 100
Trd, 4318136.893, 98
Trd, 4318137.093, 101
Trd, 4318138.143, 100
Trd, 4318140.443, 101
Trd, 4318140.893, 104
Trd, 4318141.193, 103
Trd, 4318143.393, 94
Trd, 4318143.943, 95
Trd, 4318145.993, 94
Trd, 4318146.143, 95
Trd, 4318148.443, 94
Trd, 4318149.643, 95
Trd, 4318150.493, 100
Trd, 4318152.543, 98
Trd, 4318152.893, 104
Trd, 4318156.093, 98
Trd, 4318157.093, 96
Trd, 4318157.943, 95
Trd, 4318159.893, 94
Trd, 4318160.643, 97
Trd, 4318161.943, 97
Trd, 4318164.143, 97
Trd, 4318164.693, 95
Trd, 4318164.793, 104
Trd, 4318167.493, 97
Trd, 4318169.093, 97
Trd, 4318172.093, 96
Trd, 4318174.643, 97
Trd, 4318174.693, 96
Trd, 4318176.593, 96
Trd, 4318176.993, 94
Trd, 4318177.343, 93
Trd, 4318179.193, 95
Trd, 4318179.593, 96
Trd, 4318183.043, 111
Trd, 4318183.943, 97
Trd, 4318185.543, 98
Trd, 4318187.893, 98
Trd, 4318188.143, 98
Trd, 4318189.093, 96
Trd, 4318189.193, 98
Trd, 4318191.493, 96
Trd, 4318194.493, 97
Trd, 4318194.843, 97
Trd, 4318195.243, 112
Trd, 4318196.293, 101
Trd, 4318198.243, 99
Trd, 4318200.043, 100
Trd, 4318200.793, 98
Trd, 4318203.493, 100
Trd, 4318203.593, 101
Trd, 4318204.593, 101
Trd, 4318207.193, 102
Trd, 4318209.093, 101
Trd, 4318209.693, 101
Trd, 4318210.193, 101
Trd, 4318210.493, 100
Trd, 4318213.843, 100
Trd, 4318213.943, 99
Trd, 4318214.193, 99
Trd, 4318215.793, 99
Trd, 4318216.343, 98
Trd, 4318216.793, 98
Trd, 4318219.043, 98
Trd, 4318220.543, 98
Trd, 4318220.943, 98
Trd, 4318221.793, 98
Trd, 4318225.443, 97
Trd, 4318225.493, 98
Trd, 4318227.043, 97
Trd, 4318227.843, 98
Trd, 4318229.243, 96
Trd, 4318231.393, 98
Trd, 4318232.093, 97
Trd, 4318233.493, 98
Trd, 4318235.193, 98
Trd, 4318235.643, 97
Trd, 4318238.793, 100
Trd, 4318240.543, 99
Trd, 4318240.843, 101
Trd, 4318242.193, 99
Trd, 4318243.293, 99
Trd, 4318243.743, 98
Trd, 4318244.393, 98
Trd, 4318244.443, 101
Trd, 4318247.193, 100
Trd, 4318248.343, 98
Trd, 4318249.143, 97
Trd, 4318251.743, 99
Trd, 4318254.493, 99
Trd, 4318255.293, 100
Trd, 4318257.993, 98
Trd, 4318258.993, 99
Trd, 4318261.743, 100
Trd, 4318262.893, 98
Trd, 4318263.493, 99
Trd, 4318264.243, 98
Trd, 4318264.943, 94
Trd, 4318266.193, 99
Trd, 4318266.793, 98
Trd, 4318268.243, 98
Trd, 4318270.543, 97
Trd, 4318271.243, 97
Trd, 4318275.693, 101
Trd, 4318276.343, 103
Trd, 4318276.743, 101
Trd, 4318277.993, 103
Trd, 4318278.843, 103
Trd, 4318280.193, 101
Trd, 4318282.093, 99
Trd, 4318282.293, 104
Trd, 4318285.443, 99
Trd, 4318286.893, 97
Trd, 4318287.093, 96
Trd, 4318287.593, 98
Trd, 4318287.793, 105
Trd, 4318290.943, 97
Trd, 4318291.993, 99
Trd, 4318292.043, 98
Trd, 4318292.843, 97
Trd, 4318293.843, 98
Trd, 4318294.893, 97
Trd, 4318297.143, 97
Trd, 4318298.193, 99
Trd, 4318298.493, 96
Trd, 4318301.393, 99
Trd, 4318301.743, 98
Trd, 4318303.493, 97
Trd, 4318305.043, 96
Trd, 4318307.793, 97
Trd, 4318308.093, 97
Trd, 4318308.243, 98
Trd, 4318309.393, 95
Trd, 4318310.443, 95
Trd, 4318313.743, 97
Trd, 4318316.093, 97
Trd, 4318317.143, 95
Trd, 4318317.393, 95
Trd, 4318319.043, 96
Trd, 4318319.543, 97
Trd, 4318319.893, 95
Trd, 4318324.543, 94
Trd, 4318324.693, 95
Trd, 4318324.993, 94
Trd, 4318326.593, 94
Trd, 4318329.693, 95
Trd, 4318332.143, 94
Trd, 4318332.593, 95
Trd, 4318334.893, 95
Trd, 4318337.643, 94
Trd, 4318338.243, 96
Trd, 4318340.943, 97
Trd, 4318342.093, 96
Trd, 4318343.243, 97
Trd, 4318343.493, 94
Trd, 4318344.843, 96
Trd, 4318345.143, 95
Trd, 4318346.593, 94
Trd, 4318347.893, 95
Trd, 4318348.343, 105
Trd, 4318350.093, 97
Trd, 4318351.393, 97
Trd, 4318352.193, 98
Trd, 4318353.043, 99
Trd, 4318354.643, 104
Trd, 4318357.043, 102
Trd, 4318358.343, 102
Trd, 4318358.743, 101
Trd, 4318358.943, 100
Trd, 4318360.193, 102
Trd, 4318363.643, 98
Trd, 4318363.943, 99
Trd, 4318364.143, 97
Trd, 4318366.093, 99
Trd, 4318367.293, 100
Trd, 4318370.343, 104
Trd, 4318371.393, 105
Trd, 4318372.493, 104
Trd, 4318372.643, 105
Trd, 4318374.293, 103
Trd, 4318374.843, 94
Trd, 4318375.093, 113
Trd, 4318377.393, 106
Trd, 4318378.393, 108
Trd, 4318378.443, 107
Trd, 4318379.593, 106
Trd, 4318381.093, 108
Trd, 4318381.843, 104
Trd, 4318383.893, 106
Trd, 4318383.993, 103
Trd, 4318385.193, 95
Trd, 4318385.943, 94
Trd, 4318387.793, 95
Trd, 4318389.643, 98
Trd, 4318390.443, 95
Trd, 4318391.493, 96
Trd, 4318391.893, 106
Trd, 4318396.043, 100
Trd, 4318396.593, 99
Trd, 4318397.393, 99
Trd, 4318397.843, 100
Trd, 4318398.943, 100
Trd, 4318400.343, 100
Trd, 4318401.543, 105
Trd, 4318402.543, 100
Trd, 4318404.043, 100
Trd, 4318406.793, 100
Trd, 4318407.343, 99
Trd, 4318408.843, 100
Trd, 4318409.243, 99
Trd, 4318410.093, 98
Trd, 4318413.093, 97
Trd, 4318413.693, 98
Trd, 4318414.543, 98
Trd, 4318414.793, 99
Trd, 4318415.143, 99
Trd, 4318416.743, 98
Trd, 4318417.393, 97
Trd, 4318417.693, 99
Trd, 4318419.043, 96
Trd, 4318419.843, 94
Trd, 4318422.093, 94
Trd, 4318423.443, 93
Trd, 4318425.593, 95
Trd, 4318427.693, 95
Trd, 4318428.093, 92
Trd, 4318428.693, 94
Trd, 4318431.393, 100
Trd, 4318433.893, 96
Trd, 4318434.443, 95
Trd, 4318434.543, 93
Trd, 4318436.443, 96
Trd, 4318438.243, 97
Trd, 4318439.393, 103
Trd, 4318440.043, 97
Trd, 4318440.743, 97
Trd, 4318441.243, 98
Trd, 4318442.393, 98
Trd, 4318445.943, 97
Trd, 4318446.543, 98
Trd, 4318447.943, 97
Trd, 4318448.843, 96
Trd, 4318450.343, 95
Trd, 4318452.593, 96
Trd, 4318454.393, 96
Trd, 4318454.993, 97
Trd, 4318455.343, 96
Trd, 4318459.593, 96
Trd, 4318459.793, 96
Trd, 4318460.393, 95
Trd, 4318460.693, 96
Trd, 4318464.893, 97
Trd, 4318467.643, 94
Trd, 4318467.843, 96
Trd, 4318468.693, 97
Trd, 4318470.543, 95
Trd, 4318472.843, 104
Trd, 4318475.743, 101
Trd, 4318476.293, 100
Trd, 4318477.693, 98
Trd, 4318477.943, 102
Trd, 4318479.843, 98
Trd, 4318480.193, 98
Trd, 4318480.993, 98
Trd, 4318481.643, 97
Trd, 4318485.893, 103
Trd, 4318486.093, 102
Trd, 4318486.193, 105
Trd, 4318488.443, 102
Trd, 4318490.393, 101
Trd, 4318491.843, 101
Trd, 4318492.493, 101
Trd, 4318494.393, 100
Trd, 4318494.493, 101
Trd, 4318496.093, 100
Trd, 4318496.993, 100
Trd, 4318499.743, 101
Trd, 4318501.243, 99
Trd, 4318501.443, 102
Trd, 4318504.443, 100
Trd, 4318505.193, 95
Trd, 4318505.593, 99
Trd, 4318506.193, 99
Trd, 4318507.743, 98
Trd, 4318507.993, 100
Trd, 4318510.143, 101
Trd, 4318511.543, 101
Trd, 4318512.593, 98
Trd, 4318513.493, 98
Trd, 4318514.893, 102
Trd, 4318516.043, 101
Trd, 4318516.843, 101
Trd, 4318518.293, 99
Trd, 4318521.143, 100
Trd, 4318521.293, 102
Trd, 4318522.293, 101
Trd, 4318524.193, 100
Trd, 4318524.543, 104
Trd, 4318527.243, 102
Trd, 4318527.643, 100
Trd, 4318529.493, 102
Trd, 4318530.493, 101
Trd, 4318533.593, 99
Trd, 4318535.193, 98
Trd, 4318535.943, 98
Trd, 4318536.343, 97
Trd, 4318536.943, 98
Trd, 4318537.593, 97
Trd, 4318540.193, 100
Trd, 4318541.043, 104
Trd, 4318541.943, 98
Trd, 4318543.743, 97
Trd, 4318544.443, 98
Trd, 4318547.043, 97
Trd, 4318547.343, 97
Trd, 4318547.393, 96
Trd, 4318549.343, 95
Trd, 4318551.043, 95
Trd, 4318552.843, 97
Trd, 4318552.893, 96
Trd, 4318553.993, 103
Trd, 4318556.543, 101
Trd, 4318557.193, 101
Trd, 4318558.743, 103
Trd, 4318559.293, 104
Trd, 4318559.743, 100
Trd, 4318560.093, 99
Trd, 4318565.293, 99
Trd, 4318565.893, 99
Trd, 4318565.943, 98
Trd, 4318566.943, 104
Trd, 4318568.693, 99
Trd, 4318570.293, 100
Trd, 4318571.143, 99
Trd, 4318572.693, 99
Trd, 4318573.643, 99
Trd, 4318574.243, 104
Trd, 4318574.343, 98
Trd, 4318577.043, 97
Trd, 4318577.993, 97
Trd, 4318578.593, 96
Trd, 4318578.993, 94
Trd, 4318581.243, 96
Trd, 4318582.093, 96
Trd, 4318582.293, 97
Trd, 4318583.793, 96
Trd, 4318584.543, 95
Trd, 4318585.093, 102
Trd, 4318588.343, 97
Trd, 4318590.143, 96
Trd, 4318592.293, 97
Trd, 4318593.593, 100
Trd, 4318594.743, 96
Trd, 4318595.893, 97
Trd, 4318596.743, 96
Trd, 4318597.293, 94
Trd, 4318598.943, 97
Trd, 4318599.493, 96
Trd, 4318603.093, 95
Trd, 4318603.293, 97
Trd, 4318605.543, 95
Trd, 4318607.493, 96
Trd, 4318608.843, 96
Trd, 4318609.493, 95
Trd, 4318610.893, 93
Trd, 4318612.293, 94
Trd, 4318613.293, 94
Trd, 4318613.493, 93
Trd, 4318614.493, 104
Trd, 4318616.593, 94
Trd, 4318618.143, 97
Trd, 4318618.793, 96
Trd, 4318618.993, 97
Trd, 4318619.693, 96
Trd, 4318622.043, 96
Trd, 4318622.393, 95
Trd, 4318623.643, 95
Trd, 4318624.543, 94
Trd, 4318625.393, 96
Trd, 4318625.793, 96
Trd, 4318629.293, 96
Trd, 4318630.893, 96
Trd, 4318633.093, 95
Trd, 4318633.843, 94
Trd, 4318634.143, 94
Trd, 4318637.893, 95
Trd, 4318638.643, 96
Trd, 4318640.293, 96
Trd, 4318643.143, 93
Trd, 4318644.043, 95
Trd, 4318646.093, 95
Trd, 4318647.693, 95
Trd, 4318649.493, 95
Trd, 4318650.043, 94
Trd, 4318652.793, 93
Trd, 4318653.493, 93
Trd, 4318653.943, 92
Trd, 4318655.493, 93
Trd, 4318657.543, 91
Trd, 4318657.843, 92
Trd, 4318658.643, 92
Trd, 4318659.893, 92
Trd, 4318661.193, 92
Trd, 4318663.743, 92
Trd, 4318664.443, 92
Trd, 4318665.593, 92
Trd, 4318665.893, 91
Trd, 4318667.143, 91
Trd, 4318669.643, 92
Trd, 4318670.393, 95
Trd, 4318671.593, 94
Trd, 4318671.793, 93
Trd, 4318673.593, 98
Trd, 4318677.093, 95
Trd, 4318678.543, 95
Trd, 4318678.893, 92
Trd, 4318682.693, 95
Trd, 4318682.843, 99
Trd, 4318684.143, 94
Trd, 4318685.043, 94
Trd, 4318686.043, 93
Trd, 4318686.243, 94
Trd, 4318688.843, 96
Trd, 4318691.943, 96
Trd, 4318693.543, 95
Trd, 4318694.543, 95
Trd, 4318697.143, 95
Trd, 4318699.243, 94
Trd, 4318700.143, 95
Trd, 4318700.643, 95
Trd, 4318703.893, 95
Trd, 4318707.193, 94
Trd, 4318707.343, 95
Trd, 4318707.993, 94
Trd, 4318709.743, 93
Trd, 4318711.143, 93
Trd, 4318714.993, 92
Trd, 4318715.393, 94
Trd, 4318715.943, 93
Trd, 4318716.193, 98
Trd, 4318719.343, 96
Trd, 4318719.493, 96
Trd, 4318719.943, 97
Trd, 4318721.793, 96
Trd, 4318722.093, 97
Trd, 4318722.243, 109
Trd, 4318726.143, 97
Trd, 4318727.893, 96
Trd, 4318728.243, 113
Trd, 4318729.693, 100
Trd, 4318731.643, 102
Trd, 4318731.843, 103
Trd, 4318734.093, 104
Trd, 4318735.593, 104
Trd, 4318736.243, 102
Trd, 4318737.193, 95
Trd, 4318738.993, 100
Trd, 4318739.443, 99
Trd, 4318740.143, 104
Trd, 4318740.743, 97
Trd, 4318741.443, 95
Trd, 4318743.993, 96
Trd, 4318746.293, 97
Trd, 4318747.343, 98
Trd, 4318748.443, 97
Trd, 4318749.943, 97
Trd, 4318750.243, 97
Trd, 4318752.343, 97
Trd, 4318752.943, 98
Trd, 4318754.743, 100
Trd, 4318756.593, 100
Trd, 4318757.793, 99
Trd, 4318758.543, 102
Trd, 4318759.693, 102
Trd, 4318760.243, 103
Trd, 4318763.093, 100
Trd, 4318766.443, 99
Trd, 4318769.443, 100
Trd, 4318770.593, 100
Trd, 4318771.793, 101
Trd, 4318772.393, 99
Trd, 4318773.893, 104
Trd, 4318774.093, 98
Trd, 4318775.193, 99
Trd, 4318775.693, 98
Trd, 4318777.993, 113
Trd, 4318779.693, 101
Trd, 4318781.543, 100
Trd, 4318782.493, 104
Trd, 4318784.743, 104
Trd, 4318785.493, 98
Trd, 4318787.993, 99
Trd, 4318788.293, 100
Trd, 4318790.193, 96
Trd, 4318791.293, 97
Trd, 4318792.943, 97
Trd, 4318793.843, 97
Trd, 4318793.943, 96
Trd, 4318794.743, 113
Trd, 4318795.193, 95
Trd, 4318799.693, 99
Trd, 4318801.693, 101
Trd, 4318803.493, 101
Trd, 4318803.893, 101
Trd, 4318804.143, 100
Trd, 4318804.743, 99
Trd, 4318804.893, 96
Trd, 4318807.343, 100
Trd, 4318807.543, 94
Trd, 4318808.593, 97
Trd, 4318810.343, 98
Trd, 4318810.593, 96
Trd, 4318812.893, 96
Trd, 4318814.943, 97
Trd, 4318816.693, 98
Trd, 4318818.093, 98
Trd, 4318818.543, 98
Trd, 4318820.043, 97
Trd, 4318823.493, 97
Trd, 4318824.343, 94
Trd, 4318826.643, 97
Trd, 4318829.343, 95
Trd, 4318830.293, 95
Trd, 4318830.993, 96
Trd, 4318831.193, 95
Trd, 4318831.243, 98
Trd, 4318834.293, 94
Trd, 4318834.543, 98
Trd, 4318836.543, 97
Trd, 4318839.643, 98
Trd, 4318839.693, 99
Trd, 4318840.443, 97
Trd, 4318843.143, 96
Trd, 4318845.443, 97
Trd, 4318847.043, 96
Trd, 4318847.093, 95
Trd, 4318849.493, 95
Trd, 4318851.593, 95
Trd, 4318852.243, 94
Trd, 4318854.893, 94
Trd, 4318856.493, 95
Trd, 4318858.043, 94
Trd, 4318858.593, 93
Trd, 4318859.143, 93
Trd, 4318860.143, 93
Trd, 4318860.443, 95
Trd, 4318862.793, 95
Trd, 4318864.193, 95
Trd, 4318866.593, 95
Trd, 4318868.593, 94
Trd, 4318868.743, 94
Trd, 4318869.793, 93
Trd, 4318871.793, 95
Trd, 4318872.343, 95
Trd, 4318873.193, 94
Trd, 4318873.793, 95
Trd, 4318877.543, 96
Trd, 4318878.343, 96
Trd, 4318880.193, 97
Trd, 4318882.143, 96
Trd, 4318882.393, 104
Trd, 4318886.093, 99
Trd, 4318888.293, 105
Trd, 4318888.343, 104
Trd, 4318889.743, 102
Trd, 4318890.493, 102
Trd, 4318893.393, 98
Trd, 4318894.493, 95
Trd, 4318895.493, 96
Trd, 4318896.893, 96
Trd, 4318899.043, 96
Trd, 4318899.143, 113
Trd, 4318900.393, 100
Trd, 4318901.493, 99
Trd, 4318903.293, 97
Trd, 4318904.243, 96
Trd, 4318904.543, 96
Trd, 4318905.093, 98
Trd, 4318905.743, 95
Trd, 4318906.543, 96
Trd, 4318907.193, 105
Trd, 4318908.843, 96
Trd, 4318909.243, 99
Trd, 4318909.843, 94
Trd, 4318913.393, 98
Trd, 4318914.293, 95
Trd, 4318915.593, 95
Trd, 4318917.443, 95
Trd, 4318918.043, 94
Trd, 4318918.793, 94
Trd, 4318919.993, 95
Trd, 4318922.443, 95
Trd, 4318923.843, 94
Trd, 4318924.893, 93
Trd, 4318927.193, 96
Trd, 4318928.693, 98
Trd, 4318929.593, 97
Trd, 4318932.493, 97
Trd, 4318933.143, 97
Trd, 4318933.993, 99
Trd, 4318934.943, 101
Trd, 4318937.793, 98
Trd, 4318937.843, 97
Trd, 4318939.043, 99
Trd, 4318941.293, 96
Trd, 4318941.793, 94
Trd, 4318944.093, 104
Trd, 4318945.843, 99
Trd, 4318948.643, 101
Trd, 4318948.793, 100
Trd, 4318949.393, 103
Trd, 4318951.443, 100
Trd, 4318952.143, 100
Trd, 4318953.093, 99
Trd, 4318956.443, 100
Trd, 4318956.943, 104
Trd, 4318957.543, 97
Trd, 4318959.943, 99
Trd, 4318960.343, 101
Trd, 4318960.843, 100
Trd, 4318962.243, 100
Trd, 4318963.643, 101
Trd, 4318965.343, 95
Trd, 4318966.093, 98
Trd, 4318966.493, 98
Trd, 4318966.993, 98
Trd, 4318968.043, 99
Trd, 4318970.393, 98
Trd, 4318972.743, 99
Trd, 4318974.493, 99
Trd, 4318975.143, 98
Trd, 4318976.093, 98
Trd, 4318977.493, 98
Trd, 4318980.443, 98
Trd, 4318980.543, 96
Trd, 4318982.293, 98
Trd, 4318984.393, 99
Trd, 4318985.943, 99
Trd, 4318986.093, 98
Trd, 4318988.143, 99
Trd, 4318990.193, 98
Trd, 4318992.843, 99
Trd, 4318994.193, 100
Trd, 4318995.443, 100
Trd, 4318997.043, 100
Trd, 4318998.293, 99
Trd, 4318999.743, 99
Trd, 4319000.393, 100
Trd, 4319001.143, 98
Trd, 4319003.743, 97
Trd, 4319004.293, 95
Trd, 4319004.943, 95
Trd, 4319006.043, 95
Trd, 4319007.793, 96
Trd, 4319009.893, 96
Trd, 4319010.093, 99
Trd, 4319012.793, 95
Trd, 4319014.493, 95
Trd, 4319014.793, 95
Trd, 4319015.893, 95
Trd, 4319017.743, 96
Trd, 4319018.993, 95
Trd, 4319025.093, 95
Trd, 4319025.543, 94
Trd, 4319026.043, 93
Trd, 4319026.543, 93
Trd, 4319027.393, 93
Trd, 4319028.643, 94
Trd, 4319029.643, 93
Trd, 4319032.793, 94
Trd, 4319032.993, 94
Trd, 4319035.093, 93
Trd, 4319038.543, 95
Trd, 4319039.843, 94
Trd, 4319040.443, 94
Trd, 4319042.893, 98
Trd, 4319043.243, 104
Trd, 4319044.043, 97
Trd, 4319045.093, 98
Trd, 4319045.393, 98
Trd, 4319047.193, 105
Trd, 4319047.993, 97
Trd, 4319048.343, 96
Trd, 4319051.093, 95
Trd, 4319051.143, 94
Trd, 4319052.943, 95
Trd, 4319055.593, 94
Trd, 4319056.093, 94
Trd, 4319057.843, 94
Trd, 4319058.293, 94
Trd, 4319059.043, 93
Trd, 4319059.443, 98
Trd, 4319060.493, 84
Trd, 4319064.243, 93
Trd, 4319065.843, 94
Trd, 4319066.943, 106
Trd, 4319068.293, 97
Trd, 4319069.393, 95
Trd, 4319070.143, 95
Trd, 4319075.493, 95
Trd, 4319075.693, 94
Trd, 4319076.343, 95
Trd, 4319078.593, 94
Trd, 4319080.893, 95
Trd, 4319081.343, 95
Trd, 4319082.643, 95
Trd, 4319082.693, 100
Trd, 4319082.893, 94
Trd, 4319085.443, 94
Trd, 4319087.343, 95
Trd, 4319087.593, 94
Trd, 4319087.793, 95
Trd, 4319090.243, 95
Trd, 4319090.643, 95
Trd, 4319093.193, 93
Trd, 4319095.743, 94
Trd, 4319096.643, 93
Trd, 4319098.493, 94
Trd, 4319098.943, 94
Trd, 4319101.193, 95
Trd, 4319102.993, 96
Trd, 4319103.493, 94
Trd, 4319106.293, 95
Trd, 4319107.243, 95
Trd, 4319109.393, 96
Trd, 4319109.493, 94
Trd, 4319111.343, 97
Trd, 4319113.693, 95
Trd, 4319113.743, 94
Trd, 4319115.393, 95
Trd, 4319115.493, 96
Trd, 4319116.293, 96
Trd, 4319120.043, 109
Trd, 4319121.343, 95
Trd, 4319123.443, 98
Trd, 4319123.793, 99
Trd, 4319125.543, 98
Trd, 4319126.243, 98
Trd, 4319127.443, 97
Trd, 4319128.793, 96
Trd, 4319128.893, 98
Trd, 4319131.393, 98
Trd, 4319132.293, 98
Trd, 4319133.743, 96
Trd, 4319136.443, 98
Trd, 4319136.793, 97
Trd, 4319136.943, 97
Trd, 4319141.193, 98
Trd, 4319142.543, 97
Trd, 4319143.693, 96
Trd, 4319145.243, 98
Trd, 4319145.643, 96
Trd, 4319146.943, 96
Trd, 4319146.993, 104
Trd, 4319150.043, 99
Trd, 4319150.743, 96
Trd, 4319153.043, 99
Trd, 4319156.593, 99
Trd, 4319157.043, 100
Trd, 4319158.243, 99
Trd, 4319159.393, 105
Trd, 4319161.243, 101
Trd, 4319161.643, 101
Trd, 4319163.793, 101
Trd, 4319164.793, 100
Trd, 4319166.793, 96
Trd, 4319167.743, 99
Trd, 4319168.143, 97
Trd, 4319170.143, 98
Trd, 4319171.593, 98
Trd, 4319174.593, 101
Trd, 4319175.243, 100
Trd, 4319176.343, 99
Trd, 4319176.543, 104
Trd, 4319179.793, 99
Trd, 4319179.843, 98
Trd, 4319180.193, 98
Trd, 4319180.393, 96
Trd, 4319182.993, 98
Trd, 4319183.793, 98
Trd, 4319184.443, 97
Trd, 4319184.543, 104
Trd, 4319185.293, 97
Trd, 4319187.743, 96
Trd, 4319190.393, 96
Trd, 4319191.293, 95
Trd, 4319191.643, 94
Trd, 4319192.143, 94
Trd, 4319193.493, 95
Trd, 4319193.943, 104
Trd, 4319196.743, 96
Trd, 4319197.193, 113
Trd, 4319200.593, 95
Trd, 4319201.743, 94
Trd, 4319201.893, 95
Trd, 4319203.043, 95
Trd, 4319205.093, 95
Trd, 4319205.593, 94
Trd, 4319206.193, 94
Trd, 4319208.093, 95
Trd, 4319209.293, 95
Trd, 4319209.943, 96
Trd, 4319209.993, 93
Trd, 4319211.643, 95
Trd, 4319212.943, 95
Trd, 4319215.743, 95
Trd, 4319216.143, 93
Trd, 4319218.593, 94
Trd, 4319218.693, 93
Trd, 4319219.693, 95
Trd, 4319221.943, 93
Trd, 4319223.243, 94
Trd, 4319225.443, 94
Trd, 4319228.543, 95
Trd, 4319229.693, 96
Trd, 4319230.343, 95
Trd, 4319233.243, 97
Trd, 4319234.993, 97
Trd, 4319235.593, 96
Trd, 4319236.393, 96
Trd, 4319237.593, 97
Trd, 4319239.393, 96
Trd, 4319241.193, 96
Trd, 4319242.143, 96
Trd, 4319242.293, 95
Trd, 4319244.493, 97
Trd, 4319246.793, 96
Trd, 4319250.543, 95
Trd, 4319252.293, 97
Trd, 4319253.043, 97
Trd, 4319254.093, 96
Trd, 4319256.193, 95
Trd, 4319256.493, 96
Trd, 4319257.443, 95
Trd, 4319260.043, 96
Trd, 4319261.543, 96
Trd, 4319262.243, 97
Trd, 4319264.393, 97
Trd, 4319266.093, 97
Trd, 4319266.793, 98
Trd, 4319267.043, 96
Trd, 4319267.943, 99
Trd, 4319269.793, 98
Trd, 4319272.193, 99
Trd, 4319273.043, 97
Trd, 4319273.693, 98
Trd, 4319276.343, 97
Trd, 4319277.643, 97
Trd, 4319279.043, 97
Trd, 4319280.993, 104
Trd, 4319281.443, 95
Trd, 4319282.993, 96
Trd, 4319284.743, 96
Trd, 4319286.293, 95
Trd, 4319286.893, 96
Trd, 4319287.993, 96
Trd, 4319288.743, 95
Trd, 4319288.893, 105
Trd, 4319291.743, 97
Trd, 4319292.593, 96
Trd, 4319294.493, 97
Trd, 4319295.043, 96
Trd, 4319296.743, 95
Trd, 4319298.143, 96
Trd, 4319299.743, 100
Trd, 4319302.193, 98
Trd, 4319305.793, 104
Trd, 4319306.593, 100
Trd, 4319306.993, 99
Trd, 4319309.243, 98
Trd, 4319309.593, 100
Trd, 4319309.793, 99
Trd, 4319311.393, 98
Trd, 4319312.743, 97
Trd, 4319313.343, 98
Trd, 4319316.343, 98
Trd, 4319316.493, 97
Trd, 4319317.843, 98
Trd, 4319318.893, 99
Trd, 4319320.193, 95
Trd, 4319321.243, 97
Trd, 4319321.943, 96
Trd, 4319324.743, 96
Trd, 4319326.893, 96
Trd, 4319327.693, 97
Trd, 4319328.043, 95
Trd, 4319329.793, 97
Trd, 4319331.043, 96
Trd, 4319333.093, 97
Trd, 4319333.193, 98
Trd, 4319335.693, 95
Trd, 4319336.843, 95
Trd, 4319337.643, 95
Trd, 4319338.443, 104
Trd, 4319342.793, 96
Trd, 4319343.693, 96
Trd, 4319345.293, 98
Trd, 4319347.843, 96
Trd, 4319348.193, 95
Trd, 4319348.743, 94
Trd, 4319349.943, 94
Trd, 4319350.143, 93
Trd, 4319352.893, 93
Trd, 4319352.993, 98
Trd, 4319353.993, 96
Trd, 4319356.843, 97
Trd, 4319358.493, 98
Trd, 4319359.093, 96
Trd, 4319363.143, 99
Trd, 4319363.193, 98
Trd, 4319363.893, 103
Trd, 4319366.493, 98
Trd, 4319366.643, 97
Trd, 4319368.993, 98
Trd, 4319369.193, 94
Trd, 4319370.743, 95
Trd, 4319370.793, 96
Trd, 4319372.093, 96
Trd, 4319374.243, 104
Trd, 4319375.293, 98
Trd, 4319377.393, 101
Trd, 4319378.593, 98
Trd, 4319379.993, 98
Trd, 4319380.643, 99
Trd, 4319381.393, 97
Trd, 4319382.243, 98
Trd, 4319383.193, 97
Trd, 4319384.743, 98
Trd, 4319385.193, 97
Trd, 4319385.593, 96
Trd, 4319387.243, 95
Trd, 4319388.243, 96
Trd, 4319392.143, 95
Trd, 4319393.243, 95
Trd, 4319394.393, 96
Trd, 4319394.743, 96
Trd, 4319395.493, 104
Trd, 4319397.143, 96
Trd, 4319398.143, 95
Trd, 4319399.693, 96
Trd, 4319400.993, 104
Trd, 4319403.343, 95
Trd, 4319403.843, 94
Trd, 4319404.043, 96
Trd, 4319404.893, 96
Trd, 4319406.643, 95
Trd, 4319409.293, 95
Trd, 4319413.293, 95
Trd, 4319414.593, 95
Trd, 4319414.693, 94
Trd, 4319414.793, 101
Trd, 4319416.993, 99
Trd, 4319420.243, 102
Trd, 4319421.343, 103
Trd, 4319421.743, 102
Trd, 4319423.293, 101
Trd, 4319423.343, 102
Trd, 4319427.443, 101
Trd, 4319427.543, 100
Trd, 4319428.743, 102
Trd, 4319431.093, 102
Trd, 4319434.343, 102
Trd, 4319434.993, 103
Trd, 4319437.093, 103
Trd, 4319438.243, 101
Trd, 4319438.393, 101
Trd, 4319441.793, 102
Trd, 4319442.793, 101
Trd, 4319445.193, 103
Trd, 4319447.293, 103
Trd, 4319447.593, 99
Trd, 4319448.993, 97
Trd, 4319450.943, 98
Trd, 4319452.243, 99
Trd, 4319452.343, 104
Trd, 4319453.493, 103
Trd, 4319454.643, 101
Trd, 4319455.443, 101
Trd, 4319456.493, 94
Trd, 4319459.293, 107
Trd, 4319459.543, 105
Trd, 4319459.843, 105
Trd, 4319460.843, 102
Trd, 4319461.193, 105
Trd, 4319462.493, 92
Trd, 4319464.693, 97
Trd, 4319465.043, 97
Trd, 4319465.193, 96
Trd, 4319466.843, 96
Trd, 4319468.693, 95
Trd, 4319470.493, 99
Trd, 4319471.143, 100
Trd, 4319471.943, 113
Trd, 4319473.893, 103
Trd, 4319475.093, 97
Trd, 4319475.793, 96
Trd, 4319476.793, 99
Trd, 4319478.793, 97
Trd, 4319480.393, 100
Trd, 4319480.693, 99
Trd, 4319482.693, 97
Trd, 4319483.793, 97
Trd, 4319484.393, 98
Trd, 4319485.443, 98
Trd, 4319486.843, 97
Trd, 4319488.343, 96
Trd, 4319490.393, 98
Trd, 4319490.643, 96
Trd, 4319490.743, 96
Trd, 4319493.443, 103
Trd, 4319493.943, 98
Trd, 4319495.343, 99
Trd, 4319495.593, 98
Trd, 4319497.343, 100
Trd, 4319497.643, 101
Trd, 4319499.293, 103
Trd, 4319500.893, 102
Trd, 4319501.943, 99
Trd, 4319503.393, 100
Trd, 4319503.493, 97
Trd, 4319504.643, 99
Trd, 4319505.693, 98
Trd, 4319508.343, 95
Trd, 4319508.543, 100
Trd, 4319511.293, 104
Trd, 4319513.143, 102
Trd, 4319514.193, 104
Trd, 4319514.843, 104
Trd, 4319515.943, 103
Trd, 4319518.143, 102
Trd, 4319518.443, 95
Trd, 4319520.493, 105
Trd, 4319521.293, 101
Trd, 4319522.393, 101
Trd, 4319522.943, 100
Trd, 4319523.393, 99
Trd, 4319525.393, 101
Trd, 4319526.643, 99
Trd, 4319526.843, 101
Trd, 4319529.293, 102
Trd, 4319529.343, 100
Trd, 4319533.043, 102
Trd, 4319534.593, 101
Trd, 4319535.743, 104
Trd, 4319537.193, 86
Trd, 4319538.143, 96
Trd, 4319539.943, 93
Trd, 4319542.143, 88
Trd, 4319542.993, 94
Trd, 4319543.643, 95
Trd, 4319544.593, 93
Trd, 4319548.693, 102
Trd, 4319548.793, 96
Trd, 4319549.343, 96
Trd, 4319550.243, 97
Trd, 4319553.293, 95
Trd, 4319553.743, 96
Trd, 4319555.243, 95
Trd, 4319556.693, 94
Trd, 4319556.743, 97
Trd, 4319558.393, 97
Trd, 4319559.843, 97
Trd, 4319560.193, 97
Trd, 4319561.843, 99
Trd, 4319562.893, 96
Trd, 4319565.493, 97
Trd, 4319565.643, 98
Trd, 4319566.443, 99
Trd, 4319568.993, 99
Trd, 4319570.543, 99
Trd, 4319572.143, 104
Trd, 4319573.743, 99
Trd, 4319574.593, 98
Trd, 4319577.293, 100
Trd, 4319577.943, 99
Trd, 4319578.293, 97
Trd, 4319580.693, 100
Trd, 4319580.893, 100
Trd, 4319582.293, 100
Trd, 4319583.343, 100
Trd, 4319583.543, 99
Trd, 4319585.893, 98
Trd, 4319586.843, 97
Trd, 4319587.743, 95
Trd, 4319589.293, 95
Trd, 4319590.193, 96
Trd, 4319590.393, 95
Trd, 4319592.243, 96
Trd, 4319592.293, 95
Trd, 4319594.143, 96
Trd, 4319596.893, 99
Trd, 4319597.343, 99
Trd, 4319598.693, 100
Trd, 4319601.543, 99
Trd, 4319601.643, 99
Trd, 4319602.943, 98
Trd, 4319603.893, 99
Trd, 4319604.143, 99
Trd, 4319604.593, 98
Trd, 4319607.393, 99
Trd, 4319607.793, 97
Trd, 4319607.893, 99
Trd, 4319609.493, 95
Trd, 4319609.743, 96
Trd, 4319609.893, 98
Trd, 4319611.793, 100
Trd, 4319614.343, 104
Trd, 4319615.243, 100
Trd, 4319618.093, 102
Trd, 4319618.843, 102
Trd, 4319619.343, 122
Trd, 4319621.893, 103
Trd, 4319622.343, 102
Trd, 4319623.793, 101
Trd, 4319624.193, 104
Trd, 4319625.043, 100
Trd, 4319626.043, 100
Trd, 4319628.743, 96
Trd, 4319629.393, 98
Trd, 4319630.793, 103
Trd, 4319632.143, 101
Trd, 4319632.743, 100
Trd, 4319633.643, 104
Trd, 4319636.193, 104
Trd, 4319637.243, 105
Trd, 4319638.293, 104
Trd, 4319638.943, 105
Trd, 4319640.193, 97
Trd, 4319641.443, 99
Trd, 4319642.143, 98
Trd, 4319643.493, 94
Trd, 4319643.793, 97
Trd, 4319645.243, 100
Trd, 4319645.643, 100
Trd, 4319646.393, 100
Trd, 4319646.543, 99
Trd, 4319651.343, 100
Trd, 4319651.593, 100
Trd, 4319652.443, 100
Trd, 4319654.443, 99
Trd, 4319656.493, 95
Trd, 4319656.843, 95
Trd, 4319657.843, 96
Trd, 4319658.143, 95
Trd, 4319659.443, 97
Trd, 4319661.543, 98
Trd, 4319662.493, 98
Trd, 4319662.643, 104
Trd, 4319663.793, 97
Trd, 4319666.793, 99
Trd, 4319666.893, 100
Trd, 4319667.143, 101
Trd, 4319667.493, 94
Trd, 4319670.893, 100
Trd, 4319672.693, 99
Trd, 4319673.843, 100
Trd, 4319675.093, 98
Trd, 4319675.493, 97
Trd, 4319675.843, 98
Trd, 4319680.693, 99
Trd, 4319682.243, 99
Trd, 4319683.243, 98
Trd, 4319683.893, 100
Trd, 4319684.443, 98
Trd, 4319686.643, 99
Trd, 4319688.693, 100
Trd, 4319688.993, 100
Trd, 4319689.593, 99
Trd, 4319689.893, 104
Trd, 4319692.993, 100
Trd, 4319694.243, 101
Trd, 4319695.843, 101
Trd, 4319695.993, 99
Trd, 4319697.793, 100
Trd, 4319700.443, 100
Trd, 4319700.843, 101
Trd, 4319702.543, 101
Trd, 4319703.293, 102
Trd, 4319707.193, 101
Trd, 4319708.493, 101
Trd, 4319709.943, 101
Trd, 4319711.043, 100
Trd, 4319712.043, 94
Trd, 4319712.293, 95
Trd, 4319713.493, 92
Trd, 4319714.043, 91
Trd, 4319715.443, 103
Trd, 4319717.593, 94
Trd, 4319719.693, 95
Trd, 4319720.893, 97
Trd, 4319721.193, 95
Trd, 4319722.043, 96
Trd, 4319723.893, 95
Trd, 4319724.393, 97
Trd, 4319726.643, 96
Trd, 4319730.143, 97
Trd, 4319730.543, 97
Trd, 4319731.193, 94
Trd, 4319731.643, 96
Trd, 4319734.143, 96
Trd, 4319734.343, 96
Trd, 4319739.393, 96
Trd, 4319741.043, 96
Trd, 4319741.793, 95
Trd, 4319741.993, 97
Trd, 4319743.593, 102
Trd, 4319745.043, 98
Trd, 4319747.443, 100
Trd, 4319748.493, 102
Trd, 4319748.543, 100
Trd, 4319749.443, 122
Trd, 4319752.493, 102
Trd, 4319754.643, 104
Trd, 4319754.893, 104
Trd, 4319757.293, 104
Trd, 4319757.493, 104
Trd, 4319759.193, 102
Trd, 4319759.593, 103
Trd, 4319760.893, 113
Trd, 4319763.343, 103
Trd, 4319764.743, 100
Trd, 4319764.843, 100
Trd, 4319765.543, 100
Trd, 4319770.243, 100
Trd, 4319770.393, 112
Trd, 4319772.493, 104
Trd, 4319773.393, 101
Trd, 4319773.443, 104
Trd, 4319775.143, 104
Trd, 4319775.893, 103
Trd, 4319780.243, 101
Trd, 4319781.143, 96
Trd, 4319781.243, 100
Trd, 4319781.593, 101
Trd, 4319782.943, 97
Trd, 4319783.593, 100
Trd, 4319785.443, 98
Trd, 4319787.293, 100
Trd, 4319787.643, 98
Trd, 4319788.843, 99
Trd, 4319789.593, 100
Trd, 4319792.443, 100
Trd, 4319792.843, 100
Trd, 4319793.293, 99
Trd, 4319794.693, 101
Trd, 4319795.393, 99
Trd, 4319796.693, 98
Trd, 4319798.043, 98
Trd, 4319798.893, 97
Trd, 4319800.693, 97
Trd, 4319802.893, 96
Trd, 4319803.393, 96
Trd, 4319805.143, 96
Trd, 4319806.243, 98
Trd, 4319806.793, 99
Trd, 4319808.193, 98
Trd, 4319810.643, 101
Trd, 4319811.643, 99
Trd, 4319813.593, 100
Trd, 4319815.793, 100
Trd, 4319816.943, 101
Trd, 4319817.793, 101
Trd, 4319817.993, 99
Trd, 4319821.643, 98
Trd, 4319821.893, 95
Trd, 4319823.443, 99
Trd, 4319824.993, 97
Trd, 4319826.293, 98
Trd, 4319827.493, 94
Trd, 4319829.843, 95
Trd, 4319829.893, 95
Trd, 4319831.643, 96
Trd, 4319834.493, 100
Trd, 4319834.993, 99
Trd, 4319837.043, 96
Trd, 4319839.593, 96
Trd, 4319840.143, 96
Trd, 4319840.693, 96
Trd, 4319842.643, 95
Trd, 4319843.193, 96
Trd, 4319844.793, 96
Trd, 4319847.093, 96
Trd, 4319847.643, 95
Trd, 4319848.543, 95
Trd, 4319849.643, 102
Trd, 4319852.693, 95
Trd, 4319853.243, 95
Trd, 4319855.993, 94
Trd, 4319857.443, 95
Trd, 4319857.793, 95
Trd, 4319858.193, 95
Trd, 4319858.593, 94
Trd, 4319861.993, 94
Trd, 4319864.093, 93
Trd, 4319866.343, 93
Trd, 4319866.443, 96
Trd, 4319866.543, 87
Trd, 4319868.143, 94
Trd, 4319869.443, 96
Trd, 4319871.443, 95
Trd, 4319872.943, 95
Trd, 4319875.693, 101
Trd, 4319876.843, 98
Trd, 4319878.593, 100
Trd, 4319880.493, 113
Trd, 4319881.143, 101
Trd, 4319882.643, 97
Trd, 4319885.743, 107
Trd, 4319885.843, 106
Trd, 4319887.043, 104
Trd, 4319887.893, 104
Trd, 4319887.993, 103
Trd, 4319890.543, 104
Trd, 4319891.193, 104
Trd, 4319892.143, 105
Trd, 4319893.293, 104
Trd, 4319893.793, 102
Trd, 4319895.593, 102
Trd, 4319896.243, 101
Trd, 4319896.843, 105
Trd, 4319898.893, 108
Trd, 4319901.843, 104
Trd, 4319902.143, 105
Trd, 4319902.493, 103
Trd, 4319905.193, 102
Trd, 4319905.293, 94
Trd, 4319906.643, 79
Trd, 4319908.393, 99
Trd, 4319908.593, 96
Trd, 4319908.693, 101
Trd, 4319911.243, 99
Trd, 4319912.493, 100
Trd, 4319913.043, 98
Trd, 4319914.793, 101
Trd, 4319915.893, 98
Trd, 4319919.943, 99
Trd, 4319920.443, 98
Trd, 4319921.143, 99
Trd, 4319923.093, 96
Trd, 4319924.543, 99
Trd, 4319926.043, 101
Trd, 4319928.093, 99
Trd, 4319929.043, 101
Trd, 4319930.643, 99
Trd, 4319934.143, 101
Trd, 4319935.293, 102
Trd, 4319935.943, 102
Trd, 4319937.593, 102
Trd, 4319938.343, 102
Trd, 4319939.093, 101
Trd, 4319940.643, 102
Trd, 4319942.143, 95
Trd, 4319942.193, 102
Trd, 4319942.793, 98
Trd, 4319944.093, 92
Trd, 4319946.993, 92
Trd, 4319947.493, 77
Trd, 4319950.443, 95
Trd, 4319952.593, 104
Trd, 4319953.493, 97
Trd, 4319954.893, 97
Trd, 4319956.093, 96
Trd, 4319956.393, 98
Trd, 4319959.943, 97
Trd, 4319961.143, 95
Trd, 4319961.993, 96
Trd, 4319963.693, 96
Trd, 4319963.893, 95
Trd, 4319964.043, 105
Trd, 4319964.293, 94
Trd, 4319968.243, 94
Trd, 4319969.043, 90
Trd, 4319969.893, 93
Trd, 4319970.193, 92
Trd, 4319971.593, 91
Trd, 4319973.893, 97
Trd, 4319976.993, 102
Trd, 4319977.493, 97
Trd, 4319979.043, 97
Trd, 4319980.243, 97
Trd, 4319983.743, 97
Trd, 4319984.243, 97
Trd, 4319986.993, 99
Trd, 4319987.793, 99
Trd, 4319991.143, 100
Trd, 4319992.993, 99
Trd, 4319993.993, 100
Trd, 4319995.343, 102
Trd, 4319995.543, 98
Trd, 4319996.893, 100
Trd, 4319997.293, 96
