Trd, 4317914.943, 101
Trd, 4317915.543, 98
Trd, 4317916.893, 104
Trd, 4317918.143, 97
Trd, 4317918.493, 97
Trd, 4317920.443, 93
Trd, 4317920.693, 97
Trd, 4317921.193, 94
Trd, 4317921.443, 104
Trd, 4317921.843, 95
Trd, 4317922.693, 93
Trd, 4317923.193, 103
Trd, 4317926.493, 96
Trd, 4317926.693, 84
Trd, 4317928.493, 95
Trd, 4317929.693, 96
Trd, 4317930.943, 104
Trd, 4317931.593, 94
Trd, 4317934.043, 93
Trd, 4317934.693, 97
Trd, 4317935.443, 97
Trd, 4317937.593, 96
Trd, 4317937.943, 117
Trd, 4317939.193, 113
Trd, 4317940.193, 95
Trd, 4317940.943, 102
Trd, 4317941.543, 104
Trd, 4317942.843, 101
Trd, 4317944.043, 104
Trd, 4317945.693, 103
Trd, 4317946.943, 104
Trd, 4317947.593, 97
Trd, 4317948.443, 102
Trd, 4317950.443, 100
Trd, 4317951.993, 100
Trd, 4317952.043, 99
Trd, 4317952.243, 104
Trd, 4317953.093, 94
Trd, 4317953.543, 82
Trd, 4317955.393, 97
Trd, 4317959.293, 96
Trd, 4317960.443, 95
Trd, 4317960.843, 93
Trd, 4317961.193, 99
Trd, 4317961.593, 98
Trd, 4317962.543, 103
Trd, 4317964.893, 98
Trd, 4317967.243, 99
Trd, 4317968.843, 97
Trd, 4317970.743, 99
Trd, 4317970.993, 104
Trd, 4317971.293, 97
Trd, 4317972.793, 96
Trd, 4317973.243, 100
Trd, 4317975.543, 94
Trd, 4317976.993, 95
Trd, 4317977.293, 94
Trd, 4317978.543, 96
Trd, 4317979.943, 93
Trd, 4317980.993, 96
Trd, 4317981.693, 96
Trd, 4317982.493, 92
Trd, 4317983.543, 94
Trd, 4317984.593, 102
Trd, 4317984.943, 99
Trd, 4317988.543, 99
Trd, 4317988.593, 98
Trd, 4317988.943, 103
Trd, 4317989.393, 99
Trd, 4317990.293, 104
Trd, 4317991.943, 98
Trd, 4317993.743, 94
Trd, 4317995.443, 97
Trd, 4317996.493, 97
Trd, 4317996.793, 97
Trd, 4317997.943, 95
Trd, 4317998.943, 97
Trd, 4318000.093, 104
Trd, 4318002.493, 94
Trd, 4318003.393, 93
Trd, 4318006.593, 98
Trd, 4318007.093, 98
Trd, 4318010.243, 96
Trd, 4318010.493, 97
Trd, 4318010.843, 97
Trd, 4318013.093, 97
Trd, 4318013.193, 104
Trd, 4318014.643, 100
Trd, 4318014.993, 98
Trd, 4318016.343, 112
Trd, 4318017.593, 111
Trd, 4318018.143, 110
Trd, 4318018.293, 93
Trd, 4318019.393, 104
Trd, 4318020.443, 106
Trd, 4318022.393, 103
Trd, 4318024.243, 104
Trd, 4318024.743, 113
Trd, 4318025.093, 106
Trd, 4318025.343, 104
Trd, 4318028.493, 107
Trd, 4318029.793, 101
Trd, 4318029.893, 93
Trd, 4318030.693, 103
Trd, 4318032.543, 100
Trd, 4318033.143, 100
Trd, 4318036.193, 104
Trd, 4318036.243, 103
Trd, 4318037.493, 105
Trd, 4318038.043, 104
Trd, 4318039.893, 97
Trd, 4318041.593, 98
Trd, 4318042.143, 99
Trd, 4318042.243, 99
Trd, 4318042.543, 97
Trd, 4318043.543, 97
Trd, 4318043.693, 104
Trd, 4318044.243, 100
Trd, 4318046.343, 100
Trd, 4318048.043, 99
Trd, 4318049.543, 96
Trd, 4318050.143, 97
Trd, 4318051.343, 97
Trd, 4318051.993, 94
Trd, 4318053.893, 96
Trd, 4318055.593, 95
Trd, 4318055.693, 99
Trd, 4318057.443, 97
Trd, 4318058.593, 101
Trd, 4318059.343, 85
Trd, 4318061.643, 98
Trd, 4318061.993, 95
Trd, 4318062.793, 98
Trd, 4318064.943, 95
Trd, 4318066.193, 94
Trd, 4318067.593, 97
Trd, 4318068.493, 94
Trd, 4318069.343, 93
Trd, 4318070.093, 104
Trd, 4318070.393, 100
Trd, 4318071.043, 96
Trd, 4318071.593, 104
Trd, 4318073.393, 95
Trd, 4318073.543, 94
Trd, 4318074.693, 98
Trd, 4318075.193, 97
Trd, 4318076.243, 93
Trd, 4318080.793, 96
Trd, 4318080.843, 97
Trd, 4318081.493, 92
Trd, 4318081.993, 91
Trd, 4318082.993, 103
Trd, 4318084.493, 99
Trd, 4318085.443, 104
Trd, 4318088.643, 98
Trd, 4318088.943, 100
Trd, 4318089.043, 102
Trd, 4318090.143, 102
Trd, 4318092.443, 100
Trd, 4318092.543, 102
Trd, 4318093.793, 99
Trd, 4318094.993, 101
Trd, 4318095.293, 94
Trd, 4318096.393, 102
Trd, 4318096.543, 104
Trd, 4318098.393, 113
Trd, 4318100.193, 118
Trd, 4318100.393, 100
Trd, 4318100.793, 102
Trd, 4318101.893, 107
Trd, 4318104.643, 107
Trd, 4318105.093, 106
Trd, 4318105.893, 107
Trd, 4318107.093, 106
Trd, 4318110.243, 107
Trd, 4318112.243, 105
Trd, 4318112.493, 104
Trd, 4318113.143, 83
Trd, 4318116.693, 104
Trd, 4318118.293, 101
Trd, 4318119.093, 94
Trd, 4318119.843, 106
Trd, 4318120.543, 106
Trd, 4318121.143, 106
Trd, 4318122.393, 101
Trd, 4318125.243, 101
Trd, 4318127.243, 81
Trd, 4318127.943, 96
Trd, 4318128.843, 99
Trd, 4318134.193, 95
Trd, 4318134.243, 97
Trd, 4318134.993, 95
Trd, 4318137.243, 95
Trd, 4318138.243, 96
Trd, 4318138.593, 94
Trd, 4318138.793, 104
Trd, 4318141.293, 94
Trd, 4318142.143, 100
Trd, 4318143.243, 100
Trd, 4318145.043, 95
Trd, 4318147.143, 96
Trd, 4318148.343, 97
Trd, 4318148.893, 94
Trd, 4318148.943, 94
Trd, 4318149.193, 97
Trd, 4318153.793, 96
Trd, 4318154.593, 96
Trd, 4318154.943, 94
Trd, 4318155.143, 94
Trd, 4318155.843, 102
Trd, 4318156.993, 98
Trd, 4318157.143, 94
Trd, 4318158.343, 98
Trd, 4318158.743, 97
Trd, 4318160.893, 104
Trd, 4318162.243, 100
Trd, 4318163.943, 100
Trd, 4318165.043, 96
Trd, 4318166.793, 99
Trd, 4318169.093, 99
Trd, 4318170.093, 95
Trd, 4318171.543, 95
Trd, 4318171.993, 98
Trd, 4318173.393, 98
Trd, 4318173.843, 97
Trd, 4318174.443, 104
Trd, 4318175.293, 95
Trd, 4318176.243, 114
Trd, 4318178.393, 101
Trd, 4318181.093, 94
Trd, 4318183.443, 100
Trd, 4318185.893, 95
Trd, 4318187.443, 94
Trd, 4318187.593, 96
Trd, 4318188.943, 96
Trd, 4318191.393, 95
Trd, 4318191.893, 93
Trd, 4318192.543, 93
Trd, 4318193.843, 85
Trd, 4318194.993, 93
Trd, 4318196.893, 93
Trd, 4318198.893, 90
Trd, 4318199.293, 94
Trd, 4318201.693, 89
Trd, 4318202.843, 94
Trd, 4318203.043, 88
Trd, 4318203.693, 94
Trd, 4318204.143, 104
Trd, 4318206.143, 108
Trd, 4318206.343, 115
Trd, 4318207.843, 106
Trd, 4318209.993, 99
Trd, 4318210.443, 101
Trd, 4318211.643, 101
Trd, 4318211.993, 100
Trd, 4318213.493, 103
Trd, 4318214.493, 103
Trd, 4318215.543, 94
Trd, 4318217.043, 90
Trd, 4318219.693, 103
Trd, 4318220.143, 102
Trd, 4318220.393, 98
Trd, 4318221.743, 103
Trd, 4318222.643, 98
Trd, 4318223.193, 102
Trd, 4318224.443, 97
Trd, 4318224.593, 94
Trd, 4318224.743, 104
Trd, 4318227.643, 102
Trd, 4318227.893, 100
Trd, 4318228.093, 93
Trd, 4318228.993, 114
Trd, 4318230.993, 105
Trd, 4318231.443, 104
Trd, 4318232.893, 105
Trd, 4318234.493, 102
Trd, 4318234.593, 104
Trd, 4318236.543, 103
Trd, 4318237.393, 104
Trd, 4318238.393, 103
Trd, 4318239.543, 103
Trd, 4318240.143, 104
Trd, 4318242.693, 95
Trd, 4318244.593, 94
Trd, 4318244.793, 96
Trd, 4318246.643, 97
Trd, 4318246.943, 100
Trd, 4318249.543, 96
Trd, 4318249.693, 98
Trd, 4318250.593, 101
Trd, 4318252.043, 100
Trd, 4318252.943, 94
Trd, 4318255.843, 97
Trd, 4318255.943, 99
Trd, 4318256.243, 100
Trd, 4318258.043, 99
Trd, 4318258.093, 96
Trd, 4318260.393, 99
Trd, 4318260.793, 96
Trd, 4318262.993, 104
Trd, 4318264.643, 113
Trd, 4318264.893, 94
Trd, 4318266.443, 103
Trd, 4318267.543, 99
Trd, 4318269.693, 98
Trd, 4318270.243, 98
Trd, 4318271.043, 93
Trd, 4318271.693, 104
Trd, 4318273.143, 94
Trd, 4318273.643, 104
Trd, 4318275.543, 98
Trd, 4318276.443, 98
Trd, 4318277.693, 98
Trd, 4318278.193, 84
Trd, 4318278.893, 95
Trd, 4318280.593, 97
Trd, 4318282.393, 100
Trd, 4318282.493, 104
Trd, 4318283.193, 101
Trd, 4318283.893, 95
Trd, 4318285.343, 98
Trd, 4318287.893, 111
Trd, 4318288.893, 104
Trd, 4318289.593, 104
Trd, 4318290.893, 98
Trd, 4318291.943, 103
Trd, 4318292.993, 100
Trd, 4318294.043, 103
Trd, 4318294.243, 103
Trd, 4318294.743, 109
Trd, 4318296.043, 94
Trd, 4318296.643, 104
Trd, 4318298.543, 103
Trd, 4318298.743, 114
Trd, 4318299.543, 102
Trd, 4318300.943, 104
Trd, 4318303.243, 106
Trd, 4318305.743, 106
Trd, 4318305.893, 103
Trd, 4318307.493, 103
Trd, 4318308.093, 106
Trd, 4318309.093, 106
Trd, 4318310.543, 103
Trd, 4318313.493, 104
Trd, 4318313.543, 104
Trd, 4318315.943, 103
Trd, 4318319.193, 105
Trd, 4318320.043, 105
Trd, 4318320.643, 104
Trd, 4318321.393, 103
Trd, 4318321.943, 104
Trd, 4318321.993, 94
Trd, 4318323.193, 100
Trd, 4318324.293, 113
Trd, 4318326.393, 103
Trd, 4318326.493, 107
Trd, 4318328.193, 105
Trd, 4318328.543, 96
Trd, 4318329.793, 104
Trd, 4318330.243, 105
Trd, 4318331.743, 101
Trd, 4318331.843, 100
Trd, 4318332.843, 101
Trd, 4318336.293, 95
Trd, 4318336.643, 98
Trd, 4318336.793, 94
Trd, 4318337.993, 87
Trd, 4318338.043, 98
Trd, 4318338.293, 83
Trd, 4318340.243, 98
Trd, 4318340.693, 104
Trd, 4318342.043, 95
Trd, 4318342.793, 108
Trd, 4318343.943, 95
Trd, 4318344.343, 94
Trd, 4318344.893, 88
Trd, 4318347.293, 104
Trd, 4318347.843, 94
Trd, 4318348.793, 95
Trd, 4318348.843, 114
Trd, 4318349.693, 88
Trd, 4318351.793, 98
Trd, 4318352.193, 89
Trd, 4318353.793, 84
Trd, 4318357.393, 95
Trd, 4318358.043, 95
Trd, 4318359.043, 92
Trd, 4318359.393, 96
Trd, 4318361.243, 96
Trd, 4318362.943, 96
Trd, 4318363.343, 93
Trd, 4318364.143, 98
Trd, 4318365.643, 94
Trd, 4318365.893, 83
Trd, 4318366.593, 93
Trd, 4318368.143, 110
Trd, 4318370.243, 102
Trd, 4318370.693, 105
Trd, 4318371.293, 89
Trd, 4318371.993, 95
Trd, 4318373.693, 104
Trd, 4318374.143, 106
Trd, 4318375.843, 101
Trd, 4318376.443, 105
Trd, 4318377.593, 82
Trd, 4318378.693, 92
Trd, 4318378.743, 95
Trd, 4318379.743, 104
Trd, 4318382.543, 95
Trd, 4318382.793, 96
Trd, 4318383.643, 94
Trd, 4318384.843, 94
Trd, 4318386.693, 97
Trd, 4318387.293, 97
Trd, 4318387.693, 97
Trd, 4318389.893, 103
Trd, 4318390.443, 99
Trd, 4318391.493, 93
Trd, 4318393.043, 104
Trd, 4318393.193, 114
Trd, 4318395.093, 104
Trd, 4318396.793, 104
Trd, 4318398.143, 104
Trd, 4318398.493, 104
Trd, 4318402.943, 104
Trd, 4318403.043, 105
Trd, 4318403.743, 103
Trd, 4318403.893, 102
Trd, 4318404.693, 103
Trd, 4318405.393, 94
Trd, 4318406.193, 103
Trd, 4318407.993, 98
Trd, 4318408.843, 98
Trd, 4318410.693, 97
Trd, 4318411.243, 98
Trd, 4318411.543, 104
Trd, 4318416.143, 96
Trd, 4318416.843, 97
Trd, 4318419.693, 94
Trd, 4318419.993, 105
Trd, 4318421.343, 104
Trd, 4318421.493, 97
Trd, 4318422.593, 82
Trd, 4318423.943, 95
Trd, 4318426.693, 103
Trd, 4318427.543, 104
Trd, 4318427.993, 102
Trd, 4318429.743, 104
Trd, 4318429.943, 98
Trd, 4318430.093, 94
Trd, 4318432.643, 100
Trd, 4318433.593, 98
Trd, 4318434.043, 104
Trd, 4318435.343, 102
Trd, 4318435.393, 94
Trd, 4318437.293, 99
Trd, 4318438.293, 103
Trd, 4318438.693, 102
Trd, 4318440.493, 99
Trd, 4318440.593, 103
Trd, 4318442.443, 98
Trd, 4318443.793, 94
Trd, 4318444.693, 91
Trd, 4318445.843, 98
Trd, 4318446.643, 95
Trd, 4318449.343, 94
Trd, 4318449.393, 95
Trd, 4318449.443, 104
Trd, 4318450.643, 96
Trd, 4318452.043, 113
Trd, 4318452.093, 114
Trd, 4318453.293, 93
Trd, 4318455.143, 95
Trd, 4318455.243, 101
Trd, 4318459.743, 95
Trd, 4318459.943, 93
Trd, 4318460.693, 96
Trd, 4318460.843, 93
Trd, 4318461.043, 95
Trd, 4318462.793, 92
Trd, 4318462.993, 95
Trd, 4318464.193, 99
Trd, 4318465.793, 95
Trd, 4318466.793, 102
Trd, 4318468.043, 97
Trd, 4318469.743, 100
Trd, 4318469.793, 104
Trd, 4318471.193, 98
Trd, 4318471.243, 100
Trd, 4318474.743, 98
Trd, 4318474.993, 97
Trd, 4318475.043, 100
Trd, 4318475.443, 94
Trd, 4318476.493, 96
Trd, 4318476.993, 100
Trd, 4318478.343, 104
Trd, 4318480.343, 102
Trd, 4318480.643, 96
Trd, 4318480.793, 93
Trd, 4318482.543, 103
Trd, 4318483.643, 97
Trd, 4318485.293, 98
Trd, 4318485.693, 101
Trd, 4318486.543, 89
Trd, 4318487.893, 93
Trd, 4318489.343, 102
Trd, 4318490.493, 96
Trd, 4318492.143, 104
Trd, 4318493.593, 102
Trd, 4318494.693, 98
Trd, 4318495.243, 113
Trd, 4318496.743, 133
Trd, 4318497.793, 120
Trd, 4318499.043, 110
Trd, 4318499.493, 111
Trd, 4318502.393, 110
Trd, 4318502.893, 109
Trd, 4318505.293, 108
Trd, 4318506.543, 104
Trd, 4318507.943, 91
Trd, 4318509.193, 92
Trd, 4318510.093, 96
Trd, 4318511.493, 97
Trd, 4318511.943, 103
Trd, 4318512.293, 104
Trd, 4318513.043, 107
Trd, 4318514.593, 78
Trd, 4318515.293, 84
Trd, 4318515.743, 92
Trd, 4318517.143, 102
Trd, 4318518.643, 99
Trd, 4318519.143, 94
Trd, 4318520.143, 95
Trd, 4318520.243, 96
Trd, 4318520.793, 104
Trd, 4318523.993, 99
Trd, 4318524.443, 97
Trd, 4318527.593, 97
Trd, 4318527.793, 96
Trd, 4318528.043, 95
Trd, 4318528.093, 99
Trd, 4318529.793, 98
Trd, 4318531.443, 98
Trd, 4318533.443, 95
Trd, 4318533.593, 99
Trd, 4318534.493, 104
Trd, 4318534.843, 104
Trd, 4318536.343, 112
Trd, 4318536.443, 107
Trd, 4318537.193, 140
Trd, 4318539.443, 122
Trd, 4318540.143, 99
Trd, 4318540.893, 108
Trd, 4318540.993, 94
Trd, 4318541.643, 111
Trd, 4318545.393, 109
Trd, 4318545.493, 108
Trd, 4318546.643, 107
Trd, 4318547.293, 104
Trd, 4318547.893, 95
Trd, 4318550.443, 109
Trd, 4318551.043, 95
Trd, 4318551.243, 99
Trd, 4318552.843, 100
Trd, 4318553.193, 94
Trd, 4318553.793, 98
Trd, 4318554.093, 103
Trd, 4318556.193, 104
Trd, 4318559.593, 100
Trd, 4318559.843, 100
Trd, 4318560.793, 97
Trd, 4318562.193, 98
Trd, 4318563.193, 101
Trd, 4318564.993, 100
Trd, 4318565.693, 100
Trd, 4318567.493, 97
Trd, 4318571.293, 100
Trd, 4318572.093, 98
Trd, 4318572.343, 96
Trd, 4318572.693, 99
Trd, 4318572.993, 95
Trd, 4318573.893, 100
Trd, 4318574.493, 104
Trd, 4318576.693, 96
Trd, 4318576.893, 94
Trd, 4318578.843, 94
Trd, 4318579.393, 101
Trd, 4318581.143, 96
Trd, 4318582.293, 93
Trd, 4318583.593, 96
Trd, 4318585.943, 95
Trd, 4318586.193, 92
Trd, 4318586.593, 92
Trd, 4318586.943, 94
Trd, 4318588.443, 91
Trd, 4318590.243, 94
Trd, 4318590.343, 96
Trd, 4318594.443, 94
Trd, 4318595.043, 95
Trd, 4318595.393, 91
Trd, 4318597.443, 95
Trd, 4318600.043, 96
Trd, 4318600.293, 91
Trd, 4318600.593, 97
Trd, 4318604.093, 95
Trd, 4318604.893, 95
Trd, 4318607.943, 93
Trd, 4318608.593, 92
Trd, 4318609.143, 94
Trd, 4318610.543, 104
Trd, 4318611.043, 97
Trd, 4318611.693, 92
Trd, 4318613.243, 96
Trd, 4318613.693, 85
Trd, 4318615.643, 90
Trd, 4318619.243, 89
Trd, 4318619.593, 94
Trd, 4318620.493, 93
Trd, 4318621.493, 93
Trd, 4318621.843, 88
Trd, 4318622.543, 96
Trd, 4318625.393, 104
Trd, 4318625.843, 104
Trd, 4318626.543, 107
Trd, 4318626.693, 105
Trd, 4318629.193, 124
Trd, 4318629.993, 107
Trd, 4318630.843, 114
Trd, 4318633.293, 113
Trd, 4318633.493, 107
Trd, 4318634.043, 104
Trd, 4318634.643, 112
Trd, 4318637.393, 108
Trd, 4318640.493, 108
Trd, 4318640.843, 102
Trd, 4318641.943, 98
Trd, 4318643.793, 104
Trd, 4318644.343, 102
Trd, 4318644.693, 101
Trd, 4318645.043, 114
Trd, 4318646.243, 100
Trd, 4318647.493, 103
Trd, 4318648.043, 104
Trd, 4318648.343, 105
Trd, 4318650.393, 101
Trd, 4318651.493, 101
Trd, 4318653.293, 97
Trd, 4318654.293, 98
Trd, 4318655.893, 98
Trd, 4318656.143, 103
Trd, 4318657.443, 100
Trd, 4318658.993, 104
Trd, 4318659.693, 102
Trd, 4318661.093, 101
Trd, 4318662.193, 103
Trd, 4318662.393, 104
Trd, 4318665.543, 102
Trd, 4318666.393, 104
Trd, 4318667.293, 103
Trd, 4318667.543, 100
Trd, 4318667.693, 104
Trd, 4318669.343, 102
Trd, 4318671.093, 101
Trd, 4318671.793, 100
Trd, 4318672.693, 104
Trd, 4318674.543, 109
Trd, 4318675.343, 105
Trd, 4318677.493, 104
Trd, 4318677.693, 106
Trd, 4318677.993, 107
Trd, 4318680.593, 104
Trd, 4318681.443, 103
Trd, 4318682.193, 103
Trd, 4318683.843, 104
Trd, 4318684.693, 103
Trd, 4318686.543, 94
Trd, 4318686.993, 96
Trd, 4318688.593, 99
Trd, 4318689.943, 97
Trd, 4318690.393, 93
Trd, 4318690.893, 98
Trd, 4318694.193, 98
Trd, 4318696.593, 95
Trd, 4318696.743, 98
Trd, 4318697.943, 104
Trd, 4318699.693, 105
Trd, 4318700.393, 113
Trd, 4318700.943, 111
Trd, 4318701.393, 112
Trd, 4318702.593, 104
Trd, 4318703.243, 93
Trd, 4318703.643, 111
Trd, 4318707.243, 105
Trd, 4318709.643, 105
Trd, 4318710.093, 107
Trd, 4318711.343, 107
Trd, 4318712.743, 104
Trd, 4318714.043, 103
Trd, 4318715.293, 105
Trd, 4318716.693, 103
Trd, 4318716.743, 104
Trd, 4318716.943, 102
Trd, 4318719.393, 104
Trd, 4318723.543, 103
Trd, 4318723.593, 104
Trd, 4318726.143, 102
Trd, 4318727.093, 104
Trd, 4318729.343, 103
Trd, 4318730.493, 101
Trd, 4318731.843, 102
Trd, 4318732.843, 102
Trd, 4318733.743, 104
Trd, 4318734.593, 95
Trd, 4318735.493, 98
Trd, 4318736.293, 94
Trd, 4318737.243, 100
Trd, 4318737.693, 98
Trd, 4318738.443, 78
Trd, 4318739.493, 85
Trd, 4318739.543, 86
Trd, 4318741.243, 87
Trd, 4318742.443, 113
Trd, 4318742.743, 99
Trd, 4318744.343, 92
Trd, 4318745.543, 99
Trd, 4318746.793, 101
Trd, 4318747.143, 98
Trd, 4318747.843, 94
Trd, 4318747.893, 104
Trd, 4318750.693, 96
Trd, 4318751.443, 101
Trd, 4318752.843, 104
Trd, 4318753.143, 98
Trd, 4318753.493, 104
Trd, 4318754.993, 102
Trd, 4318756.893, 102
Trd, 4318757.693, 101
Trd, 4318759.293, 99
Trd, 4318760.393, 104
Trd, 4318760.943, 80
Trd, 4318761.593, 97
Trd, 4318763.493, 113
Trd, 4318765.143, 100
Trd, 4318765.243, 101
Trd, 4318767.243, 104
Trd, 4318767.793, 95
Trd, 4318768.993, 94
Trd, 4318769.343, 113
Trd, 4318772.343, 105
Trd, 4318772.693, 95
Trd, 4318774.043, 103
Trd, 4318776.293, 95
Trd, 4318776.743, 96
Trd, 4318777.243, 95
Trd, 4318780.143, 96
Trd, 4318780.993, 94
Trd, 4318781.143, 96
Trd, 4318781.993, 95
Trd, 4318782.843, 99
Trd, 4318784.593, 96
Trd, 4318785.043, 97
Trd, 4318786.243, 94
Trd, 4318786.393, 104
Trd, 4318786.893, 101
Trd, 4318790.243, 98
Trd, 4318790.643, 99
Trd, 4318791.443, 101
Trd, 4318792.443, 98
Trd, 4318794.293, 101
Trd, 4318796.243, 97
Trd, 4318796.593, 94
Trd, 4318797.743, 100
Trd, 4318799.093, 98
Trd, 4318799.443, 99
Trd, 4318799.793, 95
Trd, 4318800.993, 94
Trd, 4318806.393, 93
Trd, 4318806.543, 97
Trd, 4318806.893, 98
Trd, 4318807.943, 95
Trd, 4318809.343, 97
Trd, 4318810.043, 104
Trd, 4318811.293, 92
Trd, 4318812.393, 92
Trd, 4318812.793, 85
Trd, 4318814.093, 98
Trd, 4318815.293, 104
Trd, 4318818.043, 96
Trd, 4318818.493, 96
Trd, 4318820.293, 96
Trd, 4318820.343, 95
Trd, 4318820.543, 92
Trd, 4318822.293, 94
Trd, 4318823.043, 93
Trd, 4318824.643, 94
Trd, 4318826.443, 96
Trd, 4318826.793, 92
Trd, 4318827.193, 95
Trd, 4318828.993, 90
Trd, 4318830.893, 94
Trd, 4318832.093, 91
Trd, 4318835.043, 92
Trd, 4318835.293, 93
Trd, 4318835.893, 96
Trd, 4318836.243, 90
Trd, 4318837.943, 89
Trd, 4318838.043, 93
Trd, 4318839.643, 88
Trd, 4318841.893, 93
Trd, 4318845.193, 89
Trd, 4318845.243, 87
Trd, 4318845.293, 91
Trd, 4318847.793, 91
Trd, 4318848.443, 92
Trd, 4318849.493, 95
Trd, 4318853.593, 88
Trd, 4318854.743, 92
Trd, 4318856.493, 92
Trd, 4318858.893, 92
Trd, 4318859.093, 87
Trd, 4318863.993, 92
Trd, 4318864.243, 92
Trd, 4318865.793, 104
Trd, 4318865.993, 86
Trd, 4318867.043, 97
Trd, 4318868.093, 98
Trd, 4318869.243, 97
Trd, 4318869.393, 94
Trd, 4318869.993, 94
Trd, 4318871.193, 97
Trd, 4318871.243, 100
Trd, 4318872.593, 108
Trd, 4318874.693, 108
Trd, 4318875.893, 107
Trd, 4318876.643, 106
Trd, 4318877.393, 102
Trd, 4318877.443, 103
Trd, 4318879.693, 101
Trd, 4318882.143, 98
Trd, 4318882.293, 99
Trd, 4318882.493, 96
Trd, 4318885.143, 105
Trd, 4318885.743, 100
Trd, 4318886.543, 103
Trd, 4318888.393, 99
Trd, 4318888.693, 94
Trd, 4318889.193, 103
Trd, 4318890.293, 101
Trd, 4318891.693, 102
Trd, 4318892.843, 104
Trd, 4318893.993, 101
Trd, 4318894.493, 99
Trd, 4318894.893, 104
Trd, 4318895.793, 104
Trd, 4318896.043, 93
Trd, 4318896.993, 104
Trd, 4318897.743, 99
Trd, 4318899.093, 99
Trd, 4318900.343, 94
Trd, 4318901.943, 100
Trd, 4318902.893, 104
Trd, 4318904.143, 104
Trd, 4318905.893, 97
Trd, 4318908.793, 97
Trd, 4318909.743, 99
Trd, 4318909.893, 100
Trd, 4318910.093, 104
Trd, 4318913.243, 99
Trd, 4318913.843, 100
Trd, 4318914.043, 100
Trd, 4318914.293, 97
Trd, 4318916.143, 96
Trd, 4318917.393, 100
Trd, 4318917.893, 104
Trd, 4318918.743, 104
Trd, 4318920.893, 97
Trd, 4318921.493, 97
Trd, 4318921.893, 94
Trd, 4318922.393, 84
Trd, 4318922.943, 113
Trd, 4318924.643, 97
Trd, 4318925.493, 98
Trd, 4318926.243, 95
Trd, 4318927.693, 100
Trd, 4318929.493, 96
Trd, 4318930.393, 95
Trd, 4318931.643, 98
Trd, 4318933.793, 98
Trd, 4318934.043, 98
Trd, 4318935.943, 94
Trd, 4318939.243, 96
Trd, 4318939.793, 95
Trd, 4318940.443, 97
Trd, 4318940.693, 98
Trd, 4318941.793, 95
Trd, 4318941.993, 97
Trd, 4318943.593, 96
Trd, 4318944.243, 98
Trd, 4318945.843, 94
Trd, 4318947.193, 104
Trd, 4318947.643, 95
Trd, 4318948.643, 114
Trd, 4318949.293, 106
Trd, 4318951.993, 95
Trd, 4318952.043, 83
Trd, 4318952.093, 100
Trd, 4318954.693, 90
Trd, 4318954.843, 104
Trd, 4318957.493, 92
Trd, 4318958.243, 92
Trd, 4318959.243, 104
Trd, 4318959.843, 90
Trd, 4318961.843, 97
Trd, 4318963.143, 91
Trd, 4318963.243, 97
Trd, 4318965.593, 97
Trd, 4318967.493, 92
Trd, 4318967.893, 91
Trd, 4318968.643, 104
Trd, 4318971.243, 97
Trd, 4318971.543, 100
Trd, 4318972.693, 90
Trd, 4318974.243, 95
Trd, 4318975.143, 97
Trd, 4318976.543, 96
Trd, 4318979.243, 97
Trd, 4318980.843, 97
Trd, 4318981.843, 96
Trd, 4318981.893, 97
Trd, 4318982.993, 97
Trd, 4318983.393, 95
Trd, 4318983.693, 96
Trd, 4318985.993, 100
Trd, 4318987.593, 100
Trd, 4318988.393, 104
Trd, 4318988.543, 99
Trd, 4318990.893, 105
Trd, 4318991.243, 104
Trd, 4318991.593, 114
Trd, 4318992.143, 103
Trd, 4318995.493, 104
Trd, 4318995.943, 105
Trd, 4318997.543, 103
Trd, 4318999.593, 105
Trd, 4318999.893, 105
Trd, 4319000.843, 103
Trd, 4319001.943, 105
Trd, 4319002.043, 102
Trd, 4319005.393, 102
Trd, 4319007.193, 105
Trd, 4319007.293, 104
Trd, 4319009.493, 102
Trd, 4319009.693, 101
Trd, 4319010.743, 101
Trd, 4319011.693, 94
Trd, 4319012.543, 100
Trd, 4319014.643, 95
Trd, 4319016.393, 98
Trd, 4319016.793, 96
Trd, 4319017.143, 98
Trd, 4319018.143, 100
Trd, 4319020.043, 95
Trd, 4319021.043, 95
Trd, 4319021.293, 93
Trd, 4319021.993, 97
Trd, 4319025.743, 96
Trd, 4319026.343, 93
Trd, 4319028.043, 95
Trd, 4319030.493, 95
Trd, 4319030.743, 98
Trd, 4319031.143, 104
Trd, 4319032.593, 103
Trd, 4319033.293, 92
Trd, 4319034.043, 98
Trd, 4319034.393, 99
Trd, 4319038.343, 98
Trd, 4319038.743, 97
Trd, 4319039.293, 97
Trd, 4319040.643, 98
Trd, 4319042.143, 99
Trd, 4319043.643, 99
Trd, 4319045.943, 99
Trd, 4319046.493, 85
Trd, 4319048.193, 104
Trd, 4319048.393, 94
Trd, 4319048.643, 102
Trd, 4319049.043, 100
Trd, 4319050.093, 103
Trd, 4319052.843, 100
Trd, 4319053.893, 100
Trd, 4319054.793, 100
Trd, 4319056.543, 100
Trd, 4319056.593, 99
Trd, 4319058.043, 94
Trd, 4319058.393, 104
Trd, 4319059.543, 108
Trd, 4319060.243, 102
Trd, 4319061.193, 103
Trd, 4319062.693, 104
Trd, 4319063.593, 104
Trd, 4319064.043, 94
Trd, 4319064.893, 104
Trd, 4319065.143, 100
Trd, 4319066.593, 104
Trd, 4319067.743, 113
Trd, 4319069.293, 106
Trd, 4319069.843, 104
Trd, 4319070.693, 103
Trd, 4319073.793, 106
Trd, 4319074.243, 103
Trd, 4319077.343, 103
Trd, 4319077.393, 103
Trd, 4319078.993, 101
Trd, 4319082.043, 105
Trd, 4319082.693, 101
Trd, 4319084.143, 104
Trd, 4319085.043, 104
Trd, 4319087.493, 101
Trd, 4319087.893, 101
Trd, 4319088.743, 100
Trd, 4319089.143, 104
Trd, 4319089.593, 94
Trd, 4319093.143, 97
Trd, 4319094.793, 99
Trd, 4319094.843, 99
Trd, 4319096.493, 102
Trd, 4319096.793, 99
Trd, 4319100.093, 100
Trd, 4319102.243, 99
Trd, 4319102.443, 98
Trd, 4319102.843, 98
Trd, 4319103.543, 94
Trd, 4319104.893, 99
Trd, 4319105.393, 104
Trd, 4319106.393, 114
Trd, 4319107.293, 101
Trd, 4319108.893, 99
Trd, 4319110.493, 104
Trd, 4319111.543, 99
Trd, 4319111.793, 97
Trd, 4319116.093, 98
Trd, 4319116.193, 100
Trd, 4319116.543, 101
Trd, 4319117.593, 100
Trd, 4319118.193, 98
Trd, 4319119.743, 113
Trd, 4319120.643, 106
Trd, 4319120.793, 131
Trd, 4319122.893, 106
Trd, 4319123.993, 104
Trd, 4319125.843, 104
Trd, 4319126.143, 106
Trd, 4319127.493, 104
Trd, 4319129.143, 104
Trd, 4319130.143, 102
Trd, 4319130.343, 105
Trd, 4319131.993, 101
Trd, 4319133.043, 98
Trd, 4319134.693, 95
Trd, 4319135.243, 102
Trd, 4319136.243, 99
Trd, 4319137.043, 103
Trd, 4319139.143, 98
Trd, 4319140.843, 104
Trd, 4319140.943, 114
Trd, 4319141.043, 104
Trd, 4319142.543, 96
Trd, 4319143.193, 94
Trd, 4319144.193, 97
Trd, 4319144.643, 89
Trd, 4319145.743, 100
Trd, 4319147.043, 104
Trd, 4319148.443, 97
Trd, 4319149.643, 97
Trd, 4319151.893, 95
Trd, 4319152.143, 98
Trd, 4319153.343, 97
Trd, 4319154.343, 98
Trd, 4319155.843, 99
Trd, 4319156.143, 94
Trd, 4319156.443, 105
Trd, 4319157.793, 100
Trd, 4319158.593, 99
Trd, 4319160.493, 100
Trd, 4319162.643, 98
Trd, 4319162.743, 85
Trd, 4319163.643, 99
Trd, 4319165.843, 97
Trd, 4319166.243, 104
Trd, 4319167.643, 100
Trd, 4319168.993, 98
Trd, 4319169.293, 98
Trd, 4319169.493, 93
Trd, 4319171.443, 83
Trd, 4319172.493, 104
Trd, 4319173.793, 98
Trd, 4319177.843, 100
Trd, 4319178.093, 98
Trd, 4319178.943, 98
Trd, 4319179.193, 98
Trd, 4319179.943, 104
Trd, 4319180.743, 97
Trd, 4319181.743, 96
Trd, 4319183.293, 94
Trd, 4319185.493, 98
Trd, 4319188.643, 96
Trd, 4319188.893, 93
Trd, 4319190.043, 93
Trd, 4319191.443, 95
Trd, 4319191.593, 96
Trd, 4319193.793, 92
Trd, 4319194.793, 95
Trd, 4319195.943, 92
Trd, 4319196.393, 94
Trd, 4319198.243, 99
Trd, 4319199.993, 91
Trd, 4319201.443, 96
Trd, 4319203.643, 91
Trd, 4319203.893, 96
Trd, 4319205.743, 95
Trd, 4319207.343, 91
Trd, 4319207.443, 95
Trd, 4319208.643, 95
Trd, 4319209.243, 95
Trd, 4319209.793, 91
Trd, 4319212.793, 97
Trd, 4319213.693, 97
Trd, 4319213.943, 90
Trd, 4319214.593, 96
Trd, 4319217.843, 96
Trd, 4319218.143, 89
Trd, 4319218.793, 98
Trd, 4319221.393, 104
Trd, 4319221.543, 88
Trd, 4319224.693, 90
Trd, 4319224.943, 93
Trd, 4319225.243, 93
Trd, 4319225.343, 96
Trd, 4319228.893, 96
Trd, 4319229.343, 104
Trd, 4319230.843, 90
Trd, 4319231.643, 92
Trd, 4319232.743, 90
Trd, 4319234.093, 93
Trd, 4319235.443, 104
Trd, 4319235.593, 104
Trd, 4319235.693, 98
Trd, 4319238.043, 101
Trd, 4319239.293, 95
Trd, 4319239.393, 100
Trd, 4319240.343, 99
Trd, 4319240.643, 104
Trd, 4319241.743, 97
Trd, 4319243.443, 101
Trd, 4319243.543, 100
Trd, 4319245.643, 98
Trd, 4319245.893, 97
Trd, 4319246.193, 94
Trd, 4319248.393, 102
Trd, 4319249.043, 94
Trd, 4319251.943, 96
Trd, 4319252.043, 100
Trd, 4319253.893, 97
Trd, 4319255.143, 99
Trd, 4319255.793, 96
Trd, 4319256.343, 98
Trd, 4319257.243, 99
Trd, 4319257.743, 96
Trd, 4319259.293, 96
Trd, 4319260.143, 99
Trd, 4319262.443, 104
Trd, 4319264.843, 95
Trd, 4319264.993, 94
Trd, 4319265.393, 85
Trd, 4319267.393, 95
Trd, 4319268.093, 96
Trd, 4319268.593, 92
Trd, 4319269.343, 94
Trd, 4319270.193, 104
Trd, 4319270.593, 96
Trd, 4319272.643, 94
Trd, 4319274.193, 97
Trd, 4319275.443, 94
Trd, 4319275.543, 98
Trd, 4319277.043, 97
Trd, 4319278.543, 98
Trd, 4319278.593, 95
Trd, 4319280.843, 105
Trd, 4319281.543, 104
Trd, 4319281.893, 100
Trd, 4319282.943, 100
Trd, 4319283.043, 94
Trd, 4319285.193, 103
Trd, 4319286.043, 102
Trd, 4319287.093, 104
Trd, 4319287.393, 115
Trd, 4319287.643, 102
Trd, 4319288.543, 100
Trd, 4319290.643, 94
Trd, 4319292.343, 102
Trd, 4319294.443, 101
Trd, 4319297.743, 104
Trd, 4319297.893, 105
Trd, 4319298.343, 105
Trd, 4319298.393, 101
Trd, 4319300.993, 103
Trd, 4319301.093, 101
Trd, 4319301.793, 100
Trd, 4319302.093, 95
Trd, 4319302.993, 95
Trd, 4319303.593, 96
Trd, 4319304.443, 94
Trd, 4319305.493, 101
Trd, 4319306.343, 99
Trd, 4319307.843, 104
Trd, 4319308.143, 113
Trd, 4319310.843, 95
Trd, 4319311.443, 94
Trd, 4319312.893, 97
Trd, 4319314.143, 93
Trd, 4319315.593, 97
Trd, 4319318.643, 97
Trd, 4319318.693, 92
Trd, 4319320.243, 96
Trd, 4319321.393, 96
Trd, 4319324.193, 91
Trd, 4319324.893, 94
Trd, 4319325.343, 96
Trd, 4319327.193, 96
Trd, 4319328.743, 96
Trd, 4319330.993, 89
Trd, 4319332.393, 91
Trd, 4319332.793, 88
Trd, 4319333.693, 97
Trd, 4319335.843, 88
Trd, 4319338.393, 93
Trd, 4319338.443, 88
Trd, 4319339.593, 93
Trd, 4319341.193, 99
Trd, 4319345.343, 94
Trd, 4319345.993, 94
Trd, 4319348.043, 97
Trd, 4319350.293, 103
Trd, 4319350.943, 95
Trd, 4319351.443, 93
Trd, 4319352.843, 96
Trd, 4319353.293, 99
Trd, 4319355.943, 104
Trd, 4319356.543, 92
Trd, 4319357.343, 104
Trd, 4319357.643, 101
Trd, 4319360.343, 96
Trd, 4319360.843, 97
Trd, 4319362.343, 94
Trd, 4319362.843, 104
Trd, 4319365.493, 95
Trd, 4319366.343, 94
Trd, 4319366.993, 96
Trd, 4319367.893, 85
Trd, 4319368.443, 104
Trd, 4319368.743, 113
Trd, 4319370.043, 90
Trd, 4319370.493, 97
Trd, 4319371.543, 125
Trd, 4319372.243, 109
Trd, 4319374.743, 102
Trd, 4319376.643, 101
Trd, 4319377.593, 105
Trd, 4319377.843, 106
Trd, 4319377.943, 103
Trd, 4319379.243, 101
Trd, 4319379.493, 93
Trd, 4319382.293, 103
Trd, 4319382.493, 103
Trd, 4319384.243, 103
Trd, 4319384.593, 98
Trd, 4319384.993, 97
Trd, 4319387.093, 104
Trd, 4319388.793, 103
Trd, 4319390.393, 97
Trd, 4319390.943, 98
Trd, 4319391.793, 104
Trd, 4319392.693, 84
Trd, 4319392.943, 95
Trd, 4319393.643, 94
Trd, 4319394.693, 104
Trd, 4319395.693, 96
Trd, 4319396.143, 93
Trd, 4319398.943, 96
Trd, 4319402.343, 95
Trd, 4319402.443, 93
Trd, 4319402.993, 95
Trd, 4319404.543, 104
Trd, 4319406.243, 100
Trd, 4319407.043, 105
Trd, 4319407.893, 100
Trd, 4319408.443, 99
Trd, 4319409.293, 87
Trd, 4319409.993, 90
Trd, 4319410.993, 93
Trd, 4319411.893, 114
Trd, 4319412.643, 101
Trd, 4319412.743, 94
Trd, 4319413.743, 104
Trd, 4319414.943, 96
Trd, 4319415.043, 94
Trd, 4319416.693, 96
Trd, 4319419.443, 103
Trd, 4319419.643, 104
Trd, 4319420.743, 93
Trd, 4319421.743, 104
Trd, 4319422.143, 95
Trd, 4319422.843, 94
Trd, 4319424.943, 98
Trd, 4319425.743, 94
Trd, 4319425.893, 101
Trd, 4319429.243, 100
Trd, 4319429.993, 95
Trd, 4319430.293, 95
Trd, 4319431.743, 96
Trd, 4319432.193, 104
Trd, 4319435.793, 100
Trd, 4319437.093, 99
Trd, 4319437.543, 94
Trd, 4319439.543, 98
Trd, 4319441.043, 97
Trd, 4319443.343, 93
Trd, 4319445.493, 96
Trd, 4319446.993, 100
Trd, 4319447.543, 104
Trd, 4319447.893, 93
Trd, 4319451.993, 96
Trd, 4319453.393, 95
Trd, 4319454.943, 93
Trd, 4319455.293, 94
Trd, 4319457.093, 94
Trd, 4319457.793, 99
Trd, 4319458.543, 92
Trd, 4319460.043, 96
Trd, 4319460.943, 96
Trd, 4319461.643, 104
Trd, 4319464.593, 92
Trd, 4319466.043, 95
Trd, 4319466.543, 92
Trd, 4319468.793, 95
Trd, 4319468.843, 96
Trd, 4319469.943, 99
Trd, 4319470.643, 92
Trd, 4319473.743, 92
Trd, 4319474.393, 95
Trd, 4319474.793, 93
Trd, 4319476.943, 94
Trd, 4319477.793, 91
Trd, 4319478.443, 94
Trd, 4319479.743, 94
Trd, 4319479.993, 95
Trd, 4319483.243, 104
Trd, 4319483.293, 100
Trd, 4319483.593, 94
Trd, 4319485.293, 99
Trd, 4319485.493, 115
Trd, 4319487.093, 97
Trd, 4319488.393, 98
Trd, 4319488.743, 101
Trd, 4319490.993, 95
Trd, 4319491.543, 96
Trd, 4319492.593, 98
Trd, 4319493.143, 102
Trd, 4319495.543, 99
Trd, 4319496.143, 101
Trd, 4319496.343, 84
Trd, 4319497.493, 104
Trd, 4319499.993, 98
Trd, 4319500.093, 91
Trd, 4319500.443, 98
Trd, 4319501.093, 96
Trd, 4319501.143, 92
Trd, 4319502.693, 104
Trd, 4319504.143, 98
Trd, 4319506.293, 97
Trd, 4319506.393, 104
Trd, 4319506.493, 114
Trd, 4319509.143, 93
Trd, 4319510.143, 96
Trd, 4319511.543, 96
Trd, 4319511.993, 96
Trd, 4319513.093, 101
Trd, 4319514.243, 100
Trd, 4319514.343, 83
Trd, 4319517.093, 104
Trd, 4319518.143, 94
Trd, 4319519.543, 104
Trd, 4319519.593, 93
Trd, 4319520.443, 96
Trd, 4319521.693, 104
Trd, 4319523.093, 103
Trd, 4319523.943, 100
Trd, 4319525.043, 95
Trd, 4319526.793, 94
Trd, 4319527.043, 101
Trd, 4319527.943, 104
Trd, 4319528.893, 106
Trd, 4319529.643, 101
Trd, 4319531.193, 96
Trd, 4319533.393, 101
Trd, 4319535.343, 97
Trd, 4319535.493, 104
Trd, 4319535.793, 86
Trd, 4319538.743, 99
Trd, 4319539.393, 93
Trd, 4319541.193, 103
Trd, 4319542.043, 97
Trd, 4319542.593, 99
Trd, 4319544.593, 99
Trd, 4319545.793, 98
Trd, 4319546.643, 103
Trd, 4319547.443, 99
Trd, 4319548.093, 98
Trd, 4319550.143, 95
Trd, 4319550.593, 97
Trd, 4319551.843, 98
Trd, 4319552.193, 94
Trd, 4319553.843, 103
Trd, 4319554.443, 104
Trd, 4319554.993, 114
Trd, 4319557.093, 97
Trd, 4319558.543, 98
Trd, 4319559.843, 99
Trd, 4319560.143, 100
Trd, 4319562.143, 85
Trd, 4319562.543, 101
Trd, 4319564.643, 104
Trd, 4319565.093, 94
Trd, 4319565.793, 95
Trd, 4319565.943, 98
Trd, 4319566.593, 93
Trd, 4319568.843, 92
Trd, 4319569.943, 104
Trd, 4319570.093, 114
Trd, 4319572.143, 97
Trd, 4319572.493, 99
Trd, 4319574.643, 84
Trd, 4319575.543, 93
Trd, 4319575.993, 98
Trd, 4319578.343, 94
Trd, 4319579.193, 94
Trd, 4319579.543, 92
Trd, 4319580.143, 94
Trd, 4319581.743, 91
Trd, 4319583.643, 104
Trd, 4319585.043, 102
Trd, 4319585.093, 103
Trd, 4319585.493, 92
Trd, 4319588.143, 96
Trd, 4319588.893, 95
Trd, 4319590.793, 94
Trd, 4319591.993, 92
Trd, 4319592.043, 94
Trd, 4319592.793, 91
Trd, 4319594.443, 104
Trd, 4319595.493, 90
Trd, 4319595.843, 99
Trd, 4319597.343, 97
Trd, 4319597.793, 115
Trd, 4319598.893, 104
Trd, 4319600.893, 105
Trd, 4319600.943, 100
Trd, 4319601.043, 116
Trd, 4319602.193, 99
Trd, 4319604.293, 107
Trd, 4319604.493, 98
Trd, 4319607.093, 101
Trd, 4319608.393, 107
Trd, 4319612.043, 105
Trd, 4319612.893, 103
Trd, 4319613.593, 107
Trd, 4319616.793, 102
Trd, 4319617.943, 101
Trd, 4319619.193, 103
Trd, 4319619.293, 104
Trd, 4319621.093, 104
Trd, 4319621.243, 105
Trd, 4319621.843, 102
Trd, 4319622.893, 103
Trd, 4319624.093, 99
Trd, 4319624.193, 94
Trd, 4319626.093, 113
Trd, 4319626.993, 104
Trd, 4319628.843, 99
Trd, 4319629.243, 95
Trd, 4319630.943, 98
Trd, 4319630.993, 104
Trd, 4319632.743, 104
Trd, 4319634.443, 100
Trd, 4319635.143, 94
Trd, 4319635.593, 96
Trd, 4319637.593, 97
Trd, 4319638.343, 98
Trd, 4319640.243, 93
Trd, 4319641.143, 94
Trd, 4319641.393, 98
Trd, 4319643.343, 95
Trd, 4319645.543, 98
Trd, 4319648.893, 93
Trd, 4319650.593, 96
Trd, 4319651.343, 97
Trd, 4319651.643, 92
Trd, 4319653.393, 96
Trd, 4319655.093, 91
Trd, 4319655.193, 99
Trd, 4319656.993, 104
Trd, 4319658.443, 97
Trd, 4319658.643, 98
Trd, 4319662.743, 98
Trd, 4319662.993, 98
Trd, 4319663.293, 96
Trd, 4319664.593, 103
Trd, 4319664.743, 94
Trd, 4319666.193, 104
Trd, 4319667.493, 102
Trd, 4319668.143, 93
Trd, 4319669.343, 102
Trd, 4319670.043, 99
Trd, 4319671.693, 104
Trd, 4319672.143, 103
Trd, 4319672.243, 98
Trd, 4319675.193, 97
Trd, 4319676.993, 104
Trd, 4319677.593, 104
Trd, 4319678.193, 99
Trd, 4319679.143, 98
Trd, 4319679.843, 100
Trd, 4319680.843, 100
Trd, 4319682.143, 95
Trd, 4319683.093, 96
Trd, 4319684.393, 95
Trd, 4319686.643, 95
Trd, 4319686.993, 94
Trd, 4319688.743, 104
Trd, 4319689.943, 100
Trd, 4319690.743, 93
Trd, 4319691.643, 102
Trd, 4319693.143, 101
Trd, 4319694.693, 92
Trd, 4319695.893, 100
Trd, 4319696.643, 92
Trd, 4319697.443, 100
Trd, 4319700.593, 95
Trd, 4319700.643, 92
Trd, 4319701.693, 93
Trd, 4319702.793, 95
Trd, 4319703.543, 95
Trd, 4319704.993, 104
Trd, 4319705.193, 92
Trd, 4319705.843, 91
Trd, 4319707.093, 97
Trd, 4319708.543, 85
Trd, 4319709.293, 101
Trd, 4319713.693, 96
Trd, 4319714.143, 96
Trd, 4319714.193, 94
Trd, 4319715.543, 96
Trd, 4319716.393, 93
Trd, 4319717.543, 97
Trd, 4319717.843, 104
Trd, 4319720.643, 96
Trd, 4319720.893, 101
Trd, 4319722.193, 102
Trd, 4319722.343, 96
Trd, 4319722.393, 104
Trd, 4319722.593, 114
Trd, 4319725.243, 95
Trd, 4319726.793, 101
Trd, 4319726.843, 94
Trd, 4319728.093, 101
Trd, 4319731.093, 97
Trd, 4319731.693, 93
Trd, 4319733.343, 93
Trd, 4319734.143, 94
Trd, 4319734.593, 92
Trd, 4319734.743, 96
Trd, 4319736.593, 91
Trd, 4319739.693, 95
Trd, 4319740.443, 95
Trd, 4319740.693, 104
Trd, 4319741.943, 97
Trd, 4319742.993, 96
Trd, 4319743.593, 104
Trd, 4319745.843, 101
Trd, 4319747.593, 95
Trd, 4319747.643, 95
Trd, 4319747.943, 94
Trd, 4319748.093, 97
Trd, 4319751.293, 94
Trd, 4319752.393, 95
Trd, 4319753.193, 103
Trd, 4319754.443, 84
Trd, 4319754.843, 115
Trd, 4319754.943, 112
Trd, 4319755.793, 97
Trd, 4319757.693, 103
Trd, 4319758.293, 104
Trd, 4319759.293, 105
Trd, 4319759.993, 103
Trd, 4319761.343, 109
Trd, 4319763.393, 105
Trd, 4319764.543, 105
Trd, 4319764.693, 103
Trd, 4319765.443, 103
Trd, 4319765.593, 94
Trd, 4319767.093, 105
Trd, 4319769.393, 98
Trd, 4319770.943, 99
Trd, 4319771.143, 99
Trd, 4319771.643, 98
Trd, 4319773.093, 96
Trd, 4319773.143, 94
Trd, 4319774.193, 104
Trd, 4319776.343, 98
Trd, 4319778.143, 95
Trd, 4319779.743, 98
Trd, 4319781.493, 95
Trd, 4319782.143, 94
Trd, 4319782.243, 97
Trd, 4319783.543, 102
Trd, 4319784.993, 104
Trd, 4319787.193, 99
Trd, 4319787.693, 100
Trd, 4319788.843, 98
Trd, 4319791.193, 97
Trd, 4319791.893, 100
Trd, 4319794.293, 97
Trd, 4319794.493, 95
Trd, 4319795.393, 97
Trd, 4319795.793, 94
Trd, 4319797.493, 97
Trd, 4319798.743, 98
Trd, 4319800.193, 97
Trd, 4319801.293, 104
Trd, 4319801.493, 95
Trd, 4319802.893, 94
Trd, 4319803.643, 94
Trd, 4319804.043, 113
Trd, 4319804.743, 108
Trd, 4319806.143, 104
Trd, 4319807.193, 94
Trd, 4319808.543, 97
Trd, 4319809.843, 97
Trd, 4319811.943, 97
Trd, 4319813.393, 94
Trd, 4319815.243, 97
Trd, 4319815.393, 94
Trd, 4319815.693, 98
Trd, 4319817.143, 98
Trd, 4319817.843, 104
Trd, 4319820.843, 100
Trd, 4319822.143, 95
Trd, 4319822.793, 94
Trd, 4319823.643, 99
Trd, 4319823.793, 103
Trd, 4319825.543, 93
Trd, 4319826.743, 96
Trd, 4319826.843, 98
Trd, 4319827.043, 91
Trd, 4319828.443, 91
Trd, 4319828.693, 104
Trd, 4319830.943, 97
Trd, 4319832.093, 97
Trd, 4319833.093, 104
Trd, 4319834.243, 99
Trd, 4319835.343, 91
Trd, 4319837.493, 96
Trd, 4319840.293, 91
Trd, 4319842.243, 103
Trd, 4319842.643, 95
Trd, 4319842.743, 99
Trd, 4319843.043, 104
Trd, 4319845.443, 100
Trd, 4319846.593, 97
Trd, 4319846.693, 101
Trd, 4319846.793, 93
Trd, 4319848.293, 103
Trd, 4319849.093, 97
Trd, 4319851.043, 101
Trd, 4319851.093, 104
Trd, 4319851.143, 100
Trd, 4319853.843, 94
Trd, 4319855.343, 102
Trd, 4319856.443, 103
Trd, 4319856.943, 104
Trd, 4319858.693, 96
Trd, 4319859.143, 95
Trd, 4319861.793, 102
Trd, 4319862.893, 94
Trd, 4319864.493, 101
Trd, 4319864.843, 95
Trd, 4319865.293, 104
Trd, 4319867.893, 94
Trd, 4319868.643, 102
Trd, 4319870.643, 98
Trd, 4319872.243, 92
Trd, 4319873.043, 102
Trd, 4319873.443, 93
Trd, 4319874.893, 95
Trd, 4319876.893, 95
Trd, 4319877.043, 98
Trd, 4319877.843, 104
Trd, 4319878.943, 102
Trd, 4319880.343, 98
Trd, 4319881.643, 94
Trd, 4319881.793, 101
Trd, 4319882.993, 99
Trd, 4319883.493, 104
Trd, 4319884.393, 111
Trd, 4319885.193, 97
Trd, 4319885.693, 104
Trd, 4319885.843, 104
Trd, 4319887.443, 105
Trd, 4319889.143, 99
Trd, 4319889.193, 102
Trd, 4319889.593, 93
Trd, 4319891.293, 104
Trd, 4319891.743, 104
Trd, 4319893.493, 101
Trd, 4319895.343, 103
Trd, 4319895.843, 102
Trd, 4319897.343, 91
Trd, 4319898.343, 95
Trd, 4319899.393, 93
Trd, 4319899.793, 83
Trd, 4319900.493, 99
Trd, 4319902.443, 101
Trd, 4319902.843, 104
Trd, 4319904.443, 95
Trd, 4319905.843, 96
Trd, 4319905.993, 94
Trd, 4319906.443, 95
Trd, 4319907.543, 97
Trd, 4319910.643, 93
Trd, 4319912.493, 96
Trd, 4319913.293, 97
Trd, 4319914.693, 95
Trd, 4319914.993, 104
Trd, 4319915.543, 98
Trd, 4319916.493, 92
Trd, 4319917.743, 100
Trd, 4319922.243, 97
Trd, 4319922.543, 97
Trd, 4319922.943, 104
Trd, 4319923.593, 115
Trd, 4319924.293, 114
Trd, 4319924.493, 115
Trd, 4319926.393, 92
Trd, 4319926.693, 95
Trd, 4319927.393, 108
Trd, 4319927.593, 83
Trd, 4319929.293, 89
Trd, 4319929.393, 91
Trd, 4319930.143, 93
Trd, 4319930.743, 96
Trd, 4319932.793, 104
Trd, 4319934.343, 98
Trd, 4319934.393, 98
Trd, 4319934.543, 105
Trd, 4319936.193, 94
Trd, 4319937.543, 91
Trd, 4319939.293, 95
Trd, 4319940.393, 96
Trd, 4319941.793, 93
Trd, 4319942.443, 96
Trd, 4319943.043, 104
Trd, 4319943.843, 100
Trd, 4319945.293, 92
Trd, 4319948.543, 97
Trd, 4319948.693, 101
Trd, 4319949.893, 99
Trd, 4319951.593, 99
Trd, 4319952.893, 98
Trd, 4319952.993, 100
Trd, 4319953.643, 104
Trd, 4319954.393, 97
Trd, 4319956.143, 98
Trd, 4319956.743, 101
Trd, 4319958.093, 83
Trd, 4319960.843, 93
Trd, 4319961.143, 99
Trd, 4319962.293, 99
Trd, 4319963.243, 104
Trd, 4319963.443, 104
Trd, 4319964.443, 102
Trd, 4319965.943, 104
Trd, 4319968.543, 104
Trd, 4319968.643, 103
Trd, 4319968.993, 105
Trd, 4319970.443, 101
Trd, 4319972.793, 93
Trd, 4319973.093, 90
Trd, 4319973.943, 95
Trd, 4319974.593, 105
Trd, 4319974.793, 91
Trd, 4319976.643, 97
Trd, 4319977.843, 96
Trd, 4319978.843, 98
Trd, 4319980.243, 98
Trd, 4319980.893, 104
Trd, 4319981.343, 97
Trd, 4319984.193, 102
Trd, 4319984.293, 96
Trd, 4319985.143, 99
Trd, 4319986.293, 99
Trd, 4319986.893, 94
Trd, 4319988.993, 102
Trd, 4319989.793, 104
Trd, 4319991.193, 103
Trd, 4319991.343, 104
Trd, 4319991.843, 103
Trd, 4319992.193, 94
Trd, 4319994.293, 99
Trd, 4319994.393, 104
Trd, 4319996.043, 104
Trd, 4319998.243, 103
Trd, 4319999.943, 98
