Trd, 4317757.193, 98
Trd, 4317758.093, 101
Trd, 4317762.893, 101
Trd, 4317765.893, 97
Trd, 4317767.193, 98
Trd, 4317767.243, 100
Trd, 4317767.643, 97
Trd, 4317769.043, 103
Trd, 4317770.993, 102
Trd, 4317771.143, 104
Trd, 4317775.993, 102
Trd, 4317776.493, 101
Trd, 4317776.643, 100
Trd, 4317777.643, 101
Trd, 4317780.093, 100
Trd, 4317780.543, 98
Trd, 4317787.593, 98
Trd, 4317788.293, 101
Trd, 4317789.043, 98
Trd, 4317793.943, 101
Trd, 4317794.493, 99
Trd, 4317800.093, 101
Trd, 4317800.893, 102
Trd, 4317801.893, 104
Trd, 4317805.743, 97
Trd, 4317806.793, 98
Trd, 4317807.143, 101
Trd, 4317808.193, 101
Trd, 4317809.043, 98
Trd, 4317811.093, 99
Trd, 4317812.043, 97
Trd, 4317817.693, 100
Trd, 4317819.093, 97
Trd, 4317820.993, 100
Trd, 4317821.093, 96
Trd, 4317823.593, 104
Trd, 4317825.743, 95
Trd, 4317828.443, 101
Trd, 4317831.093, 98
Trd, 4317832.543, 94
Trd, 4317837.293, 97
Trd, 4317839.343, 96
Trd, 4317841.393, 93
Trd, 4317843.293, 96
Trd, 4317843.593, 92
Trd, 4317846.693, 104
Trd, 4317848.243, 100
Trd, 4317849.193, 106
Trd, 4317849.943, 103
Trd, 4317850.843, 115
Trd, 4317856.643, 105
Trd, 4317857.043, 108
Trd, 4317858.493, 102
Trd, 4317860.293, 98
Trd, 4317860.793, 85
Trd, 4317863.943, 98
Trd, 4317865.993, 99
Trd, 4317871.193, 100
Trd, 4317877.893, 98
Trd, 4317878.343, 100
Trd, 4317878.393, 100
Trd, 4317882.543, 104
Trd, 4317883.843, 99
Trd, 4317884.443, 101
Trd, 4317891.343, 101
Trd, 4317891.793, 98
Trd, 4317892.293, 102
Trd, 4317892.893, 97
Trd, 4317893.443, 104
Trd, 4317894.443, 97
Trd, 4317897.993, 103
Trd, 4317902.643, 99
Trd, 4317904.893, 99
Trd, 4317905.243, 103
Trd, 4317905.693, 103
Trd, 4317908.543, 103
Trd, 4317910.443, 99
Trd, 4317915.743, 103
Trd, 4317916.643, 98
Trd, 4317917.593, 103
Trd, 4317920.843, 103
Trd, 4317921.093, 104
Trd, 4317923.993, 104
Trd, 4317927.193, 102
Trd, 4317927.743, 104
Trd, 4317930.843, 103
Trd, 4317931.393, 101
Trd, 4317932.193, 101
Trd, 4317934.843, 102
Trd, 4317936.593, 103
Trd, 4317940.493, 100
Trd, 4317945.443, 99
Trd, 4317946.393, 103
Trd, 4317950.193, 104
Trd, 4317951.393, 104
Trd, 4317951.493, 104
Trd, 4317951.743, 98
Trd, 4317955.293, 104
Trd, 4317955.493, 97
Trd, 4317956.143, 103
Trd, 4317960.093, 96
Trd, 4317964.343, 99
Trd, 4317964.943, 95
Trd, 4317965.693, 99
Trd, 4317965.993, 99
Trd, 4317967.493, 94
Trd, 4317970.693, 99
Trd, 4317971.243, 98
Trd, 4317975.393, 97
Trd, 4317975.693, 93
Trd, 4317976.243, 121
Trd, 4317978.343, 109
Trd, 4317983.543, 112
Trd, 4317984.743, 108
Trd, 4317986.893, 110
Trd, 4317988.143, 109
Trd, 4317989.893, 106
Trd, 4317991.393, 106
Trd, 4317995.493, 108
Trd, 4317995.943, 107
Trd, 4317998.293, 113
Trd, 4318000.543, 120
Trd, 4318000.893, 113
Trd, 4318000.943, 111
Trd, 4318002.543, 85
Trd, 4318004.643, 103
Trd, 4318005.393, 102
Trd, 4318006.043, 104
Trd, 4318010.043, 100
Trd, 4318010.743, 101
Trd, 4318011.093, 102
Trd, 4318012.643, 100
Trd, 4318012.993, 103
Trd, 4318013.893, 87
Trd, 4318016.193, 91
Trd, 4318019.493, 95
Trd, 4318020.943, 94
Trd, 4318020.993, 104
Trd, 4318023.293, 100
Trd, 4318025.643, 98
Trd, 4318025.893, 95
Trd, 4318027.043, 98
Trd, 4318032.943, 94
Trd, 4318033.243, 99
Trd, 4318033.443, 104
Trd, 4318035.793, 107
Trd, 4318036.493, 108
Trd, 4318037.593, 103
Trd, 4318038.743, 101
Trd, 4318039.693, 99
Trd, 4318041.043, 97
Trd, 4318042.693, 95
Trd, 4318043.693, 85
Trd, 4318047.843, 98
Trd, 4318050.693, 96
Trd, 4318051.493, 96
Trd, 4318054.043, 95
Trd, 4318054.843, 98
Trd, 4318055.943, 99
Trd, 4318056.443, 104
Trd, 4318061.043, 99
Trd, 4318061.093, 103
Trd, 4318061.143, 98
Trd, 4318062.893, 104
Trd, 4318063.043, 98
Trd, 4318063.693, 97
Trd, 4318067.843, 98
Trd, 4318071.543, 100
Trd, 4318072.393, 100
Trd, 4318074.393, 98
Trd, 4318076.493, 114
Trd, 4318084.743, 98
Trd, 4318085.393, 102
Trd, 4318086.493, 101
Trd, 4318087.043, 104
Trd, 4318092.793, 100
Trd, 4318093.543, 97
Trd, 4318094.093, 99
Trd, 4318098.393, 98
Trd, 4318102.593, 97
Trd, 4318105.193, 95
Trd, 4318105.493, 94
Trd, 4318109.093, 93
Trd, 4318111.443, 98
Trd, 4318112.043, 97
Trd, 4318115.043, 102
Trd, 4318116.493, 104
Trd, 4318117.593, 106
Trd, 4318118.793, 108
Trd, 4318119.743, 108
Trd, 4318121.493, 106
Trd, 4318122.793, 107
Trd, 4318123.693, 109
Trd, 4318123.843, 107
Trd, 4318123.943, 103
Trd, 4318127.043, 102
Trd, 4318128.893, 107
Trd, 4318129.393, 103
Trd, 4318129.993, 103
Trd, 4318130.293, 108
Trd, 4318132.793, 103
Trd, 4318133.293, 102
Trd, 4318135.043, 104
Trd, 4318135.793, 103
Trd, 4318136.393, 85
Trd, 4318141.793, 103
Trd, 4318142.443, 100
Trd, 4318142.543, 99
Trd, 4318144.193, 99
Trd, 4318146.793, 115
Trd, 4318146.893, 115
Trd, 4318147.293, 107
Trd, 4318148.143, 98
Trd, 4318152.543, 107
Trd, 4318153.343, 104
Trd, 4318153.993, 101
Trd, 4318154.293, 109
Trd, 4318155.543, 99
Trd, 4318156.643, 119
Trd, 4318159.393, 111
Trd, 4318160.593, 111
Trd, 4318161.793, 102
Trd, 4318163.243, 101
Trd, 4318164.543, 103
Trd, 4318165.293, 85
Trd, 4318165.393, 104
Trd, 4318169.993, 98
Trd, 4318172.493, 96
Trd, 4318174.993, 104
Trd, 4318176.443, 107
Trd, 4318177.893, 102
Trd, 4318178.393, 105
Trd, 4318182.143, 104
Trd, 4318184.843, 105
Trd, 4318186.193, 104
Trd, 4318187.943, 101
Trd, 4318187.993, 91
Trd, 4318189.793, 93
Trd, 4318190.593, 85
Trd, 4318190.993, 104
Trd, 4318191.193, 113
Trd, 4318193.893, 93
Trd, 4318194.543, 105
Trd, 4318197.393, 105
Trd, 4318200.093, 104
Trd, 4318201.043, 104
Trd, 4318202.943, 102
Trd, 4318206.593, 104
Trd, 4318208.243, 101
Trd, 4318208.643, 100
Trd, 4318212.293, 104
Trd, 4318215.543, 100
Trd, 4318215.693, 100
Trd, 4318216.643, 103
Trd, 4318219.293, 99
Trd, 4318221.393, 99
Trd, 4318225.793, 100
Trd, 4318226.893, 104
Trd, 4318230.443, 99
Trd, 4318231.643, 101
Trd, 4318232.943, 98
Trd, 4318233.893, 125
Trd, 4318237.493, 97
Trd, 4318237.793, 106
Trd, 4318240.343, 96
Trd, 4318241.193, 101
Trd, 4318243.443, 102
Trd, 4318244.793, 126
Trd, 4318244.943, 121
Trd, 4318245.393, 95
Trd, 4318246.643, 106
Trd, 4318248.143, 122
Trd, 4318249.093, 108
Trd, 4318252.293, 104
Trd, 4318253.693, 103
Trd, 4318253.943, 106
Trd, 4318258.093, 107
Trd, 4318258.143, 104
Trd, 4318261.993, 107
Trd, 4318266.193, 105
Trd, 4318266.443, 102
Trd, 4318266.943, 106
Trd, 4318269.143, 106
Trd, 4318272.643, 106
Trd, 4318274.143, 104
Trd, 4318276.943, 106
Trd, 4318277.993, 102
Trd, 4318279.793, 101
Trd, 4318287.293, 101
Trd, 4318288.993, 100
Trd, 4318290.343, 106
Trd, 4318290.893, 106
Trd, 4318292.943, 106
Trd, 4318294.393, 105
Trd, 4318297.043, 100
Trd, 4318300.793, 99
Trd, 4318303.693, 100
Trd, 4318303.743, 98
Trd, 4318311.243, 96
Trd, 4318314.293, 98
Trd, 4318317.643, 96
Trd, 4318319.043, 96
Trd, 4318321.343, 97
Trd, 4318321.693, 96
Trd, 4318323.943, 102
Trd, 4318325.193, 110
Trd, 4318326.093, 105
Trd, 4318327.543, 105
Trd, 4318331.543, 105
Trd, 4318331.943, 104
Trd, 4318331.993, 105
Trd, 4318333.243, 104
Trd, 4318335.843, 107
Trd, 4318340.193, 102
Trd, 4318343.393, 103
Trd, 4318346.393, 102
Trd, 4318349.193, 105
Trd, 4318350.943, 103
Trd, 4318351.993, 102
Trd, 4318353.393, 103
Trd, 4318353.643, 104
Trd, 4318355.093, 102
Trd, 4318357.393, 101
Trd, 4318357.743, 104
Trd, 4318360.943, 99
Trd, 4318362.993, 100
Trd, 4318365.143, 100
Trd, 4318367.793, 99
Trd, 4318368.343, 99
Trd, 4318368.493, 100
Trd, 4318368.843, 104
Trd, 4318370.893, 99
Trd, 4318376.543, 98
Trd, 4318377.593, 104
Trd, 4318378.043, 97
Trd, 4318379.543, 104
Trd, 4318380.043, 109
Trd, 4318381.693, 106
Trd, 4318382.093, 106
Trd, 4318384.793, 102
Trd, 4318385.343, 106
Trd, 4318386.993, 130
Trd, 4318388.693, 120
Trd, 4318390.243, 107
Trd, 4318390.843, 111
Trd, 4318391.293, 121
Trd, 4318395.343, 101
Trd, 4318398.943, 109
Trd, 4318400.093, 109
Trd, 4318408.793, 108
Trd, 4318411.293, 109
Trd, 4318414.943, 109
Trd, 4318414.993, 103
Trd, 4318421.193, 105
Trd, 4318421.843, 108
Trd, 4318426.493, 104
Trd, 4318430.143, 103
Trd, 4318433.393, 103
Trd, 4318435.093, 102
Trd, 4318435.193, 106
Trd, 4318435.343, 106
Trd, 4318438.143, 101
Trd, 4318439.393, 105
Trd, 4318441.843, 101
Trd, 4318441.993, 105
Trd, 4318442.543, 106
Trd, 4318449.593, 102
Trd, 4318451.543, 102
Trd, 4318453.243, 100
Trd, 4318453.393, 104
Trd, 4318456.043, 99
Trd, 4318457.293, 103
Trd, 4318459.243, 104
Trd, 4318465.693, 104
Trd, 4318468.993, 101
Trd, 4318469.343, 103
Trd, 4318469.843, 104
Trd, 4318470.493, 100
Trd, 4318475.043, 103
Trd, 4318477.293, 103
Trd, 4318477.993, 101
Trd, 4318478.293, 104
Trd, 4318479.443, 100
Trd, 4318479.793, 104
Trd, 4318480.093, 99
Trd, 4318481.843, 104
Trd, 4318484.943, 98
Trd, 4318487.943, 101
Trd, 4318488.543, 104
Trd, 4318488.943, 100
Trd, 4318490.093, 101
Trd, 4318491.893, 99
Trd, 4318496.593, 101
Trd, 4318501.593, 100
Trd, 4318503.443, 102
Trd, 4318504.543, 99
Trd, 4318504.793, 98
Trd, 4318506.943, 102
Trd, 4318508.593, 101
Trd, 4318509.993, 101
Trd, 4318511.193, 104
Trd, 4318514.293, 112
Trd, 4318514.543, 112
Trd, 4318517.143, 106
Trd, 4318518.143, 111
Trd, 4318519.743, 108
Trd, 4318524.443, 108
Trd, 4318524.643, 109
Trd, 4318525.193, 103
Trd, 4318527.943, 108
Trd, 4318528.993, 106
Trd, 4318533.843, 106
Trd, 4318534.093, 108
Trd, 4318536.493, 105
Trd, 4318537.093, 104
Trd, 4318540.993, 106
Trd, 4318541.893, 103
Trd, 4318548.493, 104
Trd, 4318548.993, 104
Trd, 4318549.543, 103
Trd, 4318549.843, 102
Trd, 4318553.243, 101
Trd, 4318553.893, 85
Trd, 4318554.443, 87
Trd, 4318555.393, 72
Trd, 4318556.193, 85
Trd, 4318558.393, 88
Trd, 4318561.593, 104
Trd, 4318564.593, 95
Trd, 4318567.243, 99
Trd, 4318569.893, 94
Trd, 4318570.643, 97
Trd, 4318571.593, 93
Trd, 4318571.743, 97
Trd, 4318575.043, 93
Trd, 4318578.643, 93
Trd, 4318579.143, 96
Trd, 4318579.443, 96
Trd, 4318582.693, 96
Trd, 4318582.793, 104
Trd, 4318586.443, 104
Trd, 4318589.743, 101
Trd, 4318589.893, 103
Trd, 4318593.493, 99
Trd, 4318595.843, 100
Trd, 4318598.693, 99
Trd, 4318602.093, 100
Trd, 4318602.343, 100
Trd, 4318607.643, 98
Trd, 4318609.843, 99
Trd, 4318610.843, 98
Trd, 4318614.643, 100
Trd, 4318615.793, 98
Trd, 4318615.993, 98
Trd, 4318618.693, 97
Trd, 4318620.043, 96
Trd, 4318623.293, 97
Trd, 4318623.893, 95
Trd, 4318627.943, 97
Trd, 4318629.393, 94
Trd, 4318629.743, 93
Trd, 4318633.993, 97
Trd, 4318635.343, 96
Trd, 4318640.243, 97
Trd, 4318641.693, 96
Trd, 4318644.893, 97
Trd, 4318645.243, 97
Trd, 4318649.493, 95
Trd, 4318655.343, 97
Trd, 4318656.943, 94
Trd, 4318658.793, 97
Trd, 4318658.843, 94
Trd, 4318660.043, 95
Trd, 4318661.543, 98
Trd, 4318663.143, 94
Trd, 4318664.243, 98
Trd, 4318666.443, 99
Trd, 4318667.093, 97
Trd, 4318667.643, 95
Trd, 4318674.693, 100
Trd, 4318675.793, 102
Trd, 4318682.593, 99
Trd, 4318683.343, 97
Trd, 4318683.843, 99
Trd, 4318687.343, 97
Trd, 4318688.293, 96
Trd, 4318690.843, 99
Trd, 4318692.193, 97
Trd, 4318692.943, 96
Trd, 4318699.243, 95
Trd, 4318699.593, 95
Trd, 4318702.593, 98
Trd, 4318702.793, 94
Trd, 4318708.743, 97
Trd, 4318709.943, 98
Trd, 4318712.743, 93
Trd, 4318713.393, 97
Trd, 4318716.793, 92
Trd, 4318718.143, 96
Trd, 4318720.443, 97
Trd, 4318723.843, 97
Trd, 4318725.793, 94
Trd, 4318729.493, 93
Trd, 4318731.543, 96
Trd, 4318731.593, 94
Trd, 4318732.893, 96
Trd, 4318734.593, 96
Trd, 4318734.693, 95
Trd, 4318735.843, 97
Trd, 4318740.793, 97
Trd, 4318741.193, 95
Trd, 4318744.843, 94
Trd, 4318745.393, 97
Trd, 4318747.943, 99
Trd, 4318748.593, 104
Trd, 4318748.743, 98
Trd, 4318750.543, 101
Trd, 4318750.993, 97
Trd, 4318754.593, 106
Trd, 4318754.643, 102
Trd, 4318758.793, 103
Trd, 4318758.893, 102
Trd, 4318759.343, 104
Trd, 4318764.343, 101
Trd, 4318764.593, 102
Trd, 4318768.443, 104
Trd, 4318774.393, 100
Trd, 4318774.943, 104
Trd, 4318776.043, 104
Trd, 4318776.443, 105
Trd, 4318779.193, 105
Trd, 4318782.893, 105
Trd, 4318788.043, 105
Trd, 4318789.493, 105
Trd, 4318792.493, 103
Trd, 4318794.793, 105
Trd, 4318796.293, 106
Trd, 4318799.843, 106
Trd, 4318800.143, 103
Trd, 4318802.393, 103
Trd, 4318803.443, 104
Trd, 4318806.543, 104
Trd, 4318807.643, 102
Trd, 4318811.243, 101
Trd, 4318815.043, 103
Trd, 4318815.093, 101
Trd, 4318815.343, 100
Trd, 4318815.793, 100
Trd, 4318817.293, 113
Trd, 4318817.343, 110
Trd, 4318819.193, 105
Trd, 4318820.843, 107
Trd, 4318821.043, 101
Trd, 4318822.893, 113
Trd, 4318823.393, 85
Trd, 4318826.193, 105
Trd, 4318827.343, 103
Trd, 4318828.543, 102
Trd, 4318830.743, 101
Trd, 4318831.243, 104
Trd, 4318835.143, 104
Trd, 4318836.593, 100
Trd, 4318837.643, 84
Trd, 4318837.943, 104
Trd, 4318841.843, 103
Trd, 4318842.493, 95
Trd, 4318843.343, 102
Trd, 4318844.643, 102
Trd, 4318846.343, 94
Trd, 4318847.343, 93
Trd, 4318849.443, 101
Trd, 4318850.693, 92
Trd, 4318851.993, 102
Trd, 4318857.693, 99
Trd, 4318858.243, 95
Trd, 4318860.793, 93
Trd, 4318864.743, 96
Trd, 4318866.693, 96
Trd, 4318869.043, 95
Trd, 4318871.143, 96
Trd, 4318873.493, 95
Trd, 4318876.693, 96
Trd, 4318879.543, 94
Trd, 4318879.743, 94
Trd, 4318880.493, 95
Trd, 4318881.493, 98
Trd, 4318882.943, 96
Trd, 4318886.343, 97
Trd, 4318886.843, 104
Trd, 4318887.893, 98
Trd, 4318888.593, 97
Trd, 4318893.143, 100
Trd, 4318894.443, 101
Trd, 4318895.493, 98
Trd, 4318899.593, 100
Trd, 4318900.793, 97
Trd, 4318902.993, 101
Trd, 4318904.793, 104
Trd, 4318912.593, 99
Trd, 4318912.743, 99
Trd, 4318913.943, 101
Trd, 4318914.893, 85
Trd, 4318917.293, 104
Trd, 4318921.493, 94
Trd, 4318922.593, 95
Trd, 4318923.143, 93
Trd, 4318924.843, 93
Trd, 4318927.793, 96
Trd, 4318929.743, 95
Trd, 4318933.043, 95
Trd, 4318939.493, 95
Trd, 4318939.743, 95
Trd, 4318941.393, 95
Trd, 4318941.743, 94
Trd, 4318942.643, 104
Trd, 4318944.193, 102
Trd, 4318946.343, 92
Trd, 4318949.193, 102
Trd, 4318949.493, 104
Trd, 4318951.443, 94
Trd, 4318952.443, 94
Trd, 4318953.893, 101
Trd, 4318954.843, 103
Trd, 4318955.943, 104
Trd, 4318956.143, 108
Trd, 4318959.093, 112
Trd, 4318960.143, 112
Trd, 4318961.193, 107
Trd, 4318962.443, 100
Trd, 4318962.943, 97
Trd, 4318963.543, 96
Trd, 4318964.793, 100
Trd, 4318966.143, 111
Trd, 4318967.593, 102
Trd, 4318975.143, 106
Trd, 4318976.243, 103
Trd, 4318976.343, 106
Trd, 4318982.543, 102
Trd, 4318983.943, 102
Trd, 4318984.793, 105
Trd, 4318987.793, 101
Trd, 4318991.593, 103
Trd, 4318993.593, 102
Trd, 4318993.743, 100
Trd, 4318995.943, 126
Trd, 4318997.743, 103
Trd, 4318997.993, 100
Trd, 4319000.643, 103
Trd, 4319007.393, 101
Trd, 4319009.943, 102
Trd, 4319011.243, 98
Trd, 4319012.343, 97
Trd, 4319013.193, 103
Trd, 4319015.643, 104
Trd, 4319016.543, 101
Trd, 4319018.743, 104
Trd, 4319021.943, 104
Trd, 4319022.093, 101
Trd, 4319027.043, 103
Trd, 4319027.993, 101
Trd, 4319030.443, 100
Trd, 4319037.993, 102
Trd, 4319042.243, 98
Trd, 4319043.793, 101
Trd, 4319044.993, 99
Trd, 4319048.393, 101
Trd, 4319051.193, 99
Trd, 4319051.793, 101
Trd, 4319052.843, 98
Trd, 4319056.643, 97
Trd, 4319057.243, 97
Trd, 4319057.393, 102
Trd, 4319058.393, 102
Trd, 4319061.243, 104
Trd, 4319061.843, 97
Trd, 4319066.393, 97
Trd, 4319069.393, 103
Trd, 4319069.493, 97
Trd, 4319070.093, 104
Trd, 4319071.443, 96
Trd, 4319073.343, 104
Trd, 4319074.143, 102
Trd, 4319074.643, 100
Trd, 4319076.043, 104
Trd, 4319078.293, 100
Trd, 4319079.593, 99
Trd, 4319081.693, 104
Trd, 4319086.143, 98
Trd, 4319087.893, 101
Trd, 4319088.093, 104
Trd, 4319090.443, 106
Trd, 4319091.743, 110
Trd, 4319091.943, 105
Trd, 4319092.593, 103
Trd, 4319094.493, 105
Trd, 4319095.393, 102
Trd, 4319096.343, 104
Trd, 4319109.193, 103
Trd, 4319109.643, 102
Trd, 4319111.793, 102
Trd, 4319111.943, 101
Trd, 4319115.893, 103
Trd, 4319117.693, 100
Trd, 4319118.393, 99
Trd, 4319118.743, 104
Trd, 4319119.393, 99
Trd, 4319121.293, 95
Trd, 4319121.643, 85
Trd, 4319122.793, 94
Trd, 4319123.193, 90
Trd, 4319124.893, 96
Trd, 4319125.493, 96
Trd, 4319126.943, 100
Trd, 4319127.593, 104
Trd, 4319128.693, 98
Trd, 4319132.343, 99
Trd, 4319135.543, 89
Trd, 4319136.343, 96
Trd, 4319137.243, 118
Trd, 4319137.643, 97
Trd, 4319139.193, 95
Trd, 4319141.743, 100
Trd, 4319146.493, 99
Trd, 4319147.593, 99
Trd, 4319148.143, 98
Trd, 4319149.043, 97
Trd, 4319152.943, 104
Trd, 4319155.693, 96
Trd, 4319157.343, 96
Trd, 4319160.193, 96
Trd, 4319160.443, 101
Trd, 4319160.743, 95
Trd, 4319162.093, 99
Trd, 4319162.993, 96
Trd, 4319164.793, 110
Trd, 4319165.893, 104
Trd, 4319168.343, 126
Trd, 4319169.543, 104
Trd, 4319170.593, 107
Trd, 4319170.843, 102
Trd, 4319171.943, 101
Trd, 4319173.643, 102
Trd, 4319174.493, 104
Trd, 4319181.043, 101
Trd, 4319182.293, 103
Trd, 4319182.543, 103
Trd, 4319183.893, 100
Trd, 4319186.543, 104
Trd, 4319187.093, 99
Trd, 4319188.943, 104
Trd, 4319190.843, 104
Trd, 4319191.293, 130
Trd, 4319192.493, 85
Trd, 4319194.693, 105
Trd, 4319195.893, 113
Trd, 4319197.093, 110
Trd, 4319197.843, 117
Trd, 4319198.243, 103
Trd, 4319205.143, 111
Trd, 4319207.093, 106
Trd, 4319208.393, 110
Trd, 4319211.093, 106
Trd, 4319212.293, 106
Trd, 4319215.243, 106
Trd, 4319215.943, 108
Trd, 4319220.043, 108
Trd, 4319220.593, 105
Trd, 4319220.993, 105
Trd, 4319223.243, 107
Trd, 4319224.743, 105
Trd, 4319228.443, 103
Trd, 4319228.993, 93
Trd, 4319230.643, 100
Trd, 4319231.343, 103
Trd, 4319233.193, 100
Trd, 4319233.393, 103
Trd, 4319234.093, 99
Trd, 4319238.693, 103
Trd, 4319241.093, 98
Trd, 4319242.343, 104
Trd, 4319246.443, 97
Trd, 4319251.493, 97
Trd, 4319252.493, 104
Trd, 4319253.543, 103
Trd, 4319259.393, 104
Trd, 4319260.093, 104
Trd, 4319261.993, 98
Trd, 4319263.993, 97
Trd, 4319267.493, 97
Trd, 4319268.443, 100
Trd, 4319269.193, 96
Trd, 4319270.943, 99
Trd, 4319271.643, 104
Trd, 4319272.393, 97
Trd, 4319272.993, 104
Trd, 4319274.893, 103
Trd, 4319276.043, 104
Trd, 4319279.443, 115
Trd, 4319280.293, 105
Trd, 4319281.843, 104
Trd, 4319281.893, 104
Trd, 4319283.743, 103
Trd, 4319283.843, 105
Trd, 4319284.243, 84
Trd, 4319286.693, 97
Trd, 4319287.743, 98
Trd, 4319289.293, 97
Trd, 4319289.743, 98
Trd, 4319292.843, 98
Trd, 4319293.793, 96
Trd, 4319301.893, 98
Trd, 4319303.193, 98
Trd, 4319304.043, 112
Trd, 4319304.543, 113
Trd, 4319306.893, 112
Trd, 4319307.743, 111
Trd, 4319310.543, 111
Trd, 4319312.043, 109
Trd, 4319312.393, 103
Trd, 4319315.693, 102
Trd, 4319319.093, 106
Trd, 4319319.143, 103
Trd, 4319324.943, 102
Trd, 4319325.843, 101
Trd, 4319330.743, 104
Trd, 4319332.343, 100
Trd, 4319334.593, 101
Trd, 4319335.343, 100
Trd, 4319336.293, 99
Trd, 4319337.793, 104
Trd, 4319341.993, 101
Trd, 4319342.993, 101
Trd, 4319344.193, 99
Trd, 4319346.193, 99
Trd, 4319347.543, 100
Trd, 4319347.843, 101
Trd, 4319348.593, 104
Trd, 4319349.343, 100
Trd, 4319353.243, 104
Trd, 4319353.743, 113
Trd, 4319355.543, 105
Trd, 4319355.693, 105
Trd, 4319359.243, 106
Trd, 4319359.843, 109
Trd, 4319361.593, 120
Trd, 4319363.643, 108
Trd, 4319365.543, 103
Trd, 4319365.743, 104
Trd, 4319366.493, 104
Trd, 4319366.893, 103
Trd, 4319370.793, 103
Trd, 4319370.993, 101
Trd, 4319371.593, 104
Trd, 4319372.343, 104
Trd, 4319375.993, 101
Trd, 4319377.393, 103
Trd, 4319379.943, 101
Trd, 4319380.793, 100
Trd, 4319381.643, 102
Trd, 4319383.143, 101
Trd, 4319386.743, 101
Trd, 4319389.343, 102
Trd, 4319393.293, 100
Trd, 4319393.943, 99
Trd, 4319394.693, 102
Trd, 4319394.993, 98
Trd, 4319395.743, 96
Trd, 4319396.893, 97
Trd, 4319400.993, 113
Trd, 4319401.193, 73
Trd, 4319402.943, 101
Trd, 4319405.193, 101
Trd, 4319407.593, 100
Trd, 4319411.243, 101
Trd, 4319412.843, 101
Trd, 4319414.093, 103
Trd, 4319414.693, 99
Trd, 4319416.343, 104
Trd, 4319417.693, 98
Trd, 4319418.343, 99
Trd, 4319421.193, 104
Trd, 4319425.743, 97
Trd, 4319426.693, 100
Trd, 4319429.293, 99
Trd, 4319430.143, 95
Trd, 4319431.343, 104
Trd, 4319432.143, 95
Trd, 4319432.843, 96
Trd, 4319434.443, 103
Trd, 4319437.143, 104
Trd, 4319437.693, 105
Trd, 4319443.893, 98
Trd, 4319444.193, 101
Trd, 4319446.693, 100
Trd, 4319449.193, 99
Trd, 4319450.143, 98
Trd, 4319450.543, 97
Trd, 4319451.893, 97
Trd, 4319451.943, 104
Trd, 4319454.493, 103
Trd, 4319456.643, 102
Trd, 4319459.993, 102
Trd, 4319461.643, 101
Trd, 4319463.943, 102
Trd, 4319464.693, 102
Trd, 4319465.293, 100
Trd, 4319467.043, 99
Trd, 4319469.393, 99
Trd, 4319470.593, 101
Trd, 4319474.443, 101
Trd, 4319474.593, 98
Trd, 4319475.893, 97
Trd, 4319475.993, 101
Trd, 4319477.793, 96
Trd, 4319478.143, 104
Trd, 4319480.943, 98
Trd, 4319481.193, 97
Trd, 4319482.543, 95
Trd, 4319482.993, 103
Trd, 4319487.793, 101
Trd, 4319488.943, 95
Trd, 4319489.543, 95
Trd, 4319489.743, 104
Trd, 4319491.343, 96
Trd, 4319494.293, 98
Trd, 4319496.543, 104
Trd, 4319500.093, 101
Trd, 4319500.943, 101
Trd, 4319501.343, 96
Trd, 4319511.843, 96
Trd, 4319512.393, 95
Trd, 4319512.693, 95
Trd, 4319513.493, 95
Trd, 4319515.293, 104
Trd, 4319516.893, 101
Trd, 4319517.993, 104
Trd, 4319518.193, 120
Trd, 4319518.943, 99
Trd, 4319522.943, 106
Trd, 4319525.843, 107
Trd, 4319526.243, 103
Trd, 4319526.443, 108
Trd, 4319529.493, 108
Trd, 4319531.193, 103
Trd, 4319533.043, 102
Trd, 4319533.393, 104
Trd, 4319533.793, 102
Trd, 4319536.993, 102
Trd, 4319538.543, 102
Trd, 4319539.543, 104
Trd, 4319542.493, 104
Trd, 4319542.593, 104
Trd, 4319542.693, 101
Trd, 4319546.843, 102
Trd, 4319550.593, 101
Trd, 4319553.943, 102
Trd, 4319556.993, 100
Trd, 4319557.293, 102
Trd, 4319558.743, 102
Trd, 4319559.443, 99
Trd, 4319562.993, 97
Trd, 4319563.093, 103
Trd, 4319566.643, 103
Trd, 4319567.743, 100
Trd, 4319569.643, 103
Trd, 4319570.843, 99
Trd, 4319571.643, 99
Trd, 4319573.293, 97
Trd, 4319573.843, 103
Trd, 4319574.393, 97
Trd, 4319576.093, 104
Trd, 4319580.393, 102
Trd, 4319581.493, 99
Trd, 4319582.093, 103
Trd, 4319583.993, 98
Trd, 4319585.243, 104
Trd, 4319589.293, 98
Trd, 4319590.443, 98
Trd, 4319592.743, 114
Trd, 4319593.243, 111
Trd, 4319594.393, 103
Trd, 4319595.493, 105
Trd, 4319595.793, 119
Trd, 4319596.793, 105
Trd, 4319601.693, 103
Trd, 4319602.343, 107
Trd, 4319602.943, 108
Trd, 4319603.443, 103
Trd, 4319604.693, 103
Trd, 4319606.293, 103
Trd, 4319609.493, 101
Trd, 4319611.243, 100
Trd, 4319613.493, 92
Trd, 4319615.393, 99
Trd, 4319615.693, 99
Trd, 4319619.243, 104
Trd, 4319620.143, 103
Trd, 4319621.393, 108
Trd, 4319623.343, 104
Trd, 4319624.393, 104
Trd, 4319624.843, 103
Trd, 4319625.693, 104
Trd, 4319628.093, 98
Trd, 4319628.843, 104
Trd, 4319632.493, 99
Trd, 4319633.193, 100
Trd, 4319634.793, 101
Trd, 4319635.943, 103
Trd, 4319636.043, 99
Trd, 4319637.093, 97
Trd, 4319642.343, 101
Trd, 4319642.993, 102
Trd, 4319644.293, 98
Trd, 4319647.143, 103
Trd, 4319648.643, 99
Trd, 4319649.593, 104
Trd, 4319650.993, 106
Trd, 4319652.593, 98
Trd, 4319653.693, 104
Trd, 4319656.043, 97
Trd, 4319657.693, 97
Trd, 4319659.093, 96
Trd, 4319660.043, 100
Trd, 4319662.993, 97
Trd, 4319663.643, 96
Trd, 4319663.993, 96
Trd, 4319665.693, 95
Trd, 4319668.543, 96
Trd, 4319669.143, 96
Trd, 4319670.793, 96
Trd, 4319673.243, 95
Trd, 4319678.843, 97
Trd, 4319680.493, 97
Trd, 4319680.543, 94
Trd, 4319683.243, 96
Trd, 4319688.493, 93
Trd, 4319688.943, 96
Trd, 4319689.343, 95
Trd, 4319689.543, 92
Trd, 4319689.593, 92
Trd, 4319692.843, 95
Trd, 4319692.943, 91
Trd, 4319695.393, 98
Trd, 4319697.543, 98
Trd, 4319697.593, 104
Trd, 4319699.393, 98
Trd, 4319706.143, 101
Trd, 4319706.643, 98
Trd, 4319708.693, 97
Trd, 4319709.643, 101
Trd, 4319710.293, 102
Trd, 4319714.943, 96
Trd, 4319719.643, 100
Trd, 4319720.493, 112
Trd, 4319721.193, 113
Trd, 4319722.193, 109
Trd, 4319724.443, 127
Trd, 4319725.643, 120
Trd, 4319726.443, 116
Trd, 4319727.993, 111
Trd, 4319728.993, 112
Trd, 4319730.643, 113
Trd, 4319730.743, 110
Trd, 4319731.843, 90
Trd, 4319732.493, 97
Trd, 4319733.943, 98
Trd, 4319740.043, 98
Trd, 4319740.493, 104
Trd, 4319741.693, 101
Trd, 4319744.593, 102
Trd, 4319745.743, 99
Trd, 4319752.043, 100
Trd, 4319755.543, 98
Trd, 4319759.043, 100
Trd, 4319762.443, 99
Trd, 4319769.143, 99
Trd, 4319774.793, 98
Trd, 4319774.943, 99
Trd, 4319777.243, 97
Trd, 4319781.343, 98
Trd, 4319781.543, 97
Trd, 4319784.493, 98
Trd, 4319785.993, 96
Trd, 4319788.343, 95
Trd, 4319791.593, 97
Trd, 4319792.443, 96
Trd, 4319793.143, 96
Trd, 4319793.443, 98
Trd, 4319793.893, 94
Trd, 4319797.343, 97
Trd, 4319797.993, 99
Trd, 4319801.643, 99
Trd, 4319803.693, 98
Trd, 4319806.193, 97
Trd, 4319807.343, 100
Trd, 4319809.193, 99
Trd, 4319813.493, 96
Trd, 4319813.643, 96
Trd, 4319817.093, 95
Trd, 4319818.043, 97
Trd, 4319820.343, 96
Trd, 4319822.393, 97
Trd, 4319828.043, 97
Trd, 4319828.643, 99
Trd, 4319833.343, 94
Trd, 4319834.543, 94
Trd, 4319838.193, 97
Trd, 4319843.043, 96
Trd, 4319844.043, 97
Trd, 4319846.693, 98
Trd, 4319847.843, 94
Trd, 4319848.393, 94
Trd, 4319849.893, 98
Trd, 4319850.393, 99
Trd, 4319852.893, 97
Trd, 4319853.293, 103
Trd, 4319853.593, 104
Trd, 4319854.993, 96
Trd, 4319855.443, 91
Trd, 4319859.693, 92
Trd, 4319863.243, 95
Trd, 4319864.243, 95
Trd, 4319864.693, 100
Trd, 4319866.493, 104
Trd, 4319872.643, 96
Trd, 4319874.143, 100
Trd, 4319874.443, 100
Trd, 4319875.593, 95
Trd, 4319876.393, 95
Trd, 4319877.043, 104
Trd, 4319878.193, 102
Trd, 4319881.593, 100
Trd, 4319883.193, 100
Trd, 4319888.943, 99
Trd, 4319889.643, 100
Trd, 4319890.593, 98
Trd, 4319891.943, 99
Trd, 4319895.143, 99
Trd, 4319895.443, 97
Trd, 4319896.243, 100
Trd, 4319899.343, 96
Trd, 4319899.393, 95
Trd, 4319900.343, 104
Trd, 4319904.143, 102
Trd, 4319905.543, 103
Trd, 4319906.693, 101
Trd, 4319913.893, 103
Trd, 4319916.843, 100
Trd, 4319917.243, 102
Trd, 4319917.943, 99
Trd, 4319918.943, 102
Trd, 4319921.193, 99
Trd, 4319921.843, 98
Trd, 4319922.043, 104
Trd, 4319925.843, 98
Trd, 4319926.293, 105
Trd, 4319928.493, 105
Trd, 4319929.543, 105
Trd, 4319929.993, 98
Trd, 4319930.993, 104
Trd, 4319936.493, 102
Trd, 4319940.343, 104
Trd, 4319944.343, 101
Trd, 4319945.443, 100
Trd, 4319947.993, 104
Trd, 4319951.293, 104
Trd, 4319951.693, 104
Trd, 4319952.693, 101
Trd, 4319956.893, 104
Trd, 4319957.693, 98
Trd, 4319959.743, 99
Trd, 4319960.693, 87
Trd, 4319962.143, 104
Trd, 4319963.343, 119
Trd, 4319963.543, 118
Trd, 4319964.743, 115
Trd, 4319965.293, 118
Trd, 4319968.143, 114
Trd, 4319969.893, 113
Trd, 4319971.093, 112
Trd, 4319971.793, 106
Trd, 4319971.993, 102
Trd, 4319973.543, 104
Trd, 4319974.443, 103
Trd, 4319974.543, 101
Trd, 4319978.143, 101
Trd, 4319978.993, 105
Trd, 4319980.793, 104
Trd, 4319981.843, 104
Trd, 4319983.843, 103
Trd, 4319985.493, 104
Trd, 4319985.893, 101
Trd, 4319986.893, 104
Trd, 4319989.343, 105
Trd, 4319990.543, 104
Trd, 4319991.893, 104
Trd, 4319993.093, 103
Trd, 4319996.843, 102
Trd, 4319998.343, 101
Trd, 4319999.693, 105
