Trd, 4317964.043, 95
Trd, 4317965.043, 115
Trd, 4317966.843, 89
Trd, 4317967.443, 89
Trd, 4317968.943, 98
Trd, 4317969.093, 88
Trd, 4317969.743, 98
Trd, 4317970.793, 104
Trd, 4317972.093, 86
Trd, 4317972.593, 77
Trd, 4317972.893, 92
Trd, 4317973.693, 115
Trd, 4317974.693, 66
Trd, 4317977.843, 103
Trd, 4317977.943, 121
Trd, 4317979.643, 113
Trd, 4317980.743, 93
Trd, 4317981.043, 92
Trd, 4317983.043, 109
Trd, 4317983.093, 117
Trd, 4317983.393, 98
Trd, 4317983.543, 95
Trd, 4317983.893, 77
Trd, 4317987.643, 104
Trd, 4317989.643, 93
Trd, 4317990.093, 92
Trd, 4317990.293, 68
Trd, 4317991.543, 100
Trd, 4317992.843, 82
Trd, 4317993.143, 101
Trd, 4317993.293, 80
Trd, 4317994.893, 101
Trd, 4317995.243, 102
Trd, 4317996.043, 89
Trd, 4317997.143, 87
Trd, 4317998.843, 88
Trd, 4317999.643, 88
Trd, 4318001.343, 84
Trd, 4318002.693, 114
Trd, 4318003.643, 121
Trd, 4318004.393, 92
Trd, 4318005.493, 83
Trd, 4318006.543, 88
Trd, 4318006.643, 89
Trd, 4318008.143, 86
Trd, 4318009.443, 89
Trd, 4318009.993, 96
Trd, 4318010.243, 87
Trd, 4318011.143, 94
Trd, 4318013.093, 88
Trd, 4318013.193, 95
Trd, 4318014.993, 95
Trd, 4318016.543, 88
Trd, 4318016.793, 87
Trd, 4318017.693, 95
Trd, 4318018.193, 87
Trd, 4318019.793, 87
Trd, 4318019.893, 96
Trd, 4318021.293, 86
Trd, 4318023.093, 96
Trd, 4318025.443, 92
Trd, 4318025.743, 90
Trd, 4318026.643, 86
Trd, 4318026.743, 86
Trd, 4318028.243, 85
Trd, 4318028.343, 85
Trd, 4318030.543, 86
Trd, 4318030.893, 91
Trd, 4318031.093, 96
Trd, 4318032.893, 115
Trd, 4318033.243, 89
Trd, 4318035.993, 88
Trd, 4318036.993, 95
Trd, 4318038.043, 90
Trd, 4318038.243, 98
Trd, 4318038.643, 90
Trd, 4318039.493, 98
Trd, 4318041.193, 93
Trd, 4318043.743, 97
Trd, 4318044.443, 91
Trd, 4318045.693, 96
Trd, 4318046.693, 91
Trd, 4318047.593, 90
Trd, 4318047.893, 90
Trd, 4318047.993, 77
Trd, 4318049.193, 88
Trd, 4318051.943, 94
Trd, 4318053.243, 96
Trd, 4318053.993, 89
Trd, 4318054.043, 114
Trd, 4318054.443, 122
Trd, 4318056.093, 103
Trd, 4318057.993, 101
Trd, 4318058.393, 93
Trd, 4318058.993, 77
Trd, 4318060.193, 99
Trd, 4318061.043, 96
Trd, 4318061.743, 102
Trd, 4318062.143, 114
Trd, 4318064.543, 111
Trd, 4318066.143, 112
Trd, 4318066.393, 77
Trd, 4318067.143, 117
Trd, 4318068.443, 99
Trd, 4318070.143, 102
Trd, 4318070.343, 100
Trd, 4318071.243, 105
Trd, 4318071.293, 94
Trd, 4318072.993, 77
Trd, 4318073.393, 98
Trd, 4318073.543, 100
Trd, 4318076.893, 93
Trd, 4318077.393, 92
Trd, 4318080.343, 96
Trd, 4318081.093, 101
Trd, 4318081.193, 94
Trd, 4318082.243, 95
Trd, 4318082.593, 113
Trd, 4318083.343, 94
Trd, 4318085.343, 122
Trd, 4318087.043, 104
Trd, 4318087.243, 93
Trd, 4318089.493, 104
Trd, 4318090.143, 96
Trd, 4318090.943, 104
Trd, 4318091.293, 93
Trd, 4318092.843, 87
Trd, 4318093.293, 88
Trd, 4318093.693, 89
Trd, 4318095.493, 77
Trd, 4318096.193, 102
Trd, 4318097.093, 104
Trd, 4318098.093, 89
Trd, 4318098.793, 122
Trd, 4318099.993, 89
Trd, 4318100.293, 89
Trd, 4318101.943, 96
Trd, 4318102.293, 78
Trd, 4318103.493, 95
Trd, 4318104.693, 77
Trd, 4318105.793, 94
Trd, 4318106.093, 96
Trd, 4318107.193, 97
Trd, 4318107.643, 104
Trd, 4318107.943, 96
Trd, 4318108.843, 88
Trd, 4318110.693, 91
Trd, 4318111.743, 102
Trd, 4318112.043, 93
Trd, 4318112.093, 104
Trd, 4318114.593, 99
Trd, 4318116.393, 93
Trd, 4318116.743, 92
Trd, 4318117.743, 97
Trd, 4318117.943, 68
Trd, 4318119.243, 89
Trd, 4318119.543, 96
Trd, 4318122.893, 68
Trd, 4318123.343, 69
Trd, 4318124.543, 88
Trd, 4318126.943, 99
Trd, 4318127.143, 91
Trd, 4318127.393, 91
Trd, 4318127.793, 112
Trd, 4318128.243, 88
Trd, 4318129.843, 91
Trd, 4318130.043, 97
Trd, 4318130.893, 112
Trd, 4318133.093, 96
Trd, 4318133.493, 104
Trd, 4318134.593, 104
Trd, 4318135.193, 103
Trd, 4318135.843, 103
Trd, 4318136.693, 104
Trd, 4318137.893, 102
Trd, 4318138.043, 94
Trd, 4318138.293, 103
Trd, 4318139.443, 82
Trd, 4318140.393, 113
Trd, 4318141.293, 122
Trd, 4318143.043, 98
Trd, 4318143.593, 97
Trd, 4318143.943, 94
Trd, 4318146.693, 86
Trd, 4318147.043, 88
Trd, 4318147.893, 103
Trd, 4318148.443, 104
Trd, 4318148.743, 93
Trd, 4318150.143, 77
Trd, 4318150.643, 104
Trd, 4318151.793, 77
Trd, 4318153.193, 80
Trd, 4318154.743, 83
Trd, 4318156.043, 90
Trd, 4318157.193, 87
Trd, 4318158.143, 86
Trd, 4318159.593, 87
Trd, 4318159.793, 84
Trd, 4318160.693, 104
Trd, 4318161.443, 86
Trd, 4318161.893, 99
Trd, 4318162.293, 116
Trd, 4318162.593, 90
Trd, 4318163.543, 94
Trd, 4318166.893, 92
Trd, 4318166.993, 117
Trd, 4318167.843, 115
Trd, 4318168.093, 91
Trd, 4318169.793, 77
Trd, 4318170.193, 112
Trd, 4318170.443, 67
Trd, 4318172.093, 98
Trd, 4318173.093, 88
Trd, 4318174.793, 98
Trd, 4318176.893, 87
Trd, 4318178.143, 86
Trd, 4318178.293, 96
Trd, 4318178.843, 98
Trd, 4318179.493, 85
Trd, 4318181.143, 83
Trd, 4318181.193, 104
Trd, 4318182.943, 90
Trd, 4318183.793, 85
Trd, 4318186.843, 89
Trd, 4318187.193, 104
Trd, 4318188.393, 94
Trd, 4318188.893, 102
Trd, 4318190.193, 96
Trd, 4318191.593, 97
Trd, 4318192.243, 92
Trd, 4318193.443, 100
Trd, 4318193.543, 93
Trd, 4318193.893, 104
Trd, 4318196.393, 94
Trd, 4318198.593, 103
Trd, 4318199.243, 103
Trd, 4318199.893, 94
Trd, 4318200.143, 93
Trd, 4318201.093, 104
Trd, 4318203.443, 103
Trd, 4318204.593, 98
Trd, 4318205.043, 94
Trd, 4318205.093, 74
Trd, 4318206.443, 103
Trd, 4318207.143, 104
Trd, 4318207.243, 91
Trd, 4318207.593, 89
Trd, 4318210.593, 91
Trd, 4318211.093, 89
Trd, 4318212.693, 77
Trd, 4318213.193, 89
Trd, 4318214.593, 96
Trd, 4318216.243, 104
Trd, 4318216.543, 113
Trd, 4318217.293, 103
Trd, 4318217.543, 101
Trd, 4318219.343, 101
Trd, 4318219.593, 101
Trd, 4318222.843, 94
Trd, 4318223.293, 102
Trd, 4318225.643, 96
Trd, 4318226.043, 101
Trd, 4318227.043, 103
Trd, 4318227.443, 95
Trd, 4318229.193, 113
Trd, 4318229.893, 94
Trd, 4318230.193, 93
Trd, 4318231.493, 91
Trd, 4318232.593, 91
Trd, 4318235.393, 93
Trd, 4318235.443, 96
Trd, 4318235.843, 91
Trd, 4318236.493, 104
Trd, 4318237.993, 101
Trd, 4318238.143, 100
Trd, 4318238.343, 90
Trd, 4318240.993, 91
Trd, 4318242.243, 95
Trd, 4318242.343, 113
Trd, 4318242.393, 122
Trd, 4318242.643, 61
Trd, 4318243.843, 103
Trd, 4318244.543, 93
Trd, 4318244.893, 113
Trd, 4318246.743, 97
Trd, 4318247.043, 96
Trd, 4318248.893, 116
Trd, 4318249.593, 77
Trd, 4318250.693, 96
Trd, 4318251.593, 93
Trd, 4318252.593, 104
Trd, 4318253.043, 92
Trd, 4318254.743, 91
Trd, 4318256.043, 96
Trd, 4318258.043, 89
Trd, 4318258.443, 63
Trd, 4318259.243, 90
Trd, 4318259.543, 96
Trd, 4318259.893, 88
Trd, 4318260.543, 94
Trd, 4318262.443, 111
Trd, 4318264.543, 87
Trd, 4318266.443, 89
Trd, 4318266.593, 90
Trd, 4318266.893, 83
Trd, 4318267.343, 97
Trd, 4318270.443, 84
Trd, 4318270.643, 77
Trd, 4318273.393, 88
Trd, 4318274.443, 96
Trd, 4318274.743, 86
Trd, 4318275.393, 86
Trd, 4318276.493, 95
Trd, 4318277.093, 94
Trd, 4318278.093, 85
Trd, 4318279.043, 95
Trd, 4318279.643, 86
Trd, 4318281.343, 91
Trd, 4318285.193, 89
Trd, 4318286.393, 88
Trd, 4318287.043, 87
Trd, 4318289.543, 88
Trd, 4318290.193, 89
Trd, 4318291.543, 89
Trd, 4318292.893, 86
Trd, 4318294.493, 86
Trd, 4318294.993, 89
Trd, 4318295.993, 85
Trd, 4318296.243, 84
Trd, 4318300.593, 87
Trd, 4318300.893, 84
Trd, 4318301.693, 91
Trd, 4318302.143, 96
Trd, 4318303.043, 84
Trd, 4318303.293, 83
Trd, 4318306.693, 93
Trd, 4318306.793, 96
Trd, 4318307.193, 113
Trd, 4318308.143, 96
Trd, 4318309.393, 96
Trd, 4318310.843, 106
Trd, 4318311.043, 96
Trd, 4318312.543, 99
Trd, 4318312.793, 110
Trd, 4318313.793, 97
Trd, 4318315.393, 103
Trd, 4318316.243, 108
Trd, 4318317.193, 107
Trd, 4318317.293, 95
Trd, 4318318.093, 94
Trd, 4318318.443, 113
Trd, 4318321.343, 94
Trd, 4318321.393, 93
Trd, 4318322.443, 92
Trd, 4318323.093, 103
Trd, 4318323.193, 112
Trd, 4318324.743, 90
Trd, 4318324.893, 77
Trd, 4318327.143, 86
Trd, 4318327.993, 93
Trd, 4318330.043, 90
Trd, 4318330.143, 96
Trd, 4318330.293, 113
Trd, 4318331.293, 93
Trd, 4318331.393, 90
Trd, 4318334.043, 102
Trd, 4318335.393, 94
Trd, 4318336.693, 104
Trd, 4318337.893, 93
Trd, 4318338.043, 93
Trd, 4318339.993, 95
Trd, 4318340.343, 104
Trd, 4318340.893, 100
Trd, 4318341.243, 113
Trd, 4318341.843, 99
Trd, 4318345.293, 104
Trd, 4318345.593, 99
Trd, 4318346.243, 93
Trd, 4318347.043, 97
Trd, 4318347.743, 86
Trd, 4318348.743, 92
Trd, 4318349.143, 122
Trd, 4318349.443, 115
Trd, 4318351.793, 96
Trd, 4318352.093, 94
Trd, 4318352.193, 91
Trd, 4318354.743, 91
Trd, 4318356.993, 91
Trd, 4318357.443, 97
Trd, 4318357.643, 77
Trd, 4318358.993, 104
Trd, 4318361.893, 89
Trd, 4318362.093, 89
Trd, 4318362.693, 100
Trd, 4318363.593, 88
Trd, 4318364.543, 100
Trd, 4318364.593, 92
Trd, 4318366.693, 99
Trd, 4318367.643, 90
Trd, 4318368.443, 89
Trd, 4318369.693, 89
Trd, 4318370.143, 94
Trd, 4318370.193, 88
Trd, 4318372.743, 94
Trd, 4318373.143, 88
Trd, 4318375.093, 86
Trd, 4318375.443, 104
Trd, 4318377.993, 100
Trd, 4318378.543, 93
Trd, 4318378.893, 100
Trd, 4318379.043, 93
Trd, 4318380.643, 93
Trd, 4318380.993, 91
Trd, 4318382.543, 98
Trd, 4318383.343, 91
Trd, 4318384.343, 115
Trd, 4318384.493, 64
Trd, 4318387.693, 79
Trd, 4318388.043, 92
Trd, 4318388.193, 78
Trd, 4318388.393, 96
Trd, 4318389.793, 85
Trd, 4318390.293, 87
Trd, 4318390.793, 65
Trd, 4318391.693, 104
Trd, 4318392.693, 97
Trd, 4318394.193, 90
Trd, 4318395.093, 98
Trd, 4318397.243, 100
Trd, 4318397.393, 94
Trd, 4318399.643, 100
Trd, 4318401.693, 92
Trd, 4318402.543, 101
Trd, 4318403.393, 94
Trd, 4318404.393, 93
Trd, 4318406.393, 98
Trd, 4318408.343, 95
Trd, 4318408.943, 99
Trd, 4318409.143, 104
Trd, 4318409.543, 93
Trd, 4318409.943, 93
Trd, 4318411.393, 93
Trd, 4318411.543, 99
Trd, 4318412.743, 77
Trd, 4318413.543, 89
Trd, 4318416.393, 95
Trd, 4318416.543, 91
Trd, 4318416.843, 100
Trd, 4318417.393, 92
Trd, 4318419.543, 112
Trd, 4318420.543, 90
Trd, 4318420.943, 112
Trd, 4318420.993, 90
Trd, 4318423.843, 113
Trd, 4318425.143, 101
Trd, 4318425.493, 98
Trd, 4318427.643, 100
Trd, 4318429.343, 101
Trd, 4318429.443, 98
Trd, 4318429.893, 94
Trd, 4318431.743, 77
Trd, 4318431.943, 100
Trd, 4318433.393, 89
Trd, 4318434.093, 88
Trd, 4318435.943, 112
Trd, 4318437.143, 100
Trd, 4318438.893, 99
Trd, 4318438.943, 96
Trd, 4318439.293, 100
Trd, 4318440.793, 87
Trd, 4318441.993, 93
Trd, 4318442.943, 114
Trd, 4318443.243, 94
Trd, 4318444.093, 86
Trd, 4318444.993, 104
Trd, 4318446.293, 99
Trd, 4318447.293, 87
Trd, 4318447.493, 100
Trd, 4318447.893, 114
Trd, 4318448.943, 77
Trd, 4318449.143, 103
Trd, 4318449.543, 75
Trd, 4318451.943, 80
Trd, 4318455.143, 98
Trd, 4318455.243, 92
Trd, 4318456.193, 95
Trd, 4318456.293, 107
Trd, 4318457.993, 102
Trd, 4318458.193, 94
Trd, 4318458.543, 69
Trd, 4318460.793, 103
Trd, 4318462.093, 93
Trd, 4318462.493, 92
Trd, 4318463.743, 86
Trd, 4318465.643, 89
Trd, 4318465.693, 96
Trd, 4318465.993, 90
Trd, 4318466.793, 104
Trd, 4318467.693, 90
Trd, 4318469.843, 97
Trd, 4318470.593, 91
Trd, 4318470.793, 97
Trd, 4318470.893, 114
Trd, 4318471.793, 90
Trd, 4318472.193, 89
Trd, 4318474.093, 98
Trd, 4318474.743, 98
Trd, 4318475.943, 89
Trd, 4318477.043, 91
Trd, 4318477.293, 98
Trd, 4318478.243, 90
Trd, 4318479.693, 104
Trd, 4318482.943, 89
Trd, 4318483.443, 92
Trd, 4318484.343, 95
Trd, 4318485.293, 99
Trd, 4318485.343, 88
Trd, 4318488.093, 89
Trd, 4318488.693, 88
Trd, 4318491.093, 86
Trd, 4318491.993, 88
Trd, 4318492.293, 95
Trd, 4318492.493, 104
Trd, 4318492.843, 87
Trd, 4318493.443, 113
Trd, 4318495.393, 86
Trd, 4318496.493, 97
Trd, 4318497.993, 89
Trd, 4318498.193, 85
Trd, 4318498.543, 90
Trd, 4318499.543, 85
Trd, 4318501.143, 120
Trd, 4318503.643, 103
Trd, 4318504.543, 91
Trd, 4318504.993, 89
Trd, 4318505.443, 100
Trd, 4318508.043, 103
Trd, 4318509.393, 100
Trd, 4318509.743, 104
Trd, 4318510.193, 93
Trd, 4318511.143, 115
Trd, 4318511.293, 95
Trd, 4318511.643, 122
Trd, 4318512.093, 77
Trd, 4318513.843, 88
Trd, 4318515.493, 95
Trd, 4318516.393, 95
Trd, 4318517.493, 86
Trd, 4318517.743, 86
Trd, 4318517.943, 104
Trd, 4318519.643, 89
Trd, 4318520.343, 93
Trd, 4318521.193, 100
Trd, 4318522.093, 92
Trd, 4318524.993, 100
Trd, 4318525.493, 97
Trd, 4318526.793, 94
Trd, 4318528.043, 95
Trd, 4318528.593, 94
Trd, 4318529.643, 95
Trd, 4318530.643, 117
Trd, 4318531.993, 93
Trd, 4318532.943, 92
Trd, 4318533.843, 91
Trd, 4318534.543, 105
Trd, 4318535.643, 120
Trd, 4318536.793, 100
Trd, 4318537.293, 102
Trd, 4318537.993, 112
Trd, 4318538.343, 102
Trd, 4318538.743, 100
Trd, 4318540.443, 94
Trd, 4318541.593, 105
Trd, 4318542.343, 77
Trd, 4318543.543, 100
Trd, 4318545.193, 87
Trd, 4318546.393, 97
Trd, 4318547.493, 97
Trd, 4318548.593, 93
Trd, 4318548.943, 96
Trd, 4318549.993, 91
Trd, 4318550.993, 104
Trd, 4318551.743, 118
Trd, 4318552.193, 102
Trd, 4318553.943, 94
Trd, 4318554.293, 69
Trd, 4318555.043, 85
Trd, 4318555.143, 109
Trd, 4318556.843, 105
Trd, 4318559.593, 83
Trd, 4318560.693, 86
Trd, 4318560.743, 89
Trd, 4318562.193, 95
Trd, 4318562.343, 88
Trd, 4318563.243, 88
Trd, 4318563.843, 93
Trd, 4318563.943, 87
Trd, 4318565.043, 104
Trd, 4318565.493, 85
Trd, 4318566.993, 99
Trd, 4318567.243, 101
Trd, 4318569.443, 85
Trd, 4318570.443, 92
Trd, 4318570.793, 94
Trd, 4318571.043, 79
Trd, 4318573.143, 104
Trd, 4318573.693, 89
Trd, 4318574.643, 88
Trd, 4318575.943, 103
Trd, 4318578.393, 104
Trd, 4318579.143, 92
Trd, 4318580.643, 91
Trd, 4318581.043, 77
Trd, 4318581.543, 94
Trd, 4318581.643, 95
Trd, 4318582.643, 95
Trd, 4318583.293, 93
Trd, 4318583.893, 90
Trd, 4318584.393, 95
Trd, 4318587.893, 84
Trd, 4318588.443, 87
Trd, 4318588.743, 60
Trd, 4318589.343, 86
Trd, 4318591.543, 86
Trd, 4318592.543, 91
Trd, 4318594.343, 104
Trd, 4318594.843, 89
Trd, 4318595.293, 91
Trd, 4318596.893, 100
Trd, 4318598.093, 77
Trd, 4318600.543, 89
Trd, 4318600.593, 92
Trd, 4318602.693, 90
Trd, 4318603.743, 97
Trd, 4318604.293, 89
Trd, 4318604.343, 113
Trd, 4318604.493, 89
Trd, 4318605.193, 119
Trd, 4318608.243, 99
Trd, 4318609.593, 104
Trd, 4318609.843, 99
Trd, 4318609.893, 94
Trd, 4318610.093, 107
Trd, 4318611.543, 104
Trd, 4318612.943, 95
Trd, 4318614.343, 113
Trd, 4318614.493, 69
Trd, 4318615.143, 110
Trd, 4318616.093, 92
Trd, 4318618.743, 99
Trd, 4318619.593, 99
Trd, 4318619.643, 104
Trd, 4318620.143, 104
Trd, 4318622.843, 99
Trd, 4318623.943, 94
Trd, 4318624.043, 77
Trd, 4318624.393, 87
Trd, 4318625.393, 86
Trd, 4318625.943, 93
Trd, 4318626.693, 95
Trd, 4318628.293, 87
Trd, 4318628.743, 104
Trd, 4318631.093, 98
Trd, 4318632.743, 89
Trd, 4318633.093, 89
Trd, 4318633.993, 95
Trd, 4318635.493, 96
Trd, 4318636.893, 88
Trd, 4318639.093, 94
Trd, 4318639.243, 96
Trd, 4318639.343, 91
Trd, 4318639.743, 111
Trd, 4318642.093, 77
Trd, 4318642.493, 86
Trd, 4318644.893, 86
Trd, 4318645.043, 104
Trd, 4318645.593, 84
Trd, 4318646.443, 77
Trd, 4318647.543, 92
Trd, 4318649.043, 88
Trd, 4318649.843, 86
Trd, 4318651.343, 83
Trd, 4318654.393, 88
Trd, 4318654.443, 104
Trd, 4318654.943, 99
Trd, 4318655.393, 113
Trd, 4318656.693, 83
Trd, 4318658.193, 122
Trd, 4318658.643, 103
Trd, 4318660.443, 107
Trd, 4318660.893, 96
Trd, 4318661.843, 96
Trd, 4318662.993, 111
Trd, 4318664.993, 101
Trd, 4318666.893, 99
Trd, 4318667.793, 97
Trd, 4318667.843, 106
Trd, 4318669.843, 94
Trd, 4318669.893, 105
Trd, 4318670.843, 103
Trd, 4318671.793, 95
Trd, 4318671.843, 69
Trd, 4318673.693, 97
Trd, 4318674.093, 84
Trd, 4318675.943, 91
Trd, 4318677.193, 90
Trd, 4318677.743, 98
Trd, 4318679.393, 90
Trd, 4318680.343, 99
Trd, 4318680.493, 89
Trd, 4318681.093, 88
Trd, 4318681.643, 104
Trd, 4318683.343, 86
Trd, 4318684.193, 113
Trd, 4318686.393, 101
Trd, 4318687.743, 104
Trd, 4318688.343, 121
Trd, 4318690.243, 95
Trd, 4318690.943, 94
Trd, 4318691.193, 77
Trd, 4318691.243, 101
Trd, 4318693.093, 85
Trd, 4318694.093, 66
Trd, 4318695.943, 84
Trd, 4318697.543, 86
Trd, 4318697.893, 93
Trd, 4318698.993, 84
Trd, 4318700.193, 115
Trd, 4318701.393, 97
Trd, 4318701.493, 93
Trd, 4318701.843, 77
Trd, 4318705.993, 93
Trd, 4318706.343, 96
Trd, 4318706.543, 96
Trd, 4318707.193, 91
Trd, 4318707.943, 104
Trd, 4318709.193, 90
Trd, 4318709.443, 96
Trd, 4318711.943, 104
Trd, 4318712.793, 90
Trd, 4318712.843, 100
Trd, 4318714.243, 89
Trd, 4318715.793, 91
Trd, 4318716.243, 115
Trd, 4318718.343, 101
Trd, 4318720.293, 94
Trd, 4318721.343, 77
Trd, 4318722.143, 73
Trd, 4318722.543, 103
Trd, 4318723.243, 90
Trd, 4318725.443, 101
Trd, 4318726.843, 94
Trd, 4318727.243, 95
Trd, 4318728.543, 93
Trd, 4318729.593, 97
Trd, 4318730.543, 96
Trd, 4318731.193, 94
Trd, 4318731.293, 98
Trd, 4318731.693, 104
Trd, 4318732.093, 65
Trd, 4318734.893, 95
Trd, 4318736.093, 89
Trd, 4318736.943, 89
Trd, 4318737.043, 92
Trd, 4318737.293, 89
Trd, 4318737.993, 104
Trd, 4318738.893, 97
Trd, 4318741.393, 98
Trd, 4318741.843, 99
Trd, 4318742.243, 114
Trd, 4318742.893, 114
Trd, 4318743.593, 112
Trd, 4318743.993, 94
Trd, 4318746.443, 98
Trd, 4318747.743, 113
Trd, 4318748.843, 94
Trd, 4318749.443, 94
Trd, 4318750.743, 93
Trd, 4318751.843, 91
Trd, 4318753.243, 93
Trd, 4318754.493, 92
Trd, 4318754.693, 96
Trd, 4318755.993, 122
Trd, 4318756.343, 91
Trd, 4318757.293, 92
Trd, 4318758.593, 96
Trd, 4318759.543, 99
Trd, 4318761.143, 75
Trd, 4318761.243, 109
Trd, 4318761.543, 116
Trd, 4318762.493, 120
Trd, 4318763.643, 93
Trd, 4318764.043, 116
Trd, 4318764.843, 77
Trd, 4318765.993, 97
Trd, 4318767.093, 95
Trd, 4318767.343, 110
Trd, 4318767.993, 77
Trd, 4318769.393, 91
Trd, 4318770.893, 115
Trd, 4318771.343, 111
Trd, 4318772.043, 95
Trd, 4318774.143, 104
Trd, 4318774.343, 103
Trd, 4318774.893, 99
Trd, 4318775.743, 103
Trd, 4318775.943, 99
Trd, 4318777.643, 113
Trd, 4318777.793, 97
Trd, 4318777.843, 94
Trd, 4318778.943, 77
Trd, 4318780.093, 121
Trd, 4318780.493, 70
Trd, 4318782.693, 95
Trd, 4318783.093, 107
Trd, 4318783.543, 93
Trd, 4318785.243, 87
Trd, 4318785.593, 82
Trd, 4318786.593, 97
Trd, 4318787.843, 77
Trd, 4318788.043, 115
Trd, 4318789.693, 75
Trd, 4318792.043, 102
Trd, 4318792.593, 89
Trd, 4318793.043, 95
Trd, 4318795.643, 93
Trd, 4318796.843, 88
Trd, 4318796.943, 88
Trd, 4318797.243, 88
Trd, 4318797.743, 77
Trd, 4318797.893, 95
Trd, 4318801.443, 82
Trd, 4318801.743, 86
Trd, 4318802.343, 87
Trd, 4318803.393, 95
Trd, 4318803.893, 115
Trd, 4318805.293, 85
Trd, 4318805.493, 77
Trd, 4318806.043, 106
Trd, 4318807.093, 90
Trd, 4318809.993, 92
Trd, 4318810.093, 91
Trd, 4318810.643, 95
Trd, 4318812.093, 89
Trd, 4318812.143, 96
Trd, 4318813.543, 77
Trd, 4318814.243, 97
Trd, 4318815.143, 90
Trd, 4318816.343, 103
Trd, 4318817.893, 98
Trd, 4318817.993, 104
Trd, 4318818.843, 89
Trd, 4318821.443, 88
Trd, 4318821.593, 88
Trd, 4318823.343, 96
Trd, 4318824.093, 91
Trd, 4318826.243, 90
Trd, 4318826.443, 88
Trd, 4318828.843, 96
Trd, 4318831.193, 88
Trd, 4318831.493, 77
Trd, 4318832.643, 82
Trd, 4318833.693, 97
Trd, 4318833.793, 65
Trd, 4318836.943, 84
Trd, 4318836.993, 89
Trd, 4318838.143, 96
Trd, 4318838.393, 115
Trd, 4318839.193, 84
Trd, 4318841.493, 85
Trd, 4318842.443, 86
Trd, 4318842.493, 84
Trd, 4318843.893, 84
Trd, 4318844.543, 86
Trd, 4318846.793, 83
Trd, 4318847.843, 86
Trd, 4318848.093, 104
Trd, 4318849.293, 91
Trd, 4318850.193, 89
Trd, 4318851.543, 96
Trd, 4318852.693, 89
Trd, 4318852.893, 97
Trd, 4318854.193, 87
Trd, 4318856.343, 86
Trd, 4318856.793, 93
Trd, 4318857.493, 98
Trd, 4318857.743, 104
Trd, 4318860.343, 93
Trd, 4318861.343, 94
Trd, 4318862.793, 101
Trd, 4318863.343, 101
Trd, 4318864.293, 89
Trd, 4318865.543, 90
Trd, 4318866.443, 99
Trd, 4318866.893, 93
Trd, 4318868.193, 101
Trd, 4318868.393, 102
Trd, 4318870.643, 102
Trd, 4318871.393, 99
Trd, 4318873.643, 99
Trd, 4318874.493, 103
Trd, 4318874.693, 97
Trd, 4318875.593, 97
Trd, 4318876.143, 114
Trd, 4318877.193, 120
Trd, 4318877.943, 94
Trd, 4318879.193, 102
Trd, 4318879.493, 77
Trd, 4318879.543, 89
Trd, 4318879.693, 101
Trd, 4318880.043, 120
Trd, 4318881.043, 65
Trd, 4318884.093, 108
Trd, 4318884.793, 93
Trd, 4318886.343, 90
Trd, 4318887.043, 96
Trd, 4318888.493, 91
Trd, 4318889.693, 95
Trd, 4318890.893, 93
Trd, 4318891.493, 91
Trd, 4318891.593, 95
Trd, 4318895.193, 110
Trd, 4318895.893, 91
Trd, 4318896.193, 103
Trd, 4318896.343, 113
Trd, 4318897.293, 93
Trd, 4318898.693, 102
Trd, 4318900.493, 102
Trd, 4318901.343, 101
Trd, 4318901.643, 102
Trd, 4318904.593, 100
Trd, 4318906.493, 100
Trd, 4318906.793, 94
Trd, 4318906.893, 103
Trd, 4318907.343, 67
Trd, 4318908.943, 92
Trd, 4318909.393, 104
Trd, 4318909.443, 104
Trd, 4318910.793, 89
Trd, 4318911.393, 77
Trd, 4318912.693, 91
Trd, 4318915.143, 83
Trd, 4318916.843, 81
Trd, 4318916.943, 86
Trd, 4318918.543, 88
Trd, 4318918.993, 87
Trd, 4318919.143, 99
Trd, 4318920.793, 95
Trd, 4318922.143, 93
Trd, 4318922.293, 104
Trd, 4318924.493, 90
Trd, 4318925.843, 96
Trd, 4318926.343, 91
Trd, 4318926.993, 90
Trd, 4318927.793, 89
Trd, 4318927.943, 97
Trd, 4318930.093, 109
Trd, 4318931.193, 69
Trd, 4318932.093, 74
Trd, 4318933.593, 84
Trd, 4318934.393, 103
Trd, 4318934.793, 90
Trd, 4318935.893, 84
Trd, 4318936.193, 76
Trd, 4318936.443, 87
Trd, 4318938.093, 87
Trd, 4318940.543, 88
Trd, 4318941.193, 110
Trd, 4318943.343, 105
Trd, 4318944.243, 105
Trd, 4318945.593, 101
Trd, 4318946.643, 111
Trd, 4318947.593, 105
Trd, 4318949.393, 106
Trd, 4318949.543, 111
Trd, 4318949.843, 77
Trd, 4318951.443, 111
Trd, 4318952.593, 93
Trd, 4318952.993, 109
Trd, 4318955.043, 92
Trd, 4318956.493, 80
Trd, 4318957.243, 90
Trd, 4318957.943, 111
Trd, 4318959.043, 123
Trd, 4318960.393, 98
Trd, 4318961.943, 99
Trd, 4318961.993, 95
Trd, 4318962.293, 99
Trd, 4318962.343, 93
Trd, 4318963.343, 91
Trd, 4318964.543, 91
Trd, 4318966.193, 71
Trd, 4318966.893, 98
Trd, 4318968.093, 93
Trd, 4318969.243, 114
Trd, 4318970.893, 94
Trd, 4318971.293, 97
Trd, 4318973.293, 93
Trd, 4318974.393, 77
Trd, 4318975.393, 97
Trd, 4318976.243, 89
Trd, 4318976.993, 109
Trd, 4318977.893, 96
Trd, 4318978.843, 94
Trd, 4318980.493, 92
Trd, 4318980.543, 102
Trd, 4318980.843, 104
Trd, 4318982.393, 89
Trd, 4318983.643, 95
Trd, 4318984.793, 71
Trd, 4318985.343, 94
Trd, 4318985.743, 83
Trd, 4318987.343, 112
Trd, 4318988.043, 114
Trd, 4318989.493, 93
Trd, 4318991.443, 92
Trd, 4318992.293, 94
Trd, 4318992.993, 95
Trd, 4318993.343, 92
Trd, 4318993.743, 96
Trd, 4318994.943, 95
Trd, 4318995.793, 69
Trd, 4318996.643, 87
Trd, 4318997.543, 104
Trd, 4318997.993, 88
Trd, 4318999.943, 84
Trd, 4319000.193, 82
Trd, 4319002.643, 100
Trd, 4319003.043, 87
Trd, 4319003.343, 84
Trd, 4319003.743, 86
Trd, 4319005.993, 87
Trd, 4319008.093, 86
Trd, 4319009.143, 85
Trd, 4319009.443, 104
Trd, 4319010.443, 114
Trd, 4319010.893, 84
Trd, 4319011.643, 99
Trd, 4319014.143, 86
Trd, 4319015.093, 94
Trd, 4319015.693, 95
Trd, 4319016.693, 89
Trd, 4319016.993, 75
Trd, 4319017.643, 111
Trd, 4319018.493, 92
Trd, 4319018.643, 114
Trd, 4319020.743, 92
Trd, 4319023.193, 97
Trd, 4319024.593, 91
Trd, 4319025.443, 91
Trd, 4319027.493, 92
Trd, 4319027.543, 96
Trd, 4319028.043, 90
Trd, 4319028.093, 94
Trd, 4319028.193, 104
Trd, 4319029.293, 90
Trd, 4319030.643, 89
Trd, 4319032.443, 89
Trd, 4319032.693, 91
Trd, 4319034.343, 91
Trd, 4319034.843, 88
Trd, 4319036.493, 96
Trd, 4319038.343, 104
Trd, 4319038.543, 114
Trd, 4319038.643, 89
Trd, 4319040.193, 98
Trd, 4319041.593, 97
Trd, 4319042.093, 93
Trd, 4319042.493, 102
Trd, 4319044.843, 93
Trd, 4319045.243, 113
Trd, 4319045.493, 93
Trd, 4319049.043, 97
Trd, 4319049.193, 93
Trd, 4319050.393, 88
Trd, 4319050.593, 77
Trd, 4319050.743, 87
Trd, 4319054.093, 87
Trd, 4319054.543, 110
Trd, 4319056.343, 93
Trd, 4319057.093, 89
Trd, 4319058.443, 89
Trd, 4319059.143, 88
Trd, 4319060.793, 94
Trd, 4319062.243, 95
Trd, 4319062.343, 87
Trd, 4319062.493, 95
Trd, 4319064.243, 104
Trd, 4319065.193, 85
Trd, 4319066.243, 100
Trd, 4319068.293, 99
Trd, 4319070.293, 94
Trd, 4319070.543, 93
Trd, 4319071.343, 94
Trd, 4319072.793, 97
Trd, 4319073.893, 78
Trd, 4319074.643, 77
Trd, 4319076.443, 86
Trd, 4319077.993, 89
Trd, 4319078.193, 94
Trd, 4319079.743, 89
Trd, 4319081.343, 87
Trd, 4319081.693, 112
Trd, 4319084.343, 101
Trd, 4319084.843, 103
Trd, 4319085.643, 103
Trd, 4319085.743, 99
Trd, 4319086.143, 91
Trd, 4319087.593, 104
Trd, 4319087.793, 96
Trd, 4319088.243, 95
Trd, 4319089.893, 87
Trd, 4319091.093, 112
Trd, 4319091.393, 113
Trd, 4319093.443, 105
Trd, 4319093.693, 124
Trd, 4319093.943, 101
Trd, 4319094.243, 101
Trd, 4319095.693, 115
Trd, 4319097.793, 99
Trd, 4319098.243, 94
Trd, 4319098.543, 94
Trd, 4319099.593, 104
Trd, 4319100.743, 105
Trd, 4319101.243, 101
Trd, 4319105.243, 102
Trd, 4319105.793, 98
Trd, 4319106.593, 94
Trd, 4319107.843, 99
Trd, 4319108.243, 104
Trd, 4319108.693, 95
Trd, 4319109.543, 77
Trd, 4319110.093, 93
Trd, 4319110.793, 98
Trd, 4319111.543, 85
Trd, 4319111.943, 97
Trd, 4319114.343, 99
Trd, 4319115.993, 104
Trd, 4319116.293, 87
Trd, 4319116.693, 87
Trd, 4319117.243, 77
Trd, 4319119.043, 114
Trd, 4319121.043, 90
Trd, 4319121.943, 88
Trd, 4319123.293, 91
Trd, 4319123.843, 88
Trd, 4319123.893, 96
Trd, 4319124.643, 112
Trd, 4319125.443, 123
Trd, 4319125.943, 88
Trd, 4319127.393, 77
Trd, 4319129.743, 89
Trd, 4319130.493, 89
Trd, 4319130.693, 88
Trd, 4319132.293, 90
Trd, 4319133.143, 88
Trd, 4319134.743, 87
Trd, 4319134.993, 96
Trd, 4319136.993, 99
Trd, 4319138.043, 116
Trd, 4319138.443, 89
Trd, 4319139.943, 94
Trd, 4319140.893, 115
Trd, 4319140.943, 93
Trd, 4319142.243, 77
Trd, 4319143.993, 101
Trd, 4319144.543, 101
Trd, 4319145.093, 91
Trd, 4319145.593, 94
Trd, 4319148.343, 90
Trd, 4319149.143, 90
Trd, 4319150.243, 92
Trd, 4319150.993, 88
Trd, 4319152.393, 95
Trd, 4319153.043, 104
Trd, 4319154.743, 99
Trd, 4319155.243, 92
Trd, 4319156.143, 94
Trd, 4319157.443, 93
Trd, 4319158.543, 104
Trd, 4319161.243, 97
Trd, 4319162.693, 92
Trd, 4319163.293, 98
Trd, 4319164.043, 92
Trd, 4319164.893, 91
Trd, 4319166.643, 104
Trd, 4319167.393, 94
Trd, 4319167.693, 99
Trd, 4319169.143, 96
Trd, 4319169.243, 92
Trd, 4319169.793, 92
Trd, 4319171.893, 98
Trd, 4319172.243, 97
Trd, 4319173.743, 92
Trd, 4319175.593, 91
Trd, 4319175.893, 97
Trd, 4319177.243, 90
Trd, 4319177.643, 70
Trd, 4319179.143, 79
Trd, 4319179.943, 87
Trd, 4319181.093, 92
Trd, 4319181.293, 97
Trd, 4319182.643, 114
Trd, 4319184.143, 122
Trd, 4319184.443, 110
Trd, 4319185.043, 92
Trd, 4319185.243, 111
Trd, 4319185.693, 99
Trd, 4319187.993, 100
Trd, 4319188.943, 104
Trd, 4319189.443, 97
Trd, 4319190.693, 101
Trd, 4319190.843, 104
Trd, 4319192.293, 94
Trd, 4319192.493, 104
Trd, 4319193.193, 94
Trd, 4319193.843, 77
Trd, 4319197.243, 96
Trd, 4319198.093, 95
Trd, 4319199.743, 95
Trd, 4319201.193, 101
Trd, 4319201.643, 96
Trd, 4319202.143, 103
Trd, 4319203.043, 99
Trd, 4319203.693, 116
Trd, 4319204.993, 110
Trd, 4319205.993, 110
Trd, 4319206.493, 94
Trd, 4319208.493, 93
Trd, 4319208.593, 94
Trd, 4319208.943, 95
Trd, 4319209.543, 104
Trd, 4319210.293, 93
Trd, 4319211.243, 115
Trd, 4319211.443, 78
Trd, 4319212.943, 91
Trd, 4319215.693, 114
Trd, 4319216.443, 107
Trd, 4319217.543, 114
Trd, 4319217.793, 105
Trd, 4319218.193, 103
Trd, 4319219.143, 102
Trd, 4319219.243, 94
Trd, 4319220.543, 104
Trd, 4319221.643, 124
Trd, 4319222.293, 98
Trd, 4319222.993, 110
Trd, 4319224.143, 113
Trd, 4319225.393, 100
Trd, 4319227.343, 94
Trd, 4319228.293, 101
Trd, 4319229.993, 84
Trd, 4319230.143, 90
Trd, 4319230.693, 93
Trd, 4319231.043, 92
Trd, 4319232.493, 124
Trd, 4319234.243, 91
Trd, 4319235.093, 122
Trd, 4319235.793, 101
Trd, 4319238.343, 93
Trd, 4319238.893, 100
Trd, 4319239.043, 101
Trd, 4319241.093, 99
Trd, 4319242.343, 96
Trd, 4319242.493, 102
Trd, 4319243.293, 96
Trd, 4319245.193, 96
Trd, 4319246.043, 92
Trd, 4319246.343, 86
Trd, 4319247.443, 93
Trd, 4319248.893, 95
Trd, 4319251.243, 94
Trd, 4319251.443, 96
Trd, 4319252.893, 95
Trd, 4319252.943, 93
Trd, 4319252.993, 104
Trd, 4319255.143, 92
Trd, 4319256.193, 92
Trd, 4319257.643, 113
Trd, 4319259.093, 103
Trd, 4319261.193, 69
Trd, 4319261.593, 92
Trd, 4319262.393, 104
Trd, 4319264.693, 88
Trd, 4319267.343, 87
Trd, 4319267.593, 91
Trd, 4319267.793, 77
Trd, 4319268.443, 96
Trd, 4319270.293, 87
Trd, 4319270.793, 77
Trd, 4319270.843, 104
Trd, 4319272.893, 92
Trd, 4319274.293, 87
Trd, 4319275.793, 85
Trd, 4319279.343, 85
Trd, 4319279.693, 88
Trd, 4319281.143, 84
Trd, 4319282.043, 87
Trd, 4319283.643, 100
Trd, 4319283.793, 83
Trd, 4319284.793, 103
Trd, 4319286.193, 89
Trd, 4319286.543, 102
Trd, 4319287.393, 88
Trd, 4319287.593, 114
Trd, 4319289.393, 89
Trd, 4319290.143, 104
Trd, 4319290.393, 88
Trd, 4319291.143, 98
Trd, 4319292.543, 88
Trd, 4319293.193, 113
Trd, 4319293.293, 77
Trd, 4319294.443, 83
Trd, 4319297.443, 104
Trd, 4319297.693, 100
Trd, 4319298.393, 105
Trd, 4319299.793, 100
Trd, 4319301.043, 94
Trd, 4319301.543, 69
Trd, 4319302.443, 91
Trd, 4319303.043, 66
Trd, 4319304.893, 86
Trd, 4319305.493, 81
Trd, 4319306.143, 101
Trd, 4319307.893, 113
Trd, 4319308.393, 109
Trd, 4319309.043, 106
Trd, 4319310.693, 122
Trd, 4319311.193, 100
Trd, 4319311.243, 93
Trd, 4319313.493, 103
Trd, 4319315.993, 119
Trd, 4319316.343, 105
Trd, 4319317.343, 106
Trd, 4319317.543, 102
Trd, 4319319.843, 102
Trd, 4319321.193, 94
Trd, 4319321.643, 97
Trd, 4319321.693, 101
Trd, 4319322.543, 102
Trd, 4319322.893, 104
Trd, 4319323.243, 96
Trd, 4319324.993, 87
Trd, 4319325.593, 93
Trd, 4319327.443, 97
Trd, 4319327.793, 68
Trd, 4319328.743, 83
Trd, 4319328.893, 86
Trd, 4319329.693, 104
Trd, 4319331.293, 69
Trd, 4319333.993, 92
Trd, 4319334.043, 96
Trd, 4319335.043, 112
Trd, 4319335.643, 113
Trd, 4319335.893, 95
Trd, 4319337.093, 114
Trd, 4319338.143, 121
Trd, 4319338.893, 95
Trd, 4319340.493, 94
Trd, 4319343.743, 106
Trd, 4319343.943, 102
Trd, 4319344.193, 100
Trd, 4319345.593, 119
Trd, 4319347.143, 95
Trd, 4319347.493, 94
Trd, 4319347.793, 104
Trd, 4319348.843, 97
Trd, 4319349.343, 97
Trd, 4319351.293, 86
Trd, 4319352.493, 87
Trd, 4319353.293, 100
Trd, 4319353.393, 117
Trd, 4319354.293, 109
Trd, 4319354.843, 92
Trd, 4319355.793, 110
Trd, 4319357.893, 104
Trd, 4319358.493, 114
Trd, 4319359.993, 102
Trd, 4319360.893, 112
Trd, 4319361.693, 94
Trd, 4319361.893, 77
Trd, 4319363.093, 100
Trd, 4319363.643, 91
Trd, 4319364.143, 91
Trd, 4319364.493, 100
Trd, 4319366.393, 100
Trd, 4319366.843, 112
Trd, 4319367.443, 90
Trd, 4319368.393, 86
Trd, 4319369.743, 90
Trd, 4319372.093, 98
Trd, 4319372.593, 106
Trd, 4319372.643, 89
Trd, 4319373.143, 102
Trd, 4319374.143, 110
Trd, 4319374.343, 96
Trd, 4319374.393, 113
Trd, 4319375.493, 77
Trd, 4319376.243, 87
Trd, 4319379.343, 101
Trd, 4319380.693, 99
Trd, 4319380.843, 99
Trd, 4319381.093, 102
Trd, 4319381.643, 86
Trd, 4319382.993, 93
Trd, 4319383.743, 77
Trd, 4319384.743, 74
Trd, 4319385.593, 98
Trd, 4319386.843, 86
Trd, 4319388.093, 123
Trd, 4319391.093, 101
Trd, 4319391.443, 87
Trd, 4319391.843, 81
Trd, 4319395.643, 86
Trd, 4319395.693, 99
Trd, 4319396.993, 83
Trd, 4319398.693, 85
Trd, 4319399.243, 95
Trd, 4319400.543, 85
Trd, 4319401.193, 96
Trd, 4319401.293, 96
Trd, 4319402.493, 87
Trd, 4319403.293, 92
Trd, 4319404.393, 97
Trd, 4319405.393, 104
Trd, 4319406.093, 88
Trd, 4319407.593, 78
Trd, 4319408.143, 102
Trd, 4319409.693, 85
Trd, 4319409.993, 87
Trd, 4319410.093, 86
Trd, 4319411.343, 95
Trd, 4319412.793, 94
Trd, 4319414.243, 85
Trd, 4319414.593, 115
Trd, 4319414.893, 85
Trd, 4319416.293, 85
Trd, 4319417.393, 97
Trd, 4319419.243, 92
Trd, 4319419.943, 96
Trd, 4319420.043, 94
Trd, 4319421.693, 112
Trd, 4319422.893, 92
Trd, 4319424.993, 104
Trd, 4319425.843, 101
Trd, 4319427.893, 100
Trd, 4319428.693, 98
Trd, 4319429.443, 103
Trd, 4319429.693, 104
Trd, 4319430.343, 94
Trd, 4319431.193, 114
Trd, 4319432.243, 97
Trd, 4319433.493, 106
Trd, 4319433.893, 100
Trd, 4319435.743, 96
Trd, 4319437.693, 97
Trd, 4319439.093, 94
Trd, 4319439.393, 104
Trd, 4319440.843, 99
Trd, 4319441.243, 96
Trd, 4319441.743, 100
Trd, 4319442.093, 104
Trd, 4319443.293, 114
Trd, 4319443.843, 68
Trd, 4319446.143, 87
Trd, 4319447.693, 96
Trd, 4319447.943, 89
Trd, 4319448.893, 92
Trd, 4319449.443, 95
Trd, 4319450.243, 113
Trd, 4319450.943, 73
Trd, 4319452.593, 114
Trd, 4319453.093, 90
Trd, 4319454.743, 92
Trd, 4319455.943, 89
Trd, 4319457.343, 96
Trd, 4319457.443, 88
Trd, 4319458.843, 75
Trd, 4319459.443, 66
Trd, 4319460.543, 82
Trd, 4319461.043, 76
Trd, 4319462.993, 89
Trd, 4319466.043, 85
Trd, 4319466.643, 82
Trd, 4319466.693, 80
Trd, 4319467.793, 88
Trd, 4319467.943, 79
Trd, 4319468.943, 95
Trd, 4319469.743, 97
Trd, 4319471.093, 96
Trd, 4319471.343, 68
Trd, 4319472.493, 87
Trd, 4319472.593, 81
Trd, 4319474.143, 122
Trd, 4319475.293, 115
Trd, 4319476.743, 99
Trd, 4319478.343, 99
Trd, 4319478.843, 89
Trd, 4319479.393, 89
Trd, 4319479.943, 95
Trd, 4319480.443, 77
Trd, 4319481.643, 82
Trd, 4319481.893, 66
Trd, 4319484.043, 79
Trd, 4319484.293, 86
Trd, 4319485.443, 95
Trd, 4319486.443, 77
Trd, 4319486.693, 90
Trd, 4319489.743, 91
Trd, 4319490.093, 95
Trd, 4319490.543, 85
Trd, 4319491.793, 88
Trd, 4319492.643, 84
Trd, 4319494.193, 90
Trd, 4319495.343, 83
Trd, 4319496.193, 89
Trd, 4319496.293, 115
Trd, 4319496.743, 77
Trd, 4319497.043, 121
Trd, 4319501.043, 87
Trd, 4319503.393, 87
Trd, 4319503.943, 82
Trd, 4319504.143, 99
Trd, 4319505.493, 81
Trd, 4319507.493, 87
Trd, 4319507.643, 89
Trd, 4319508.343, 79
Trd, 4319510.143, 79
Trd, 4319514.343, 85
Trd, 4319515.193, 100
Trd, 4319516.243, 91
Trd, 4319516.843, 89
Trd, 4319517.643, 85
Trd, 4319519.743, 91
Trd, 4319520.543, 74
Trd, 4319521.143, 99
Trd, 4319521.843, 89
Trd, 4319522.143, 104
Trd, 4319523.193, 85
Trd, 4319523.993, 86
Trd, 4319524.993, 115
Trd, 4319525.743, 86
Trd, 4319525.843, 107
Trd, 4319528.243, 93
Trd, 4319528.443, 105
Trd, 4319528.543, 115
Trd, 4319529.143, 67
Trd, 4319530.643, 113
Trd, 4319531.693, 90
Trd, 4319532.693, 88
Trd, 4319533.243, 89
Trd, 4319533.493, 114
Trd, 4319534.693, 79
Trd, 4319535.793, 90
Trd, 4319536.093, 122
Trd, 4319537.193, 110
Trd, 4319537.643, 69
Trd, 4319539.743, 90
Trd, 4319539.993, 90
Trd, 4319540.043, 114
Trd, 4319540.593, 114
Trd, 4319543.293, 106
Trd, 4319543.443, 106
Trd, 4319546.343, 95
Trd, 4319547.143, 93
Trd, 4319548.293, 114
Trd, 4319548.443, 94
Trd, 4319548.793, 121
Trd, 4319550.143, 93
Trd, 4319550.493, 80
Trd, 4319550.643, 88
Trd, 4319553.193, 88
Trd, 4319553.743, 69
Trd, 4319554.743, 100
Trd, 4319555.643, 116
Trd, 4319555.993, 88
Trd, 4319556.293, 84
Trd, 4319558.193, 85
Trd, 4319558.343, 104
Trd, 4319560.193, 90
Trd, 4319560.943, 87
Trd, 4319561.343, 87
Trd, 4319566.943, 87
Trd, 4319567.093, 85
Trd, 4319567.593, 86
Trd, 4319568.193, 104
Trd, 4319568.793, 87
Trd, 4319568.893, 96
Trd, 4319570.643, 111
Trd, 4319572.943, 98
Trd, 4319572.993, 77
Trd, 4319573.843, 110
Trd, 4319574.443, 96
Trd, 4319574.643, 113
Trd, 4319575.493, 99
Trd, 4319579.793, 105
Trd, 4319580.093, 107
Trd, 4319580.693, 102
Trd, 4319580.993, 94
Trd, 4319581.443, 122
Trd, 4319582.743, 121
Trd, 4319583.843, 94
Trd, 4319585.093, 69
Trd, 4319585.343, 79
Trd, 4319585.493, 79
Trd, 4319586.193, 118
Trd, 4319586.793, 91
Trd, 4319589.593, 96
Trd, 4319589.993, 91
Trd, 4319590.243, 97
Trd, 4319590.893, 104
Trd, 4319593.143, 101
Trd, 4319593.793, 99
Trd, 4319594.743, 98
Trd, 4319595.243, 100
Trd, 4319595.893, 96
Trd, 4319596.093, 94
Trd, 4319599.693, 93
Trd, 4319600.043, 95
Trd, 4319600.593, 93
Trd, 4319601.243, 77
Trd, 4319601.593, 96
Trd, 4319601.793, 104
Trd, 4319603.843, 101
Trd, 4319604.093, 84
Trd, 4319604.543, 83
Trd, 4319606.993, 88
Trd, 4319608.343, 101
Trd, 4319608.593, 94
Trd, 4319609.743, 92
Trd, 4319609.843, 104
Trd, 4319612.343, 97
Trd, 4319613.343, 93
Trd, 4319613.843, 92
Trd, 4319615.293, 86
Trd, 4319616.893, 87
Trd, 4319617.543, 98
Trd, 4319617.893, 66
Trd, 4319617.993, 104
Trd, 4319620.443, 104
Trd, 4319620.643, 116
Trd, 4319621.193, 100
Trd, 4319623.093, 108
Trd, 4319623.543, 94
Trd, 4319623.893, 107
Trd, 4319624.943, 97
Trd, 4319625.543, 66
Trd, 4319626.993, 107
Trd, 4319628.493, 90
Trd, 4319628.843, 102
Trd, 4319629.243, 101
Trd, 4319630.493, 88
Trd, 4319631.193, 94
Trd, 4319631.893, 93
Trd, 4319634.893, 100
Trd, 4319635.093, 93
Trd, 4319636.143, 98
Trd, 4319638.543, 92
Trd, 4319638.693, 81
Trd, 4319639.043, 99
Trd, 4319639.893, 104
Trd, 4319640.343, 116
Trd, 4319640.893, 96
Trd, 4319643.043, 96
Trd, 4319643.593, 102
Trd, 4319646.043, 101
Trd, 4319647.193, 95
Trd, 4319647.893, 100
Trd, 4319649.093, 94
Trd, 4319649.443, 94
Trd, 4319649.593, 77
Trd, 4319650.893, 101
Trd, 4319652.193, 117
Trd, 4319652.693, 93
Trd, 4319654.843, 106
Trd, 4319655.593, 92
Trd, 4319655.943, 94
Trd, 4319655.993, 77
Trd, 4319657.243, 84
Trd, 4319657.943, 107
Trd, 4319659.643, 77
Trd, 4319660.093, 87
Trd, 4319660.993, 115
Trd, 4319662.443, 86
Trd, 4319662.993, 111
Trd, 4319664.593, 105
Trd, 4319665.443, 103
Trd, 4319665.993, 111
Trd, 4319666.243, 103
Trd, 4319666.943, 111
Trd, 4319670.293, 105
Trd, 4319672.793, 104
Trd, 4319673.743, 102
Trd, 4319674.093, 95
Trd, 4319675.593, 96
Trd, 4319676.043, 94
Trd, 4319676.293, 98
Trd, 4319677.643, 104
Trd, 4319677.943, 94
Trd, 4319679.743, 113
Trd, 4319680.593, 93
Trd, 4319681.093, 108
Trd, 4319681.593, 92
Trd, 4319683.193, 91
Trd, 4319684.843, 92
Trd, 4319684.993, 101
Trd, 4319686.093, 91
Trd, 4319686.843, 98
Trd, 4319688.493, 91
Trd, 4319691.343, 104
Trd, 4319691.493, 91
Trd, 4319693.543, 90
Trd, 4319694.093, 90
Trd, 4319697.643, 103
Trd, 4319698.243, 89
Trd, 4319698.943, 89
Trd, 4319700.093, 104
Trd, 4319700.543, 89
Trd, 4319701.943, 76
Trd, 4319702.343, 105
Trd, 4319703.893, 93
Trd, 4319704.393, 87
Trd, 4319706.993, 95
Trd, 4319707.743, 87
Trd, 4319709.293, 104
Trd, 4319709.943, 87
Trd, 4319710.493, 92
Trd, 4319712.143, 95
Trd, 4319712.493, 93
Trd, 4319713.243, 93
Trd, 4319714.293, 95
Trd, 4319716.593, 93
Trd, 4319717.043, 90
Trd, 4319719.243, 95
Trd, 4319719.793, 96
Trd, 4319720.393, 91
Trd, 4319721.243, 111
Trd, 4319721.543, 113
Trd, 4319722.043, 136
Trd, 4319722.143, 100
Trd, 4319725.043, 103
Trd, 4319725.243, 95
Trd, 4319726.843, 110
Trd, 4319727.193, 121
Trd, 4319729.693, 100
Trd, 4319729.943, 98
Trd, 4319730.593, 88
Trd, 4319731.393, 67
Trd, 4319733.143, 99
Trd, 4319735.243, 90
Trd, 4319735.293, 90
Trd, 4319736.393, 89
Trd, 4319737.443, 84
Trd, 4319737.793, 89
Trd, 4319737.893, 96
Trd, 4319737.943, 104
Trd, 4319740.793, 88
Trd, 4319741.143, 77
Trd, 4319742.593, 98
Trd, 4319744.043, 82
Trd, 4319744.743, 102
Trd, 4319744.843, 104
Trd, 4319745.343, 94
Trd, 4319747.693, 93
Trd, 4319749.043, 77
Trd, 4319749.993, 93
Trd, 4319750.143, 90
Trd, 4319750.293, 99
Trd, 4319751.543, 113
Trd, 4319752.993, 87
Trd, 4319753.193, 86
Trd, 4319755.093, 88
Trd, 4319756.243, 104
Trd, 4319756.943, 90
Trd, 4319757.193, 104
Trd, 4319759.643, 91
Trd, 4319760.943, 94
Trd, 4319761.493, 106
Trd, 4319761.793, 114
Trd, 4319763.593, 92
Trd, 4319765.193, 92
Trd, 4319765.293, 91
Trd, 4319765.543, 96
Trd, 4319765.743, 98
Trd, 4319765.893, 104
Trd, 4319767.893, 90
Trd, 4319768.093, 90
Trd, 4319768.943, 113
Trd, 4319771.343, 89
Trd, 4319771.743, 77
Trd, 4319771.993, 97
Trd, 4319772.793, 73
Trd, 4319773.993, 78
Trd, 4319775.593, 98
Trd, 4319776.093, 98
Trd, 4319777.943, 88
Trd, 4319778.043, 114
Trd, 4319778.493, 84
Trd, 4319780.443, 86
Trd, 4319783.393, 87
Trd, 4319783.993, 92
Trd, 4319786.243, 86
Trd, 4319786.493, 93
Trd, 4319789.293, 87
Trd, 4319789.593, 85
Trd, 4319790.693, 84
Trd, 4319791.743, 92
Trd, 4319791.943, 96
Trd, 4319794.443, 87
Trd, 4319794.693, 87
Trd, 4319795.593, 83
Trd, 4319796.743, 82
Trd, 4319797.693, 77
Trd, 4319799.943, 84
Trd, 4319800.793, 83
Trd, 4319801.143, 86
Trd, 4319803.193, 95
Trd, 4319803.793, 81
Trd, 4319804.893, 81
Trd, 4319806.293, 86
Trd, 4319806.443, 87
Trd, 4319807.043, 112
Trd, 4319810.493, 80
Trd, 4319811.343, 86
Trd, 4319811.743, 87
Trd, 4319811.843, 78
Trd, 4319813.393, 102
Trd, 4319813.943, 104
Trd, 4319814.293, 86
Trd, 4319817.593, 91
Trd, 4319819.493, 82
Trd, 4319819.693, 91
Trd, 4319819.843, 104
Trd, 4319822.393, 84
Trd, 4319823.293, 101
Trd, 4319825.393, 83
Trd, 4319825.743, 89
Trd, 4319826.293, 91
Trd, 4319826.343, 83
Trd, 4319828.043, 95
Trd, 4319830.143, 93
Trd, 4319830.943, 83
Trd, 4319832.193, 86
Trd, 4319832.843, 95
Trd, 4319833.243, 84
Trd, 4319834.243, 104
Trd, 4319835.393, 83
Trd, 4319835.593, 77
Trd, 4319838.693, 82
Trd, 4319839.143, 85
Trd, 4319841.143, 84
Trd, 4319841.743, 85
Trd, 4319842.093, 99
Trd, 4319843.693, 83
Trd, 4319844.443, 83
Trd, 4319844.643, 96
Trd, 4319846.043, 99
Trd, 4319847.843, 95
Trd, 4319848.043, 93
Trd, 4319848.143, 77
Trd, 4319849.843, 104
Trd, 4319851.643, 114
Trd, 4319852.543, 90
Trd, 4319852.993, 114
Trd, 4319853.893, 99
Trd, 4319854.893, 89
Trd, 4319856.943, 89
Trd, 4319857.293, 95
Trd, 4319857.793, 104
Trd, 4319858.343, 67
Trd, 4319860.093, 86
Trd, 4319860.293, 89
Trd, 4319860.443, 101
Trd, 4319860.643, 104
Trd, 4319863.243, 86
Trd, 4319863.443, 103
Trd, 4319864.493, 85
Trd, 4319864.593, 114
Trd, 4319865.793, 119
Trd, 4319868.143, 106
Trd, 4319869.043, 107
Trd, 4319869.443, 96
Trd, 4319871.543, 106
Trd, 4319873.093, 100
Trd, 4319873.343, 77
Trd, 4319874.243, 110
Trd, 4319874.893, 104
Trd, 4319876.093, 110
Trd, 4319876.743, 93
Trd, 4319877.143, 98
Trd, 4319877.443, 107
Trd, 4319880.443, 101
Trd, 4319880.493, 105
Trd, 4319881.143, 100
Trd, 4319882.493, 76
Trd, 4319883.893, 104
Trd, 4319884.143, 104
Trd, 4319885.943, 103
Trd, 4319886.293, 93
Trd, 4319887.593, 92
Trd, 4319888.543, 102
Trd, 4319888.993, 91
Trd, 4319889.793, 67
Trd, 4319891.493, 102
Trd, 4319892.143, 92
Trd, 4319893.443, 95
Trd, 4319895.643, 89
Trd, 4319896.293, 96
Trd, 4319897.093, 111
Trd, 4319898.193, 88
Trd, 4319899.243, 82
Trd, 4319899.393, 113
Trd, 4319901.243, 93
Trd, 4319901.343, 93
Trd, 4319901.393, 105
Trd, 4319901.893, 90
Trd, 4319904.443, 104
Trd, 4319904.743, 93
Trd, 4319904.943, 92
Trd, 4319907.543, 104
Trd, 4319908.293, 95
Trd, 4319908.993, 104
Trd, 4319909.843, 105
Trd, 4319910.793, 106
Trd, 4319912.643, 98
Trd, 4319912.943, 93
Trd, 4319914.093, 93
Trd, 4319915.743, 91
Trd, 4319916.443, 99
Trd, 4319917.243, 77
Trd, 4319917.893, 100
Trd, 4319918.243, 98
Trd, 4319919.393, 91
Trd, 4319920.793, 104
Trd, 4319920.843, 90
Trd, 4319921.143, 113
Trd, 4319923.593, 90
Trd, 4319924.943, 89
Trd, 4319926.443, 89
Trd, 4319926.693, 92
Trd, 4319927.293, 89
Trd, 4319927.893, 104
Trd, 4319929.393, 88
Trd, 4319930.843, 86
Trd, 4319932.343, 101
Trd, 4319932.743, 65
Trd, 4319933.693, 112
Trd, 4319935.443, 85
Trd, 4319936.393, 100
Trd, 4319936.893, 93
Trd, 4319936.993, 99
Trd, 4319938.043, 113
Trd, 4319938.093, 94
Trd, 4319938.993, 88
Trd, 4319941.093, 110
Trd, 4319941.543, 102
Trd, 4319943.393, 113
Trd, 4319943.693, 100
Trd, 4319944.493, 93
Trd, 4319948.343, 101
Trd, 4319948.493, 95
Trd, 4319948.993, 93
Trd, 4319949.093, 77
Trd, 4319949.193, 104
Trd, 4319950.943, 92
Trd, 4319951.393, 103
Trd, 4319952.243, 113
Trd, 4319952.743, 92
Trd, 4319952.993, 77
Trd, 4319953.893, 84
Trd, 4319955.393, 110
Trd, 4319955.443, 113
Trd, 4319955.843, 83
Trd, 4319956.943, 110
Trd, 4319957.993, 120
Trd, 4319959.993, 72
Trd, 4319960.893, 88
Trd, 4319962.393, 95
Trd, 4319963.593, 89
Trd, 4319965.893, 94
Trd, 4319965.993, 88
Trd, 4319966.443, 112
Trd, 4319967.943, 99
Trd, 4319968.193, 93
Trd, 4319968.243, 114
Trd, 4319968.543, 96
Trd, 4319970.243, 105
Trd, 4319971.193, 95
Trd, 4319973.143, 86
Trd, 4319973.843, 100
Trd, 4319974.043, 66
Trd, 4319976.043, 90
Trd, 4319976.443, 81
Trd, 4319977.143, 74
Trd, 4319978.493, 80
Trd, 4319980.243, 104
Trd, 4319980.743, 87
Trd, 4319983.393, 91
Trd, 4319983.843, 87
Trd, 4319985.643, 88
Trd, 4319986.043, 87
Trd, 4319986.993, 91
Trd, 4319988.043, 95
Trd, 4319989.043, 86
Trd, 4319989.743, 85
Trd, 4319992.743, 85
Trd, 4319993.043, 89
Trd, 4319993.593, 90
Trd, 4319993.893, 85
Trd, 4319996.143, 99
Trd, 4319996.243, 104
Trd, 4319997.193, 104
Trd, 4319998.793, 94
Trd, 4319998.843, 77
Trd, 4319999.543, 100
