Trd, 4317761.393, 97
Trd, 4317764.793, 94
Trd, 4317766.643, 95
Trd, 4317766.693, 96
Trd, 4317769.943, 95
Trd, 4317770.693, 94
Trd, 4317771.793, 98
Trd, 4317773.443, 110
Trd, 4317777.343, 97
Trd, 4317780.993, 97
Trd, 4317781.893, 95
Trd, 4317784.543, 95
Trd, 4317785.643, 94
Trd, 4317786.193, 96
Trd, 4317787.143, 96
Trd, 4317789.143, 96
Trd, 4317793.993, 96
Trd, 4317795.743, 94
Trd, 4317798.893, 93
Trd, 4317799.893, 94
Trd, 4317801.043, 94
Trd, 4317804.343, 92
Trd, 4317806.193, 93
Trd, 4317810.443, 93
Trd, 4317810.943, 91
Trd, 4317811.243, 93
Trd, 4317815.743, 90
Trd, 4317816.643, 91
Trd, 4317818.943, 91
Trd, 4317819.143, 89
Trd, 4317819.893, 108
Trd, 4317821.843, 93
Trd, 4317824.393, 92
Trd, 4317824.793, 113
Trd, 4317830.293, 88
Trd, 4317832.143, 90
Trd, 4317833.293, 89
Trd, 4317833.543, 91
Trd, 4317834.593, 90
Trd, 4317839.943, 88
Trd, 4317840.793, 87
Trd, 4317842.593, 88
Trd, 4317844.043, 87
Trd, 4317845.743, 88
Trd, 4317846.843, 88
Trd, 4317851.793, 88
Trd, 4317853.893, 87
Trd, 4317855.943, 87
Trd, 4317857.543, 86
Trd, 4317860.043, 86
Trd, 4317861.343, 94
Trd, 4317861.443, 90
Trd, 4317862.443, 116
Trd, 4317869.093, 93
Trd, 4317870.643, 98
Trd, 4317870.743, 98
Trd, 4317872.443, 93
Trd, 4317872.943, 94
Trd, 4317878.693, 92
Trd, 4317878.743, 92
Trd, 4317878.993, 92
Trd, 4317879.793, 93
Trd, 4317879.943, 91
Trd, 4317881.143, 110
Trd, 4317885.743, 93
Trd, 4317887.243, 91
Trd, 4317888.043, 90
Trd, 4317888.143, 90
Trd, 4317889.293, 90
Trd, 4317891.943, 105
Trd, 4317892.893, 92
Trd, 4317895.893, 94
Trd, 4317896.543, 94
Trd, 4317898.643, 93
Trd, 4317899.993, 92
Trd, 4317901.193, 91
Trd, 4317902.143, 92
Trd, 4317902.493, 91
Trd, 4317903.293, 92
Trd, 4317906.143, 92
Trd, 4317907.743, 91
Trd, 4317909.793, 91
Trd, 4317912.043, 90
Trd, 4317913.343, 91
Trd, 4317913.843, 91
Trd, 4317915.843, 90
Trd, 4317918.393, 89
Trd, 4317919.093, 90
Trd, 4317921.243, 91
Trd, 4317923.243, 90
Trd, 4317925.693, 88
Trd, 4317926.243, 88
Trd, 4317926.693, 89
Trd, 4317929.943, 89
Trd, 4317931.343, 89
Trd, 4317936.043, 88
Trd, 4317940.243, 88
Trd, 4317941.743, 88
Trd, 4317941.793, 87
Trd, 4317942.543, 87
Trd, 4317943.443, 88
Trd, 4317945.693, 99
Trd, 4317946.543, 104
Trd, 4317949.543, 96
Trd, 4317951.093, 94
Trd, 4317951.243, 94
Trd, 4317954.143, 94
Trd, 4317954.943, 93
Trd, 4317955.743, 95
Trd, 4317961.843, 93
Trd, 4317961.993, 92
Trd, 4317962.443, 92
Trd, 4317963.493, 92
Trd, 4317964.443, 91
Trd, 4317965.693, 92
Trd, 4317969.493, 92
Trd, 4317971.993, 90
Trd, 4317973.143, 89
Trd, 4317973.593, 90
Trd, 4317974.943, 90
Trd, 4317977.993, 90
Trd, 4317981.443, 88
Trd, 4317981.893, 88
Trd, 4317985.043, 87
Trd, 4317986.393, 88
Trd, 4317986.993, 87
Trd, 4317988.893, 88
Trd, 4317990.393, 89
Trd, 4317991.743, 88
Trd, 4317993.243, 88
Trd, 4317993.643, 88
Trd, 4317994.693, 106
Trd, 4317997.743, 91
Trd, 4318001.393, 92
Trd, 4318002.493, 91
Trd, 4318006.043, 109
Trd, 4318007.093, 102
Trd, 4318010.743, 91
Trd, 4318012.443, 89
Trd, 4318014.793, 90
Trd, 4318015.193, 89
Trd, 4318015.743, 89
Trd, 4318016.543, 89
Trd, 4318017.043, 101
Trd, 4318018.893, 94
Trd, 4318021.193, 94
Trd, 4318021.943, 92
Trd, 4318024.293, 92
Trd, 4318025.343, 95
Trd, 4318031.293, 98
Trd, 4318033.593, 94
Trd, 4318034.143, 92
Trd, 4318040.243, 92
Trd, 4318040.543, 93
Trd, 4318043.093, 92
Trd, 4318043.143, 93
Trd, 4318046.243, 93
Trd, 4318052.443, 93
Trd, 4318053.893, 93
Trd, 4318055.543, 91
Trd, 4318056.493, 91
Trd, 4318059.093, 93
Trd, 4318061.993, 91
Trd, 4318062.543, 92
Trd, 4318065.293, 92
Trd, 4318065.443, 93
Trd, 4318067.843, 91
Trd, 4318076.993, 90
Trd, 4318077.093, 90
Trd, 4318077.893, 92
Trd, 4318078.043, 90
Trd, 4318078.543, 90
Trd, 4318080.343, 90
Trd, 4318081.393, 89
Trd, 4318081.943, 89
Trd, 4318082.343, 91
Trd, 4318083.893, 104
Trd, 4318087.593, 88
Trd, 4318090.443, 89
Trd, 4318091.593, 89
Trd, 4318091.793, 87
Trd, 4318094.193, 87
Trd, 4318094.243, 87
Trd, 4318098.143, 88
Trd, 4318101.643, 87
Trd, 4318103.143, 87
Trd, 4318103.793, 87
Trd, 4318105.143, 86
Trd, 4318106.493, 87
Trd, 4318106.743, 87
Trd, 4318111.643, 86
Trd, 4318111.943, 87
Trd, 4318112.793, 87
Trd, 4318118.443, 85
Trd, 4318118.593, 86
Trd, 4318119.443, 85
Trd, 4318119.893, 86
Trd, 4318120.993, 86
Trd, 4318123.443, 85
Trd, 4318124.343, 86
Trd, 4318127.393, 85
Trd, 4318127.643, 86
Trd, 4318130.693, 85
Trd, 4318131.293, 86
Trd, 4318135.443, 86
Trd, 4318139.743, 85
Trd, 4318140.743, 84
Trd, 4318142.043, 85
Trd, 4318147.393, 84
Trd, 4318148.693, 85
Trd, 4318152.793, 85
Trd, 4318154.943, 84
Trd, 4318157.093, 83
Trd, 4318157.493, 84
Trd, 4318159.693, 83
Trd, 4318159.993, 82
Trd, 4318161.643, 82
Trd, 4318163.993, 83
Trd, 4318164.943, 84
Trd, 4318170.043, 83
Trd, 4318170.093, 83
Trd, 4318172.793, 81
Trd, 4318173.993, 85
Trd, 4318175.393, 86
Trd, 4318180.143, 82
Trd, 4318182.843, 82
Trd, 4318186.443, 82
Trd, 4318189.143, 82
Trd, 4318190.943, 80
Trd, 4318191.943, 79
Trd, 4318192.093, 79
Trd, 4318194.143, 82
Trd, 4318197.943, 85
Trd, 4318198.793, 86
Trd, 4318200.143, 83
Trd, 4318203.893, 80
Trd, 4318204.293, 81
Trd, 4318207.493, 81
Trd, 4318208.743, 80
Trd, 4318209.843, 79
Trd, 4318214.843, 79
Trd, 4318215.993, 81
Trd, 4318217.293, 79
Trd, 4318219.593, 86
Trd, 4318222.543, 78
Trd, 4318224.243, 79
Trd, 4318225.493, 86
Trd, 4318226.393, 106
Trd, 4318229.343, 82
Trd, 4318231.343, 83
Trd, 4318231.843, 83
Trd, 4318233.893, 80
Trd, 4318236.943, 82
Trd, 4318241.243, 82
Trd, 4318241.993, 81
Trd, 4318245.043, 86
Trd, 4318248.043, 83
Trd, 4318249.743, 86
Trd, 4318254.943, 83
Trd, 4318256.543, 83
Trd, 4318260.243, 83
Trd, 4318263.993, 80
Trd, 4318265.593, 82
Trd, 4318266.593, 86
Trd, 4318268.443, 108
Trd, 4318270.393, 86
Trd, 4318274.243, 81
Trd, 4318274.343, 81
Trd, 4318274.443, 84
Trd, 4318277.443, 82
Trd, 4318280.093, 80
Trd, 4318281.993, 81
Trd, 4318282.443, 83
Trd, 4318284.043, 84
Trd, 4318284.893, 90
Trd, 4318285.643, 92
Trd, 4318287.243, 109
Trd, 4318289.493, 112
Trd, 4318290.543, 94
Trd, 4318294.343, 94
Trd, 4318294.443, 98
Trd, 4318296.093, 94
Trd, 4318297.893, 94
Trd, 4318298.143, 95
Trd, 4318300.343, 94
Trd, 4318301.693, 95
Trd, 4318304.843, 95
Trd, 4318308.343, 94
Trd, 4318313.243, 93
Trd, 4318313.743, 94
Trd, 4318318.093, 93
Trd, 4318320.043, 94
Trd, 4318322.693, 94
Trd, 4318324.693, 92
Trd, 4318329.193, 93
Trd, 4318329.693, 93
Trd, 4318332.493, 92
Trd, 4318333.193, 93
Trd, 4318335.643, 91
Trd, 4318337.293, 91
Trd, 4318337.593, 92
Trd, 4318338.693, 92
Trd, 4318342.093, 90
Trd, 4318343.093, 91
Trd, 4318344.543, 93
Trd, 4318345.693, 93
Trd, 4318347.043, 94
Trd, 4318347.443, 106
Trd, 4318349.643, 97
Trd, 4318349.993, 95
Trd, 4318352.343, 95
Trd, 4318353.193, 94
Trd, 4318353.843, 93
Trd, 4318355.993, 93
Trd, 4318356.593, 92
Trd, 4318357.543, 92
Trd, 4318357.993, 94
Trd, 4318361.093, 93
Trd, 4318363.043, 91
Trd, 4318365.493, 91
Trd, 4318365.743, 92
Trd, 4318367.293, 92
Trd, 4318370.543, 90
Trd, 4318370.843, 90
Trd, 4318371.743, 114
Trd, 4318376.093, 95
Trd, 4318376.843, 96
Trd, 4318378.893, 102
Trd, 4318380.793, 97
Trd, 4318386.493, 95
Trd, 4318389.043, 91
Trd, 4318390.193, 92
Trd, 4318392.343, 91
Trd, 4318393.543, 91
Trd, 4318393.743, 90
Trd, 4318398.393, 89
Trd, 4318398.793, 90
Trd, 4318399.493, 90
Trd, 4318402.643, 90
Trd, 4318405.243, 88
Trd, 4318405.443, 89
Trd, 4318406.043, 90
Trd, 4318407.343, 88
Trd, 4318411.343, 87
Trd, 4318411.443, 87
Trd, 4318411.543, 87
Trd, 4318411.843, 105
Trd, 4318416.493, 91
Trd, 4318416.693, 91
Trd, 4318418.293, 89
Trd, 4318420.193, 86
Trd, 4318420.843, 87
Trd, 4318421.893, 85
Trd, 4318423.843, 86
Trd, 4318428.293, 85
Trd, 4318428.493, 86
Trd, 4318429.393, 85
Trd, 4318429.743, 86
Trd, 4318434.943, 85
Trd, 4318436.093, 85
Trd, 4318436.493, 85
Trd, 4318439.493, 84
Trd, 4318440.493, 84
Trd, 4318440.893, 84
Trd, 4318441.193, 86
Trd, 4318442.393, 83
Trd, 4318444.643, 86
Trd, 4318446.593, 84
Trd, 4318447.993, 85
Trd, 4318451.843, 83
Trd, 4318453.043, 83
Trd, 4318459.393, 82
Trd, 4318461.493, 84
Trd, 4318464.493, 85
Trd, 4318464.743, 86
Trd, 4318466.943, 82
Trd, 4318470.193, 83
Trd, 4318470.793, 82
Trd, 4318472.643, 83
Trd, 4318474.593, 89
Trd, 4318474.943, 87
Trd, 4318475.693, 87
Trd, 4318478.193, 87
Trd, 4318478.643, 88
Trd, 4318480.593, 102
Trd, 4318481.393, 94
Trd, 4318483.343, 93
Trd, 4318486.043, 94
Trd, 4318486.343, 91
Trd, 4318487.743, 96
Trd, 4318490.893, 99
Trd, 4318491.143, 105
Trd, 4318492.243, 98
Trd, 4318493.893, 99
Trd, 4318494.443, 97
Trd, 4318495.493, 99
Trd, 4318497.843, 98
Trd, 4318502.443, 96
Trd, 4318504.143, 96
Trd, 4318507.593, 96
Trd, 4318508.193, 95
Trd, 4318509.093, 96
Trd, 4318509.743, 94
Trd, 4318510.193, 95
Trd, 4318512.093, 95
Trd, 4318512.643, 94
Trd, 4318515.643, 93
Trd, 4318516.043, 93
Trd, 4318517.743, 96
Trd, 4318518.543, 102
Trd, 4318522.043, 96
Trd, 4318524.793, 95
Trd, 4318525.393, 94
Trd, 4318527.793, 95
Trd, 4318528.793, 95
Trd, 4318532.543, 94
Trd, 4318532.893, 95
Trd, 4318535.193, 93
Trd, 4318538.293, 94
Trd, 4318538.893, 92
Trd, 4318540.843, 92
Trd, 4318542.043, 93
Trd, 4318545.693, 92
Trd, 4318546.093, 91
Trd, 4318546.143, 91
Trd, 4318546.393, 91
Trd, 4318548.943, 91
Trd, 4318550.643, 90
Trd, 4318551.193, 91
Trd, 4318554.443, 92
Trd, 4318557.093, 90
Trd, 4318560.243, 90
Trd, 4318563.393, 90
Trd, 4318564.093, 92
Trd, 4318567.743, 91
Trd, 4318569.793, 89
Trd, 4318570.293, 89
Trd, 4318570.393, 89
Trd, 4318571.493, 90
Trd, 4318572.393, 110
Trd, 4318574.243, 122
Trd, 4318578.093, 102
Trd, 4318578.393, 102
Trd, 4318579.593, 101
Trd, 4318583.743, 101
Trd, 4318585.343, 100
Trd, 4318586.843, 100
Trd, 4318587.193, 99
Trd, 4318588.493, 99
Trd, 4318597.743, 98
Trd, 4318599.543, 99
Trd, 4318600.793, 98
Trd, 4318601.843, 97
Trd, 4318603.243, 98
Trd, 4318605.293, 99
Trd, 4318605.643, 109
Trd, 4318610.293, 97
Trd, 4318610.993, 96
Trd, 4318611.693, 95
Trd, 4318612.443, 113
Trd, 4318615.493, 100
Trd, 4318618.643, 95
Trd, 4318620.243, 95
Trd, 4318620.493, 94
Trd, 4318622.043, 93
Trd, 4318622.993, 93
Trd, 4318623.993, 94
Trd, 4318627.593, 94
Trd, 4318628.143, 95
Trd, 4318629.043, 93
Trd, 4318630.493, 92
Trd, 4318630.693, 92
Trd, 4318632.393, 94
Trd, 4318637.743, 93
Trd, 4318638.843, 92
Trd, 4318640.093, 92
Trd, 4318643.293, 90
Trd, 4318643.443, 92
Trd, 4318644.893, 90
Trd, 4318646.393, 90
Trd, 4318648.193, 90
Trd, 4318649.143, 89
Trd, 4318652.593, 89
Trd, 4318654.143, 90
Trd, 4318654.493, 90
Trd, 4318656.093, 89
Trd, 4318656.593, 89
Trd, 4318661.293, 88
Trd, 4318661.443, 89
Trd, 4318662.343, 89
Trd, 4318666.393, 87
Trd, 4318667.743, 87
Trd, 4318667.943, 88
Trd, 4318669.643, 88
Trd, 4318673.893, 86
Trd, 4318674.493, 88
Trd, 4318674.993, 88
Trd, 4318675.243, 104
Trd, 4318677.143, 89
Trd, 4318683.043, 87
Trd, 4318683.293, 87
Trd, 4318686.243, 85
Trd, 4318687.743, 85
Trd, 4318689.543, 84
Trd, 4318694.593, 85
Trd, 4318695.593, 84
Trd, 4318701.393, 84
Trd, 4318703.243, 83
Trd, 4318705.843, 84
Trd, 4318708.243, 84
Trd, 4318711.093, 84
Trd, 4318711.343, 83
Trd, 4318713.843, 86
Trd, 4318715.443, 82
Trd, 4318717.693, 83
Trd, 4318719.243, 84
Trd, 4318724.343, 84
Trd, 4318725.143, 86
Trd, 4318729.043, 86
Trd, 4318730.393, 84
Trd, 4318730.793, 83
Trd, 4318734.993, 84
Trd, 4318735.193, 86
Trd, 4318736.443, 106
Trd, 4318737.543, 93
Trd, 4318738.793, 96
Trd, 4318738.843, 92
Trd, 4318741.643, 96
Trd, 4318741.893, 95
Trd, 4318744.843, 108
Trd, 4318746.143, 102
Trd, 4318746.593, 102
Trd, 4318746.693, 98
Trd, 4318749.143, 98
Trd, 4318750.493, 102
Trd, 4318752.893, 98
Trd, 4318752.943, 98
Trd, 4318756.343, 97
Trd, 4318756.993, 98
Trd, 4318759.943, 97
Trd, 4318762.593, 98
Trd, 4318764.393, 98
Trd, 4318764.893, 98
Trd, 4318767.793, 96
Trd, 4318768.743, 98
Trd, 4318768.843, 106
Trd, 4318772.243, 99
Trd, 4318774.293, 99
Trd, 4318780.293, 96
Trd, 4318780.693, 95
Trd, 4318782.593, 95
Trd, 4318784.793, 95
Trd, 4318785.743, 94
Trd, 4318786.693, 95
Trd, 4318791.943, 93
Trd, 4318792.143, 93
Trd, 4318792.843, 92
Trd, 4318794.643, 94
Trd, 4318795.893, 94
Trd, 4318797.193, 94
Trd, 4318799.993, 94
Trd, 4318802.943, 94
Trd, 4318806.693, 91
Trd, 4318807.043, 91
Trd, 4318809.843, 91
Trd, 4318810.343, 90
Trd, 4318813.643, 90
Trd, 4318818.793, 91
Trd, 4318819.693, 90
Trd, 4318821.443, 91
Trd, 4318823.043, 92
Trd, 4318824.543, 92
Trd, 4318825.843, 93
Trd, 4318826.693, 92
Trd, 4318829.043, 92
Trd, 4318830.043, 91
Trd, 4318832.893, 91
Trd, 4318833.543, 92
Trd, 4318835.743, 93
Trd, 4318836.443, 96
Trd, 4318837.143, 96
Trd, 4318837.793, 107
Trd, 4318841.743, 99
Trd, 4318842.543, 98
Trd, 4318842.843, 113
Trd, 4318847.743, 97
Trd, 4318852.193, 95
Trd, 4318854.043, 94
Trd, 4318854.343, 95
Trd, 4318854.843, 96
Trd, 4318856.693, 99
Trd, 4318857.393, 97
Trd, 4318859.543, 99
Trd, 4318861.543, 100
Trd, 4318865.693, 96
Trd, 4318867.393, 97
Trd, 4318869.643, 97
Trd, 4318869.843, 96
Trd, 4318874.343, 96
Trd, 4318877.643, 97
Trd, 4318881.593, 97
Trd, 4318884.093, 96
Trd, 4318886.243, 97
Trd, 4318886.893, 95
Trd, 4318888.943, 95
Trd, 4318892.143, 96
Trd, 4318895.643, 94
Trd, 4318895.743, 96
Trd, 4318897.793, 95
Trd, 4318898.293, 93
Trd, 4318899.393, 93
Trd, 4318900.343, 110
Trd, 4318904.893, 93
Trd, 4318907.693, 94
Trd, 4318908.743, 93
Trd, 4318909.093, 94
Trd, 4318912.043, 94
Trd, 4318915.943, 94
Trd, 4318917.343, 93
Trd, 4318918.893, 92
Trd, 4318922.343, 93
Trd, 4318922.743, 91
Trd, 4318923.493, 90
Trd, 4318924.593, 91
Trd, 4318925.243, 91
Trd, 4318928.343, 92
Trd, 4318928.543, 92
Trd, 4318928.693, 91
Trd, 4318929.443, 90
Trd, 4318931.143, 93
Trd, 4318931.843, 92
Trd, 4318932.693, 112
Trd, 4318937.393, 98
Trd, 4318939.243, 97
Trd, 4318939.293, 99
Trd, 4318939.993, 96
Trd, 4318943.143, 95
Trd, 4318943.593, 96
Trd, 4318947.393, 97
Trd, 4318950.243, 94
Trd, 4318952.293, 94
Trd, 4318952.743, 94
Trd, 4318955.493, 93
Trd, 4318956.043, 94
Trd, 4318958.793, 93
Trd, 4318961.543, 92
Trd, 4318963.043, 91
Trd, 4318966.143, 92
Trd, 4318967.643, 90
Trd, 4318968.993, 91
Trd, 4318971.793, 91
Trd, 4318973.343, 90
Trd, 4318981.543, 90
Trd, 4318982.243, 89
Trd, 4318982.993, 89
Trd, 4318984.543, 91
Trd, 4318985.843, 96
Trd, 4318986.393, 104
Trd, 4318987.643, 97
Trd, 4318989.993, 100
Trd, 4318991.393, 99
Trd, 4318992.443, 98
Trd, 4318992.793, 97
Trd, 4318995.643, 97
Trd, 4318997.243, 96
Trd, 4318999.093, 95
Trd, 4319001.593, 95
Trd, 4319004.143, 95
Trd, 4319004.193, 108
Trd, 4319008.493, 98
Trd, 4319010.993, 97
Trd, 4319014.843, 96
Trd, 4319015.393, 97
Trd, 4319020.293, 94
Trd, 4319020.743, 96
Trd, 4319023.043, 94
Trd, 4319025.143, 95
Trd, 4319028.393, 94
Trd, 4319030.143, 94
Trd, 4319030.593, 104
Trd, 4319037.043, 95
Trd, 4319037.893, 94
Trd, 4319038.393, 93
Trd, 4319039.243, 93
Trd, 4319042.093, 105
Trd, 4319044.693, 100
Trd, 4319046.043, 100
Trd, 4319046.243, 101
Trd, 4319048.593, 100
Trd, 4319050.243, 99
Trd, 4319051.293, 100
Trd, 4319054.193, 100
Trd, 4319056.343, 98
Trd, 4319057.093, 98
Trd, 4319057.143, 97
Trd, 4319058.643, 97
Trd, 4319062.093, 97
Trd, 4319062.843, 96
Trd, 4319063.143, 95
Trd, 4319063.543, 95
Trd, 4319065.593, 94
Trd, 4319066.593, 95
Trd, 4319067.893, 92
Trd, 4319068.143, 95
Trd, 4319069.993, 94
Trd, 4319073.343, 94
Trd, 4319076.243, 93
Trd, 4319077.393, 92
Trd, 4319078.543, 91
Trd, 4319080.543, 92
Trd, 4319081.493, 92
Trd, 4319084.193, 91
Trd, 4319085.193, 89
Trd, 4319085.943, 90
Trd, 4319087.893, 89
Trd, 4319088.443, 90
Trd, 4319089.693, 96
Trd, 4319093.243, 96
Trd, 4319095.443, 96
Trd, 4319095.893, 95
Trd, 4319097.893, 101
Trd, 4319098.943, 97
Trd, 4319100.493, 95
Trd, 4319101.043, 111
Trd, 4319103.293, 104
Trd, 4319107.943, 96
Trd, 4319112.493, 94
Trd, 4319113.193, 94
Trd, 4319113.293, 95
Trd, 4319117.093, 94
Trd, 4319117.343, 95
Trd, 4319119.043, 93
Trd, 4319122.393, 94
Trd, 4319125.193, 92
Trd, 4319125.343, 92
Trd, 4319126.243, 93
Trd, 4319128.543, 92
Trd, 4319130.343, 91
Trd, 4319132.043, 92
Trd, 4319132.293, 92
Trd, 4319133.693, 93
Trd, 4319134.493, 93
Trd, 4319134.593, 92
Trd, 4319135.343, 107
Trd, 4319138.993, 96
Trd, 4319141.093, 98
Trd, 4319143.343, 94
Trd, 4319143.443, 93
Trd, 4319144.243, 93
Trd, 4319145.843, 92
Trd, 4319146.443, 94
Trd, 4319148.043, 93
Trd, 4319151.343, 93
Trd, 4319154.093, 93
Trd, 4319154.893, 92
Trd, 4319155.743, 92
Trd, 4319156.093, 94
Trd, 4319157.093, 108
Trd, 4319162.943, 96
Trd, 4319164.843, 94
Trd, 4319165.793, 91
Trd, 4319166.243, 94
Trd, 4319168.393, 92
Trd, 4319172.343, 92
Trd, 4319172.893, 91
Trd, 4319174.693, 90
Trd, 4319175.093, 91
Trd, 4319178.343, 91
Trd, 4319179.493, 89
Trd, 4319182.593, 90
Trd, 4319183.093, 114
Trd, 4319184.443, 93
Trd, 4319186.343, 93
Trd, 4319189.543, 92
Trd, 4319191.143, 93
Trd, 4319192.443, 91
Trd, 4319193.093, 93
Trd, 4319196.193, 90
Trd, 4319196.543, 90
Trd, 4319196.743, 90
Trd, 4319200.843, 114
Trd, 4319201.643, 97
Trd, 4319204.843, 92
Trd, 4319206.393, 92
Trd, 4319207.993, 92
Trd, 4319209.193, 90
Trd, 4319209.543, 89
Trd, 4319210.393, 92
Trd, 4319213.293, 90
Trd, 4319213.443, 90
Trd, 4319214.993, 92
Trd, 4319216.493, 92
Trd, 4319216.793, 92
Trd, 4319218.443, 104
Trd, 4319220.293, 100
Trd, 4319222.493, 94
Trd, 4319224.343, 99
Trd, 4319226.893, 97
Trd, 4319227.293, 100
Trd, 4319229.443, 99
Trd, 4319231.493, 97
Trd, 4319233.043, 96
Trd, 4319233.193, 97
Trd, 4319238.593, 95
Trd, 4319239.343, 95
Trd, 4319239.593, 97
Trd, 4319242.693, 95
Trd, 4319244.243, 95
Trd, 4319245.693, 95
Trd, 4319246.393, 94
Trd, 4319248.493, 95
Trd, 4319252.693, 96
Trd, 4319253.443, 97
Trd, 4319257.093, 94
Trd, 4319258.443, 95
Trd, 4319263.643, 94
Trd, 4319264.793, 94
Trd, 4319268.643, 94
Trd, 4319269.943, 93
Trd, 4319270.143, 92
Trd, 4319270.493, 92
Trd, 4319270.543, 113
Trd, 4319274.643, 91
Trd, 4319274.743, 93
Trd, 4319275.593, 93
Trd, 4319278.543, 93
Trd, 4319279.843, 92
Trd, 4319285.493, 91
Trd, 4319286.243, 92
Trd, 4319288.543, 90
Trd, 4319290.093, 90
Trd, 4319290.893, 90
Trd, 4319294.543, 89
Trd, 4319296.943, 90
Trd, 4319297.793, 90
Trd, 4319298.793, 89
Trd, 4319299.193, 88
Trd, 4319303.443, 89
Trd, 4319303.793, 88
Trd, 4319306.143, 88
Trd, 4319306.193, 87
Trd, 4319307.743, 86
Trd, 4319310.043, 86
Trd, 4319310.943, 87
Trd, 4319314.093, 87
Trd, 4319317.743, 85
Trd, 4319320.193, 86
Trd, 4319320.843, 86
Trd, 4319324.143, 86
Trd, 4319325.143, 86
Trd, 4319327.543, 85
Trd, 4319328.143, 86
Trd, 4319329.043, 84
Trd, 4319329.793, 85
Trd, 4319330.393, 86
Trd, 4319333.243, 84
Trd, 4319340.993, 84
Trd, 4319343.593, 83
Trd, 4319343.643, 84
Trd, 4319344.393, 86
Trd, 4319346.893, 82
Trd, 4319350.093, 83
Trd, 4319350.493, 82
Trd, 4319350.593, 86
Trd, 4319352.893, 85
Trd, 4319356.493, 83
Trd, 4319357.843, 81
Trd, 4319357.943, 83
Trd, 4319359.843, 86
Trd, 4319364.293, 81
Trd, 4319364.443, 80
Trd, 4319365.143, 80
Trd, 4319367.593, 80
Trd, 4319369.543, 85
Trd, 4319375.893, 80
Trd, 4319379.293, 80
Trd, 4319380.243, 79
Trd, 4319380.993, 79
Trd, 4319381.793, 84
Trd, 4319384.243, 81
Trd, 4319389.943, 81
Trd, 4319391.993, 78
Trd, 4319392.443, 78
Trd, 4319395.443, 78
Trd, 4319395.793, 79
Trd, 4319396.043, 86
Trd, 4319397.743, 113
Trd, 4319398.093, 101
Trd, 4319400.293, 98
Trd, 4319403.943, 93
Trd, 4319404.043, 93
Trd, 4319404.393, 94
Trd, 4319405.293, 114
Trd, 4319406.793, 95
Trd, 4319407.543, 93
Trd, 4319410.843, 92
Trd, 4319412.193, 93
Trd, 4319413.493, 93
Trd, 4319414.743, 91
Trd, 4319415.543, 92
Trd, 4319417.193, 92
Trd, 4319420.943, 90
Trd, 4319423.243, 89
Trd, 4319425.043, 91
Trd, 4319427.793, 90
Trd, 4319429.493, 89
Trd, 4319430.643, 89
Trd, 4319431.193, 88
Trd, 4319434.293, 89
Trd, 4319437.593, 87
Trd, 4319437.993, 86
Trd, 4319438.093, 89
Trd, 4319440.393, 87
Trd, 4319442.343, 86
Trd, 4319443.143, 87
Trd, 4319446.893, 88
Trd, 4319448.593, 89
Trd, 4319449.143, 89
Trd, 4319450.093, 102
Trd, 4319454.443, 89
Trd, 4319455.193, 88
Trd, 4319456.893, 88
Trd, 4319457.493, 87
Trd, 4319457.893, 89
Trd, 4319462.193, 91
Trd, 4319462.343, 91
Trd, 4319463.843, 91
Trd, 4319464.593, 110
Trd, 4319467.443, 93
Trd, 4319468.543, 91
Trd, 4319468.793, 95
Trd, 4319473.343, 94
Trd, 4319476.293, 93
Trd, 4319478.143, 93
Trd, 4319478.993, 93
Trd, 4319479.643, 93
Trd, 4319481.493, 94
Trd, 4319482.393, 93
Trd, 4319482.743, 93
Trd, 4319483.793, 105
Trd, 4319488.543, 98
Trd, 4319490.893, 95
Trd, 4319494.043, 94
Trd, 4319496.343, 93
Trd, 4319496.493, 92
Trd, 4319498.343, 93
Trd, 4319500.043, 92
Trd, 4319501.293, 91
Trd, 4319504.243, 90
Trd, 4319506.193, 91
Trd, 4319509.093, 91
Trd, 4319509.743, 91
Trd, 4319510.743, 89
Trd, 4319511.693, 90
Trd, 4319514.943, 89
Trd, 4319516.293, 90
Trd, 4319518.693, 90
Trd, 4319518.893, 90
Trd, 4319524.743, 89
Trd, 4319526.943, 104
Trd, 4319529.643, 92
Trd, 4319534.443, 88
Trd, 4319534.593, 88
Trd, 4319534.643, 108
Trd, 4319536.143, 95
Trd, 4319539.393, 93
Trd, 4319540.143, 93
Trd, 4319540.543, 94
Trd, 4319541.593, 95
Trd, 4319541.943, 106
Trd, 4319546.393, 95
Trd, 4319546.843, 96
Trd, 4319547.743, 97
Trd, 4319549.543, 94
Trd, 4319554.093, 95
Trd, 4319556.743, 94
Trd, 4319557.443, 104
Trd, 4319558.793, 98
Trd, 4319561.143, 94
Trd, 4319563.293, 93
Trd, 4319563.493, 95
Trd, 4319565.993, 93
Trd, 4319566.593, 95
Trd, 4319567.793, 95
Trd, 4319569.543, 106
Trd, 4319571.893, 95
Trd, 4319575.543, 95
Trd, 4319577.393, 92
Trd, 4319578.043, 94
Trd, 4319580.293, 93
Trd, 4319584.093, 91
Trd, 4319584.293, 91
Trd, 4319587.743, 91
Trd, 4319587.893, 90
Trd, 4319588.593, 91
Trd, 4319590.593, 89
Trd, 4319590.893, 89
Trd, 4319593.543, 91
Trd, 4319596.443, 91
Trd, 4319599.343, 90
Trd, 4319602.943, 88
Trd, 4319603.243, 88
Trd, 4319606.093, 89
Trd, 4319606.443, 91
Trd, 4319612.693, 87
Trd, 4319613.443, 89
Trd, 4319614.443, 87
Trd, 4319615.243, 87
Trd, 4319616.643, 87
Trd, 4319617.393, 88
Trd, 4319618.393, 89
Trd, 4319620.593, 88
Trd, 4319622.443, 89
Trd, 4319623.643, 90
Trd, 4319624.393, 90
Trd, 4319626.993, 92
Trd, 4319627.493, 91
Trd, 4319629.243, 92
Trd, 4319630.443, 91
Trd, 4319632.043, 100
Trd, 4319635.093, 96
Trd, 4319640.393, 94
Trd, 4319641.943, 93
Trd, 4319643.743, 93
Trd, 4319647.093, 92
Trd, 4319647.293, 93
Trd, 4319649.893, 93
Trd, 4319650.543, 94
Trd, 4319651.293, 93
Trd, 4319651.693, 92
Trd, 4319652.493, 96
Trd, 4319655.343, 95
Trd, 4319656.093, 109
Trd, 4319662.043, 94
Trd, 4319664.843, 95
Trd, 4319666.093, 93
Trd, 4319669.693, 94
Trd, 4319669.893, 93
Trd, 4319671.743, 94
Trd, 4319674.043, 96
Trd, 4319674.143, 95
Trd, 4319675.043, 95
Trd, 4319675.143, 94
Trd, 4319676.193, 93
Trd, 4319677.643, 102
Trd, 4319680.143, 96
Trd, 4319681.543, 95
Trd, 4319682.243, 105
Trd, 4319685.093, 99
Trd, 4319686.293, 99
Trd, 4319691.043, 95
Trd, 4319693.293, 95
Trd, 4319694.243, 94
Trd, 4319695.293, 95
Trd, 4319699.943, 95
Trd, 4319702.093, 94
Trd, 4319703.443, 93
Trd, 4319703.593, 94
Trd, 4319704.343, 93
Trd, 4319706.193, 93
Trd, 4319708.193, 92
Trd, 4319712.393, 93
Trd, 4319713.343, 98
Trd, 4319715.843, 97
Trd, 4319717.643, 96
Trd, 4319719.193, 95
Trd, 4319719.443, 94
Trd, 4319720.393, 95
Trd, 4319722.543, 96
Trd, 4319724.243, 94
Trd, 4319725.693, 94
Trd, 4319728.843, 94
Trd, 4319729.243, 93
Trd, 4319729.443, 94
Trd, 4319733.093, 93
Trd, 4319733.543, 94
Trd, 4319736.543, 92
Trd, 4319737.693, 94
Trd, 4319740.743, 94
Trd, 4319744.093, 92
Trd, 4319744.543, 94
Trd, 4319748.643, 94
Trd, 4319748.943, 94
Trd, 4319755.043, 92
Trd, 4319755.293, 91
Trd, 4319757.943, 91
Trd, 4319758.593, 92
Trd, 4319764.443, 91
Trd, 4319766.043, 91
Trd, 4319766.143, 91
Trd, 4319766.493, 90
Trd, 4319768.093, 91
Trd, 4319770.443, 90
Trd, 4319772.943, 90
Trd, 4319773.193, 91
Trd, 4319775.243, 89
Trd, 4319777.793, 90
Trd, 4319780.593, 89
Trd, 4319782.043, 90
Trd, 4319782.693, 89
Trd, 4319784.443, 90
Trd, 4319786.893, 89
Trd, 4319788.693, 90
Trd, 4319789.393, 89
Trd, 4319790.393, 89
Trd, 4319793.193, 89
Trd, 4319796.043, 88
Trd, 4319797.843, 89
Trd, 4319798.193, 89
Trd, 4319801.743, 88
Trd, 4319802.343, 87
Trd, 4319803.443, 88
Trd, 4319805.643, 88
Trd, 4319806.143, 86
Trd, 4319808.743, 88
Trd, 4319810.243, 87
Trd, 4319811.043, 86
Trd, 4319812.443, 86
Trd, 4319815.193, 85
Trd, 4319815.743, 86
Trd, 4319817.843, 84
Trd, 4319822.793, 84
Trd, 4319823.543, 83
Trd, 4319824.643, 84
Trd, 4319824.893, 87
Trd, 4319830.243, 84
Trd, 4319830.293, 83
Trd, 4319831.143, 85
Trd, 4319833.543, 85
Trd, 4319838.593, 86
Trd, 4319839.243, 92
Trd, 4319839.493, 87
Trd, 4319840.993, 98
Trd, 4319842.543, 91
Trd, 4319843.393, 89
Trd, 4319846.643, 96
Trd, 4319847.143, 94
Trd, 4319847.343, 107
Trd, 4319849.293, 99
Trd, 4319850.243, 105
Trd, 4319852.043, 96
Trd, 4319855.993, 102
Trd, 4319857.043, 103
Trd, 4319859.843, 97
Trd, 4319862.843, 102
Trd, 4319870.743, 97
Trd, 4319872.543, 96
Trd, 4319875.293, 95
Trd, 4319878.893, 95
Trd, 4319879.993, 94
Trd, 4319880.143, 95
Trd, 4319882.493, 93
Trd, 4319887.643, 92
Trd, 4319888.243, 94
Trd, 4319890.393, 92
Trd, 4319891.043, 92
Trd, 4319895.393, 92
Trd, 4319896.893, 91
Trd, 4319897.543, 92
Trd, 4319897.793, 91
Trd, 4319898.493, 122
Trd, 4319902.943, 90
Trd, 4319903.643, 93
Trd, 4319905.793, 90
Trd, 4319907.643, 90
Trd, 4319910.493, 106
Trd, 4319912.443, 94
Trd, 4319912.893, 92
Trd, 4319914.543, 94
Trd, 4319915.543, 95
Trd, 4319918.443, 91
Trd, 4319919.343, 90
Trd, 4319921.493, 90
Trd, 4319924.093, 104
Trd, 4319925.993, 96
Trd, 4319928.893, 96
Trd, 4319932.043, 95
Trd, 4319933.143, 95
Trd, 4319934.343, 96
Trd, 4319934.893, 97
Trd, 4319936.443, 106
Trd, 4319939.943, 98
Trd, 4319946.443, 95
Trd, 4319946.643, 95
Trd, 4319947.993, 95
Trd, 4319948.743, 95
Trd, 4319948.843, 95
Trd, 4319948.943, 94
Trd, 4319950.343, 93
Trd, 4319950.943, 105
Trd, 4319953.993, 96
Trd, 4319955.643, 96
Trd, 4319956.243, 94
Trd, 4319958.193, 95
Trd, 4319961.893, 96
Trd, 4319964.543, 94
Trd, 4319964.943, 93
Trd, 4319965.493, 94
Trd, 4319970.143, 93
Trd, 4319973.093, 92
Trd, 4319974.093, 93
Trd, 4319974.143, 92
Trd, 4319974.543, 91
Trd, 4319977.093, 91
Trd, 4319979.393, 92
Trd, 4319980.093, 92
Trd, 4319981.443, 91
Trd, 4319982.143, 92
Trd, 4319984.743, 91
Trd, 4319985.593, 92
Trd, 4319990.643, 91
Trd, 4319991.093, 90
Trd, 4319991.393, 91
Trd, 4319992.143, 91
Trd, 4319994.993, 94
Trd, 4319997.543, 93
Trd, 4319999.793, 93
