Trd, 4317840.493, 92
Trd, 4317842.043, 92
Trd, 4317842.893, 99
Trd, 4317844.493, 94
Trd, 4317845.343, 94
Trd, 4317848.043, 95
Trd, 4317849.543, 95
Trd, 4317849.743, 95
Trd, 4317853.843, 95
Trd, 4317853.993, 94
Trd, 4317855.843, 94
Trd, 4317859.243, 95
Trd, 4317860.043, 95
Trd, 4317861.593, 94
Trd, 4317863.993, 95
Trd, 4317867.043, 95
Trd, 4317868.943, 100
Trd, 4317870.943, 96
Trd, 4317872.243, 96
Trd, 4317873.943, 96
Trd, 4317876.643, 93
Trd, 4317877.093, 95
Trd, 4317880.343, 94
Trd, 4317882.593, 94
Trd, 4317884.293, 92
Trd, 4317884.543, 94
Trd, 4317886.443, 93
Trd, 4317888.143, 91
Trd, 4317892.293, 94
Trd, 4317893.793, 90
Trd, 4317894.843, 94
Trd, 4317895.543, 94
Trd, 4317895.793, 94
Trd, 4317896.843, 96
Trd, 4317900.093, 96
Trd, 4317900.443, 96
Trd, 4317901.743, 90
Trd, 4317903.143, 94
Trd, 4317905.043, 94
Trd, 4317905.093, 95
Trd, 4317906.093, 90
Trd, 4317907.393, 94
Trd, 4317915.143, 94
Trd, 4317915.843, 93
Trd, 4317917.593, 92
Trd, 4317919.243, 97
Trd, 4317919.493, 98
Trd, 4317920.093, 116
Trd, 4317921.043, 101
Trd, 4317922.493, 101
Trd, 4317922.843, 99
Trd, 4317922.943, 100
Trd, 4317923.943, 95
Trd, 4317926.743, 97
Trd, 4317927.093, 97
Trd, 4317931.393, 98
Trd, 4317931.643, 96
Trd, 4317932.343, 95
Trd, 4317934.593, 98
Trd, 4317935.093, 93
Trd, 4317935.993, 98
Trd, 4317938.993, 98
Trd, 4317941.943, 94
Trd, 4317942.593, 94
Trd, 4317943.293, 94
Trd, 4317946.993, 94
Trd, 4317948.593, 93
Trd, 4317950.793, 92
Trd, 4317951.543, 95
Trd, 4317952.643, 93
Trd, 4317956.043, 94
Trd, 4317958.893, 94
Trd, 4317959.393, 95
Trd, 4317959.493, 92
Trd, 4317962.293, 93
Trd, 4317963.043, 92
Trd, 4317968.893, 92
Trd, 4317970.443, 92
Trd, 4317971.593, 92
Trd, 4317974.443, 91
Trd, 4317974.643, 92
Trd, 4317975.243, 92
Trd, 4317976.393, 115
Trd, 4317977.493, 96
Trd, 4317982.593, 94
Trd, 4317984.593, 94
Trd, 4317986.843, 91
Trd, 4317988.193, 94
Trd, 4317989.843, 94
Trd, 4317991.493, 91
Trd, 4317991.643, 94
Trd, 4317991.943, 94
Trd, 4317992.743, 95
Trd, 4317994.293, 94
Trd, 4317996.643, 91
Trd, 4317996.793, 94
Trd, 4317998.143, 94
Trd, 4317998.843, 95
Trd, 4318000.993, 119
Trd, 4318001.043, 113
Trd, 4318001.293, 101
Trd, 4318003.343, 106
Trd, 4318006.293, 100
Trd, 4318007.093, 101
Trd, 4318007.743, 100
Trd, 4318010.243, 100
Trd, 4318010.293, 107
Trd, 4318011.843, 103
Trd, 4318012.093, 104
Trd, 4318013.943, 97
Trd, 4318014.793, 97
Trd, 4318017.443, 104
Trd, 4318018.443, 104
Trd, 4318020.793, 100
Trd, 4318022.043, 100
Trd, 4318023.443, 99
Trd, 4318023.843, 98
Trd, 4318023.993, 98
Trd, 4318025.843, 100
Trd, 4318026.543, 97
Trd, 4318027.893, 97
Trd, 4318028.693, 114
Trd, 4318029.543, 131
Trd, 4318031.793, 120
Trd, 4318031.893, 100
Trd, 4318034.893, 108
Trd, 4318035.243, 107
Trd, 4318035.893, 114
Trd, 4318036.693, 95
Trd, 4318037.493, 94
Trd, 4318039.543, 98
Trd, 4318039.793, 102
Trd, 4318040.543, 94
Trd, 4318043.993, 94
Trd, 4318044.093, 96
Trd, 4318044.893, 96
Trd, 4318045.743, 93
Trd, 4318046.393, 96
Trd, 4318049.293, 93
Trd, 4318050.093, 95
Trd, 4318050.143, 96
Trd, 4318052.493, 95
Trd, 4318054.093, 93
Trd, 4318055.493, 94
Trd, 4318055.893, 93
Trd, 4318056.943, 93
Trd, 4318058.593, 93
Trd, 4318061.293, 92
Trd, 4318061.893, 93
Trd, 4318063.843, 91
Trd, 4318064.443, 93
Trd, 4318064.493, 93
Trd, 4318066.693, 93
Trd, 4318068.643, 93
Trd, 4318069.193, 98
Trd, 4318073.193, 94
Trd, 4318075.093, 94
Trd, 4318075.993, 94
Trd, 4318076.493, 94
Trd, 4318080.443, 91
Trd, 4318081.993, 94
Trd, 4318083.393, 93
Trd, 4318083.493, 91
Trd, 4318086.643, 92
Trd, 4318087.843, 92
Trd, 4318089.093, 92
Trd, 4318091.943, 92
Trd, 4318093.143, 91
Trd, 4318093.193, 90
Trd, 4318093.343, 90
Trd, 4318094.093, 97
Trd, 4318096.543, 93
Trd, 4318098.293, 90
Trd, 4318098.893, 92
Trd, 4318099.493, 91
Trd, 4318101.443, 89
Trd, 4318105.443, 91
Trd, 4318106.693, 92
Trd, 4318107.043, 101
Trd, 4318110.193, 88
Trd, 4318113.493, 92
Trd, 4318113.993, 92
Trd, 4318117.893, 93
Trd, 4318118.743, 92
Trd, 4318119.193, 94
Trd, 4318120.943, 102
Trd, 4318121.293, 97
Trd, 4318122.843, 98
Trd, 4318123.993, 98
Trd, 4318124.743, 98
Trd, 4318125.043, 98
Trd, 4318126.043, 98
Trd, 4318129.143, 109
Trd, 4318130.093, 103
Trd, 4318130.593, 102
Trd, 4318133.793, 104
Trd, 4318133.893, 115
Trd, 4318135.443, 102
Trd, 4318136.693, 101
Trd, 4318136.793, 94
Trd, 4318137.993, 95
Trd, 4318138.493, 93
Trd, 4318139.793, 105
Trd, 4318141.293, 96
Trd, 4318141.943, 97
Trd, 4318143.043, 96
Trd, 4318144.943, 95
Trd, 4318146.243, 96
Trd, 4318146.843, 97
Trd, 4318147.943, 114
Trd, 4318149.693, 102
Trd, 4318153.543, 101
Trd, 4318154.993, 102
Trd, 4318155.893, 102
Trd, 4318156.493, 103
Trd, 4318156.893, 100
Trd, 4318158.093, 98
Trd, 4318160.993, 99
Trd, 4318161.643, 98
Trd, 4318165.493, 95
Trd, 4318165.593, 99
Trd, 4318166.593, 96
Trd, 4318167.793, 95
Trd, 4318169.093, 96
Trd, 4318170.993, 93
Trd, 4318172.643, 96
Trd, 4318173.343, 96
Trd, 4318176.493, 96
Trd, 4318178.293, 96
Trd, 4318179.843, 96
Trd, 4318180.643, 96
Trd, 4318183.093, 93
Trd, 4318183.543, 96
Trd, 4318184.243, 96
Trd, 4318184.943, 93
Trd, 4318186.093, 96
Trd, 4318190.143, 93
Trd, 4318190.693, 98
Trd, 4318191.143, 93
Trd, 4318191.193, 94
Trd, 4318191.793, 115
Trd, 4318198.243, 95
Trd, 4318198.443, 94
Trd, 4318198.693, 96
Trd, 4318202.243, 94
Trd, 4318202.443, 96
Trd, 4318202.693, 96
Trd, 4318203.893, 96
Trd, 4318206.993, 96
Trd, 4318208.293, 95
Trd, 4318209.843, 95
Trd, 4318210.243, 92
Trd, 4318213.943, 95
Trd, 4318215.043, 92
Trd, 4318215.693, 95
Trd, 4318217.193, 91
Trd, 4318219.893, 95
Trd, 4318220.843, 95
Trd, 4318222.143, 95
Trd, 4318223.393, 105
Trd, 4318224.093, 103
Trd, 4318224.893, 103
Trd, 4318225.593, 101
Trd, 4318226.043, 119
Trd, 4318229.893, 94
Trd, 4318230.743, 96
Trd, 4318231.443, 95
Trd, 4318232.143, 98
Trd, 4318233.093, 87
Trd, 4318236.093, 92
Trd, 4318239.243, 91
Trd, 4318239.893, 92
Trd, 4318240.443, 91
Trd, 4318240.943, 90
Trd, 4318242.793, 95
Trd, 4318242.843, 118
Trd, 4318244.393, 87
Trd, 4318245.593, 84
Trd, 4318246.393, 87
Trd, 4318246.593, 86
Trd, 4318249.193, 116
Trd, 4318249.343, 97
Trd, 4318250.143, 97
Trd, 4318251.043, 91
Trd, 4318251.243, 95
Trd, 4318251.943, 94
Trd, 4318252.943, 93
Trd, 4318253.793, 88
Trd, 4318254.643, 109
Trd, 4318257.693, 93
Trd, 4318258.693, 93
Trd, 4318262.493, 95
Trd, 4318265.243, 94
Trd, 4318265.893, 93
Trd, 4318266.693, 93
Trd, 4318268.593, 94
Trd, 4318269.243, 97
Trd, 4318269.943, 113
Trd, 4318270.793, 101
Trd, 4318272.343, 98
Trd, 4318273.043, 94
Trd, 4318274.493, 97
Trd, 4318274.743, 94
Trd, 4318275.193, 116
Trd, 4318277.193, 96
Trd, 4318280.043, 95
Trd, 4318282.243, 93
Trd, 4318282.293, 96
Trd, 4318285.793, 96
Trd, 4318286.043, 96
Trd, 4318287.193, 95
Trd, 4318288.293, 92
Trd, 4318290.593, 95
Trd, 4318291.943, 92
Trd, 4318292.043, 95
Trd, 4318292.993, 113
Trd, 4318294.793, 99
Trd, 4318296.143, 86
Trd, 4318297.193, 86
Trd, 4318298.093, 86
Trd, 4318298.693, 86
Trd, 4318299.593, 85
Trd, 4318300.593, 99
Trd, 4318301.693, 89
Trd, 4318301.843, 96
Trd, 4318302.693, 94
Trd, 4318303.043, 92
Trd, 4318304.793, 94
Trd, 4318306.043, 114
Trd, 4318306.693, 97
Trd, 4318310.243, 95
Trd, 4318310.893, 95
Trd, 4318313.143, 95
Trd, 4318313.893, 93
Trd, 4318315.093, 95
Trd, 4318315.893, 95
Trd, 4318316.093, 103
Trd, 4318317.593, 93
Trd, 4318321.343, 98
Trd, 4318322.793, 97
Trd, 4318323.293, 99
Trd, 4318324.393, 99
Trd, 4318325.393, 100
Trd, 4318325.543, 115
Trd, 4318328.143, 100
Trd, 4318329.793, 95
Trd, 4318329.993, 97
Trd, 4318330.643, 100
Trd, 4318330.993, 115
Trd, 4318332.143, 131
Trd, 4318334.193, 110
Trd, 4318336.493, 101
Trd, 4318337.643, 105
Trd, 4318339.493, 102
Trd, 4318339.743, 100
Trd, 4318342.493, 98
Trd, 4318343.593, 101
Trd, 4318344.293, 102
Trd, 4318347.043, 95
Trd, 4318347.743, 95
Trd, 4318349.693, 95
Trd, 4318351.743, 96
Trd, 4318353.543, 97
Trd, 4318355.043, 94
Trd, 4318357.493, 93
Trd, 4318358.443, 93
Trd, 4318360.543, 93
Trd, 4318360.743, 102
Trd, 4318362.043, 99
Trd, 4318363.393, 94
Trd, 4318365.143, 94
Trd, 4318365.393, 99
Trd, 4318365.793, 92
Trd, 4318366.543, 97
Trd, 4318370.643, 95
Trd, 4318370.943, 97
Trd, 4318372.243, 91
Trd, 4318374.393, 92
Trd, 4318374.693, 95
Trd, 4318376.243, 95
Trd, 4318378.993, 93
Trd, 4318382.793, 93
Trd, 4318384.243, 93
Trd, 4318385.093, 94
Trd, 4318386.043, 91
Trd, 4318386.093, 94
Trd, 4318388.843, 94
Trd, 4318389.493, 94
Trd, 4318391.843, 94
Trd, 4318394.493, 94
Trd, 4318395.693, 94
Trd, 4318399.943, 94
Trd, 4318400.943, 94
Trd, 4318401.593, 91
Trd, 4318403.443, 94
Trd, 4318404.393, 98
Trd, 4318405.793, 97
Trd, 4318407.393, 95
Trd, 4318407.743, 96
Trd, 4318408.793, 95
Trd, 4318411.093, 96
Trd, 4318411.893, 95
Trd, 4318413.243, 96
Trd, 4318414.343, 96
Trd, 4318415.143, 96
Trd, 4318415.393, 94
Trd, 4318415.443, 96
Trd, 4318417.293, 96
Trd, 4318418.143, 96
Trd, 4318420.293, 96
Trd, 4318422.093, 95
Trd, 4318422.443, 94
Trd, 4318423.243, 108
Trd, 4318424.093, 95
Trd, 4318426.393, 97
Trd, 4318426.743, 98
Trd, 4318428.243, 98
Trd, 4318428.443, 113
Trd, 4318429.843, 97
Trd, 4318430.993, 99
Trd, 4318431.743, 96
Trd, 4318433.843, 95
Trd, 4318434.193, 95
Trd, 4318435.043, 95
Trd, 4318436.443, 95
Trd, 4318436.793, 96
Trd, 4318438.743, 94
Trd, 4318440.443, 95
Trd, 4318441.793, 95
Trd, 4318441.843, 93
Trd, 4318444.293, 95
Trd, 4318446.743, 96
Trd, 4318450.443, 95
Trd, 4318450.593, 96
Trd, 4318451.543, 96
Trd, 4318452.043, 93
Trd, 4318454.043, 97
Trd, 4318457.243, 96
Trd, 4318457.443, 94
Trd, 4318457.893, 95
Trd, 4318459.143, 94
Trd, 4318459.693, 96
Trd, 4318460.843, 114
Trd, 4318462.443, 99
Trd, 4318463.043, 119
Trd, 4318463.193, 116
Trd, 4318464.793, 130
Trd, 4318466.843, 112
Trd, 4318467.793, 97
Trd, 4318469.643, 113
Trd, 4318471.793, 108
Trd, 4318472.043, 96
Trd, 4318472.143, 94
Trd, 4318475.593, 103
Trd, 4318476.943, 103
Trd, 4318477.793, 102
Trd, 4318479.143, 103
Trd, 4318480.493, 103
Trd, 4318480.543, 96
Trd, 4318481.843, 99
Trd, 4318483.993, 103
Trd, 4318484.343, 113
Trd, 4318485.593, 101
Trd, 4318487.293, 103
Trd, 4318487.943, 100
Trd, 4318490.793, 103
Trd, 4318491.243, 102
Trd, 4318494.443, 99
Trd, 4318495.843, 98
Trd, 4318496.543, 96
Trd, 4318496.943, 95
Trd, 4318497.093, 99
Trd, 4318498.743, 103
Trd, 4318500.893, 99
Trd, 4318503.143, 97
Trd, 4318504.743, 94
Trd, 4318504.993, 95
Trd, 4318508.093, 95
Trd, 4318508.193, 95
Trd, 4318509.093, 94
Trd, 4318511.243, 95
Trd, 4318512.593, 96
Trd, 4318516.193, 95
Trd, 4318517.693, 94
Trd, 4318518.293, 95
Trd, 4318518.943, 95
Trd, 4318521.293, 94
Trd, 4318523.293, 93
Trd, 4318524.293, 94
Trd, 4318526.143, 97
Trd, 4318526.743, 109
Trd, 4318526.993, 107
Trd, 4318527.743, 101
Trd, 4318529.493, 99
Trd, 4318530.443, 101
Trd, 4318532.043, 100
Trd, 4318532.393, 101
Trd, 4318535.493, 98
Trd, 4318535.643, 98
Trd, 4318536.943, 100
Trd, 4318541.693, 100
Trd, 4318542.643, 97
Trd, 4318543.543, 99
Trd, 4318544.893, 100
Trd, 4318546.243, 95
Trd, 4318549.643, 95
Trd, 4318550.643, 95
Trd, 4318552.793, 95
Trd, 4318556.343, 96
Trd, 4318557.593, 94
Trd, 4318557.943, 95
Trd, 4318560.693, 96
Trd, 4318561.143, 95
Trd, 4318561.543, 94
Trd, 4318562.543, 96
Trd, 4318563.643, 93
Trd, 4318564.343, 95
Trd, 4318564.393, 95
Trd, 4318566.293, 95
Trd, 4318566.993, 96
Trd, 4318567.743, 93
Trd, 4318568.693, 97
Trd, 4318569.593, 113
Trd, 4318569.693, 108
Trd, 4318570.643, 102
Trd, 4318571.793, 104
Trd, 4318574.793, 103
Trd, 4318575.843, 96
Trd, 4318577.393, 100
Trd, 4318578.793, 100
Trd, 4318579.243, 94
Trd, 4318579.693, 100
Trd, 4318582.043, 95
Trd, 4318582.443, 99
Trd, 4318583.843, 92
Trd, 4318585.293, 97
Trd, 4318586.093, 94
Trd, 4318586.743, 89
Trd, 4318588.993, 89
Trd, 4318590.293, 89
Trd, 4318593.043, 89
Trd, 4318593.843, 89
Trd, 4318595.093, 89
Trd, 4318596.693, 89
Trd, 4318597.143, 97
Trd, 4318600.393, 91
Trd, 4318601.593, 90
Trd, 4318604.193, 90
Trd, 4318606.243, 90
Trd, 4318606.293, 89
Trd, 4318606.843, 109
Trd, 4318607.993, 89
Trd, 4318608.443, 98
Trd, 4318610.043, 98
Trd, 4318610.593, 98
Trd, 4318611.493, 113
Trd, 4318612.043, 101
Trd, 4318612.793, 99
Trd, 4318615.243, 103
Trd, 4318616.543, 101
Trd, 4318617.143, 102
Trd, 4318617.643, 98
Trd, 4318619.443, 100
Trd, 4318621.843, 105
Trd, 4318622.243, 103
Trd, 4318622.393, 114
Trd, 4318622.693, 97
Trd, 4318627.593, 100
Trd, 4318628.193, 100
Trd, 4318628.943, 98
Trd, 4318628.993, 101
Trd, 4318633.893, 101
Trd, 4318634.593, 97
Trd, 4318635.443, 96
Trd, 4318636.443, 102
Trd, 4318637.443, 113
Trd, 4318639.293, 103
Trd, 4318639.693, 96
Trd, 4318641.643, 91
Trd, 4318641.843, 93
Trd, 4318643.193, 91
Trd, 4318644.643, 115
Trd, 4318645.543, 92
Trd, 4318647.943, 97
Trd, 4318648.993, 99
Trd, 4318649.093, 94
Trd, 4318651.193, 94
Trd, 4318652.193, 93
Trd, 4318652.643, 93
Trd, 4318654.393, 92
Trd, 4318655.793, 92
Trd, 4318656.193, 94
Trd, 4318657.143, 88
Trd, 4318659.343, 90
Trd, 4318660.743, 92
Trd, 4318662.193, 96
Trd, 4318664.443, 94
Trd, 4318669.143, 92
Trd, 4318669.443, 92
Trd, 4318670.443, 92
Trd, 4318672.593, 92
Trd, 4318674.293, 93
Trd, 4318675.443, 90
Trd, 4318676.943, 93
Trd, 4318678.443, 93
Trd, 4318681.543, 93
Trd, 4318684.243, 93
Trd, 4318684.693, 93
Trd, 4318687.843, 89
Trd, 4318688.543, 93
Trd, 4318688.893, 94
Trd, 4318692.243, 93
Trd, 4318692.393, 93
Trd, 4318694.293, 93
Trd, 4318695.443, 96
Trd, 4318698.093, 93
Trd, 4318698.343, 95
Trd, 4318701.093, 94
Trd, 4318702.793, 95
Trd, 4318705.093, 90
Trd, 4318705.493, 95
Trd, 4318708.643, 93
Trd, 4318708.793, 93
Trd, 4318711.193, 89
Trd, 4318711.243, 93
Trd, 4318713.743, 93
Trd, 4318714.293, 93
Trd, 4318714.543, 94
Trd, 4318714.793, 105
Trd, 4318716.793, 96
Trd, 4318717.793, 113
Trd, 4318717.943, 98
Trd, 4318719.293, 100
Trd, 4318722.643, 96
Trd, 4318723.393, 98
Trd, 4318724.043, 98
Trd, 4318724.743, 95
Trd, 4318725.893, 98
Trd, 4318726.893, 94
Trd, 4318727.243, 98
Trd, 4318727.293, 114
Trd, 4318730.893, 100
Trd, 4318731.743, 114
Trd, 4318733.293, 98
Trd, 4318733.443, 106
Trd, 4318737.993, 101
Trd, 4318739.893, 104
Trd, 4318741.293, 101
Trd, 4318742.893, 104
Trd, 4318743.693, 104
Trd, 4318746.243, 92
Trd, 4318746.343, 95
Trd, 4318746.893, 85
Trd, 4318746.943, 90
Trd, 4318747.643, 89
Trd, 4318748.543, 100
Trd, 4318750.293, 89
Trd, 4318750.693, 94
Trd, 4318751.693, 91
Trd, 4318752.593, 91
Trd, 4318754.643, 88
Trd, 4318757.343, 91
Trd, 4318758.793, 96
Trd, 4318760.243, 93
Trd, 4318762.593, 93
Trd, 4318765.243, 93
Trd, 4318766.593, 93
Trd, 4318768.493, 93
Trd, 4318771.043, 90
Trd, 4318771.343, 93
Trd, 4318772.843, 92
Trd, 4318773.643, 98
Trd, 4318774.093, 98
Trd, 4318775.243, 98
Trd, 4318775.493, 99
Trd, 4318777.343, 97
Trd, 4318779.593, 97
Trd, 4318780.393, 96
Trd, 4318780.443, 116
Trd, 4318781.943, 96
Trd, 4318782.893, 94
Trd, 4318784.243, 99
Trd, 4318785.743, 99
Trd, 4318786.543, 99
Trd, 4318787.693, 113
Trd, 4318788.643, 93
Trd, 4318792.343, 98
Trd, 4318793.393, 97
Trd, 4318795.943, 96
Trd, 4318796.443, 94
Trd, 4318796.993, 95
Trd, 4318797.543, 95
Trd, 4318797.943, 94
Trd, 4318799.893, 94
Trd, 4318800.193, 113
Trd, 4318800.943, 98
Trd, 4318802.943, 99
Trd, 4318804.743, 98
Trd, 4318804.993, 100
Trd, 4318805.993, 113
Trd, 4318806.793, 104
Trd, 4318806.893, 105
Trd, 4318809.043, 95
Trd, 4318810.793, 95
Trd, 4318812.143, 95
Trd, 4318812.193, 94
Trd, 4318814.693, 94
Trd, 4318815.343, 95
Trd, 4318816.343, 113
Trd, 4318816.543, 101
Trd, 4318817.793, 98
Trd, 4318819.893, 102
Trd, 4318820.143, 100
Trd, 4318822.693, 101
Trd, 4318823.443, 113
Trd, 4318824.593, 102
Trd, 4318825.093, 99
Trd, 4318825.693, 104
Trd, 4318826.693, 98
Trd, 4318827.993, 101
Trd, 4318829.043, 100
Trd, 4318831.193, 97
Trd, 4318834.093, 94
Trd, 4318834.293, 99
Trd, 4318836.293, 96
Trd, 4318837.743, 98
Trd, 4318841.393, 98
Trd, 4318842.243, 97
Trd, 4318842.593, 98
Trd, 4318842.743, 99
Trd, 4318843.593, 99
Trd, 4318844.493, 99
Trd, 4318846.043, 95
Trd, 4318847.193, 99
Trd, 4318850.143, 97
Trd, 4318850.793, 98
Trd, 4318851.493, 104
Trd, 4318854.843, 98
Trd, 4318855.943, 96
Trd, 4318855.993, 98
Trd, 4318859.643, 98
Trd, 4318859.993, 95
Trd, 4318861.643, 96
Trd, 4318862.293, 98
Trd, 4318862.393, 98
Trd, 4318865.243, 96
Trd, 4318865.693, 94
Trd, 4318867.443, 97
Trd, 4318868.943, 96
Trd, 4318870.093, 101
Trd, 4318870.443, 106
Trd, 4318871.543, 94
Trd, 4318873.993, 100
Trd, 4318875.593, 98
Trd, 4318876.093, 100
Trd, 4318877.793, 98
Trd, 4318877.843, 100
Trd, 4318879.393, 114
Trd, 4318881.193, 97
Trd, 4318881.693, 107
Trd, 4318882.143, 95
Trd, 4318883.893, 101
Trd, 4318885.293, 96
Trd, 4318889.243, 95
Trd, 4318890.593, 94
Trd, 4318890.743, 95
Trd, 4318891.193, 93
Trd, 4318892.243, 95
Trd, 4318893.393, 95
Trd, 4318895.343, 95
Trd, 4318897.643, 95
Trd, 4318898.043, 95
Trd, 4318898.593, 94
Trd, 4318900.743, 94
Trd, 4318902.893, 96
Trd, 4318903.793, 96
Trd, 4318905.843, 103
Trd, 4318907.093, 99
Trd, 4318907.443, 98
Trd, 4318911.443, 99
Trd, 4318911.643, 100
Trd, 4318913.143, 97
Trd, 4318913.793, 96
Trd, 4318915.843, 97
Trd, 4318917.893, 97
Trd, 4318918.043, 97
Trd, 4318920.493, 114
Trd, 4318922.193, 98
Trd, 4318922.493, 94
Trd, 4318923.643, 99
Trd, 4318926.793, 96
Trd, 4318926.993, 103
Trd, 4318928.693, 97
Trd, 4318931.343, 96
Trd, 4318931.493, 93
Trd, 4318934.743, 95
Trd, 4318935.043, 96
Trd, 4318935.293, 96
Trd, 4318939.593, 96
Trd, 4318940.243, 96
Trd, 4318944.543, 95
Trd, 4318945.693, 95
Trd, 4318947.943, 94
Trd, 4318948.493, 94
Trd, 4318949.643, 94
Trd, 4318950.143, 94
Trd, 4318953.443, 94
Trd, 4318953.793, 93
Trd, 4318956.893, 93
Trd, 4318957.043, 95
Trd, 4318957.193, 113
Trd, 4318957.643, 97
Trd, 4318958.793, 98
Trd, 4318960.393, 126
Trd, 4318961.393, 104
Trd, 4318964.793, 97
Trd, 4318965.793, 102
Trd, 4318966.243, 102
Trd, 4318968.893, 103
Trd, 4318969.343, 102
Trd, 4318969.593, 100
Trd, 4318971.543, 103
Trd, 4318972.543, 100
Trd, 4318973.693, 98
Trd, 4318975.693, 99
Trd, 4318977.693, 99
Trd, 4318979.143, 97
Trd, 4318979.393, 97
Trd, 4318980.193, 98
Trd, 4318980.443, 99
Trd, 4318980.943, 96
Trd, 4318981.993, 100
Trd, 4318984.993, 98
Trd, 4318986.093, 95
Trd, 4318986.443, 97
Trd, 4318986.793, 97
Trd, 4318992.193, 96
Trd, 4318992.393, 95
Trd, 4318992.943, 95
Trd, 4318994.793, 94
Trd, 4318995.543, 96
Trd, 4318995.943, 96
Trd, 4318998.943, 95
Trd, 4319002.043, 95
Trd, 4319003.943, 94
Trd, 4319003.993, 92
Trd, 4319004.343, 94
Trd, 4319007.293, 93
Trd, 4319008.043, 92
Trd, 4319009.393, 93
Trd, 4319009.643, 99
Trd, 4319010.543, 92
Trd, 4319011.693, 96
Trd, 4319012.243, 96
Trd, 4319014.543, 95
Trd, 4319015.693, 93
Trd, 4319020.343, 94
Trd, 4319021.943, 92
Trd, 4319023.243, 94
Trd, 4319023.293, 94
Trd, 4319026.693, 94
Trd, 4319027.993, 94
Trd, 4319028.043, 91
Trd, 4319032.843, 94
Trd, 4319035.343, 94
Trd, 4319035.743, 91
Trd, 4319036.293, 94
Trd, 4319039.093, 94
Trd, 4319039.943, 94
Trd, 4319040.593, 94
Trd, 4319042.393, 94
Trd, 4319045.343, 90
Trd, 4319047.193, 94
Trd, 4319049.693, 94
Trd, 4319051.193, 94
Trd, 4319051.993, 94
Trd, 4319052.443, 94
Trd, 4319054.143, 94
Trd, 4319056.643, 94
Trd, 4319057.843, 94
Trd, 4319063.443, 93
Trd, 4319064.893, 93
Trd, 4319066.743, 93
Trd, 4319068.193, 94
Trd, 4319069.093, 94
Trd, 4319072.193, 92
Trd, 4319073.843, 89
Trd, 4319074.193, 96
Trd, 4319074.893, 104
Trd, 4319076.443, 96
Trd, 4319076.693, 93
Trd, 4319076.993, 95
Trd, 4319078.793, 93
Trd, 4319079.093, 95
Trd, 4319081.643, 100
Trd, 4319082.393, 108
Trd, 4319083.443, 114
Trd, 4319084.193, 100
Trd, 4319085.943, 96
Trd, 4319087.143, 99
Trd, 4319087.293, 100
Trd, 4319089.793, 96
Trd, 4319089.943, 93
Trd, 4319092.243, 94
Trd, 4319095.093, 93
Trd, 4319095.293, 95
Trd, 4319098.043, 95
Trd, 4319099.243, 95
Trd, 4319100.543, 95
Trd, 4319102.293, 92
Trd, 4319107.543, 95
Trd, 4319107.643, 92
Trd, 4319108.693, 94
Trd, 4319109.243, 92
Trd, 4319110.193, 91
Trd, 4319110.543, 92
Trd, 4319111.943, 90
Trd, 4319113.443, 95
Trd, 4319115.743, 93
Trd, 4319116.043, 131
Trd, 4319117.143, 89
Trd, 4319118.893, 94
Trd, 4319119.043, 96
Trd, 4319119.543, 114
Trd, 4319120.393, 101
Trd, 4319122.293, 94
Trd, 4319123.143, 100
Trd, 4319127.493, 99
Trd, 4319128.293, 98
Trd, 4319128.393, 99
Trd, 4319128.893, 99
Trd, 4319129.493, 98
Trd, 4319131.093, 97
Trd, 4319134.343, 99
Trd, 4319136.443, 99
Trd, 4319137.193, 98
Trd, 4319137.893, 98
Trd, 4319138.243, 99
Trd, 4319138.543, 97
Trd, 4319140.893, 129
Trd, 4319141.243, 107
Trd, 4319142.343, 112
Trd, 4319144.093, 99
Trd, 4319144.343, 96
Trd, 4319144.493, 98
Trd, 4319144.693, 121
Trd, 4319147.093, 131
Trd, 4319149.193, 96
Trd, 4319149.893, 94
Trd, 4319151.943, 103
Trd, 4319153.943, 99
Trd, 4319154.593, 103
Trd, 4319154.843, 103
Trd, 4319156.143, 95
Trd, 4319156.893, 96
Trd, 4319157.793, 115
Trd, 4319159.293, 100
Trd, 4319160.493, 95
Trd, 4319160.943, 95
Trd, 4319162.993, 104
Trd, 4319163.543, 98
Trd, 4319163.743, 95
Trd, 4319166.343, 94
Trd, 4319167.143, 116
Trd, 4319168.593, 93
Trd, 4319168.643, 95
Trd, 4319170.643, 94
Trd, 4319170.893, 93
Trd, 4319174.143, 95
Trd, 4319174.243, 92
Trd, 4319174.793, 95
Trd, 4319177.043, 98
Trd, 4319180.693, 92
Trd, 4319181.343, 92
Trd, 4319184.043, 92
Trd, 4319184.093, 91
Trd, 4319188.293, 92
Trd, 4319188.443, 92
Trd, 4319190.743, 92
Trd, 4319190.893, 92
Trd, 4319192.993, 91
Trd, 4319193.093, 92
Trd, 4319195.743, 111
Trd, 4319197.793, 96
Trd, 4319200.943, 93
Trd, 4319201.243, 90
Trd, 4319201.943, 93
Trd, 4319203.043, 93
Trd, 4319204.443, 91
Trd, 4319205.943, 90
Trd, 4319207.393, 90
Trd, 4319207.643, 89
Trd, 4319208.993, 89
Trd, 4319209.143, 95
Trd, 4319209.793, 89
Trd, 4319213.043, 92
Trd, 4319214.293, 92
Trd, 4319214.793, 91
Trd, 4319217.743, 92
Trd, 4319219.843, 101
Trd, 4319220.343, 117
Trd, 4319220.793, 94
Trd, 4319221.543, 100
Trd, 4319224.543, 94
Trd, 4319224.843, 98
Trd, 4319225.693, 93
Trd, 4319228.143, 96
Trd, 4319229.443, 95
Trd, 4319232.393, 95
Trd, 4319232.693, 94
Trd, 4319232.743, 105
Trd, 4319233.343, 99
Trd, 4319234.393, 119
Trd, 4319235.443, 95
Trd, 4319236.593, 97
Trd, 4319240.043, 97
Trd, 4319240.543, 98
Trd, 4319242.043, 100
Trd, 4319242.193, 99
Trd, 4319242.543, 94
Trd, 4319244.943, 100
Trd, 4319245.593, 95
Trd, 4319246.393, 108
Trd, 4319249.093, 100
Trd, 4319250.393, 98
Trd, 4319250.793, 97
Trd, 4319252.693, 100
Trd, 4319254.193, 97
Trd, 4319257.943, 97
Trd, 4319258.393, 100
Trd, 4319259.593, 99
Trd, 4319263.843, 99
Trd, 4319264.893, 96
Trd, 4319265.043, 99
Trd, 4319266.893, 99
Trd, 4319267.093, 96
Trd, 4319268.043, 97
Trd, 4319268.143, 96
Trd, 4319269.043, 98
Trd, 4319271.643, 109
Trd, 4319272.293, 101
Trd, 4319273.193, 101
Trd, 4319274.793, 101
Trd, 4319275.393, 104
Trd, 4319276.693, 99
Trd, 4319277.143, 120
Trd, 4319277.543, 113
Trd, 4319279.393, 130
Trd, 4319283.143, 98
Trd, 4319285.993, 96
Trd, 4319286.293, 98
Trd, 4319286.493, 97
Trd, 4319286.593, 104
Trd, 4319288.643, 113
Trd, 4319289.043, 94
Trd, 4319293.943, 95
Trd, 4319294.293, 96
Trd, 4319297.743, 95
Trd, 4319301.193, 95
Trd, 4319301.643, 94
Trd, 4319307.243, 94
Trd, 4319307.643, 94
Trd, 4319307.943, 95
Trd, 4319308.093, 93
Trd, 4319308.743, 95
Trd, 4319309.043, 113
Trd, 4319313.243, 94
Trd, 4319314.293, 92
Trd, 4319314.793, 92
Trd, 4319315.243, 101
Trd, 4319316.443, 94
Trd, 4319318.643, 93
Trd, 4319321.893, 89
Trd, 4319322.443, 93
Trd, 4319323.893, 93
Trd, 4319323.993, 93
Trd, 4319324.443, 94
Trd, 4319329.293, 94
Trd, 4319330.743, 95
Trd, 4319332.793, 94
Trd, 4319332.893, 93
Trd, 4319334.343, 102
Trd, 4319337.643, 96
Trd, 4319337.743, 96
Trd, 4319340.643, 96
Trd, 4319343.043, 93
Trd, 4319345.443, 95
Trd, 4319346.443, 97
Trd, 4319347.443, 96
Trd, 4319349.993, 96
Trd, 4319350.343, 96
Trd, 4319353.743, 95
Trd, 4319355.043, 95
Trd, 4319356.693, 95
Trd, 4319357.293, 97
Trd, 4319357.343, 95
Trd, 4319357.393, 99
Trd, 4319361.243, 98
Trd, 4319362.043, 98
Trd, 4319363.493, 98
Trd, 4319363.943, 99
Trd, 4319366.493, 97
Trd, 4319369.793, 97
Trd, 4319372.493, 96
Trd, 4319373.193, 95
Trd, 4319373.743, 96
Trd, 4319375.093, 97
Trd, 4319376.043, 97
Trd, 4319377.293, 97
Trd, 4319377.693, 95
Trd, 4319378.243, 94
Trd, 4319380.393, 97
Trd, 4319382.093, 97
Trd, 4319382.743, 98
Trd, 4319383.743, 101
Trd, 4319386.693, 93
Trd, 4319387.793, 97
Trd, 4319388.743, 96
Trd, 4319390.393, 92
Trd, 4319391.543, 95
Trd, 4319393.843, 95
Trd, 4319393.893, 95
Trd, 4319395.443, 105
Trd, 4319397.093, 99
Trd, 4319397.643, 129
Trd, 4319398.793, 116
Trd, 4319400.093, 104
Trd, 4319400.643, 96
Trd, 4319401.593, 106
Trd, 4319404.793, 102
Trd, 4319405.943, 98
Trd, 4319407.643, 98
Trd, 4319409.093, 100
Trd, 4319410.543, 99
Trd, 4319411.143, 96
Trd, 4319412.343, 98
Trd, 4319413.193, 95
Trd, 4319413.243, 94
Trd, 4319416.643, 97
Trd, 4319418.993, 97
Trd, 4319419.843, 97
Trd, 4319420.093, 95
Trd, 4319423.393, 97
Trd, 4319424.343, 96
Trd, 4319426.143, 95
Trd, 4319429.793, 93
Trd, 4319430.893, 95
Trd, 4319433.643, 95
Trd, 4319434.593, 92
Trd, 4319436.143, 94
Trd, 4319438.993, 107
Trd, 4319439.343, 105
Trd, 4319440.043, 106
Trd, 4319441.543, 102
Trd, 4319441.893, 106
Trd, 4319445.443, 103
Trd, 4319447.993, 113
Trd, 4319448.193, 100
Trd, 4319448.643, 106
Trd, 4319452.293, 104
Trd, 4319452.493, 102
Trd, 4319455.443, 106
Trd, 4319455.493, 106
Trd, 4319455.643, 102
Trd, 4319456.643, 97
Trd, 4319458.593, 98
Trd, 4319459.493, 98
Trd, 4319460.843, 97
Trd, 4319461.293, 94
Trd, 4319462.593, 98
Trd, 4319463.743, 98
Trd, 4319464.693, 98
Trd, 4319465.293, 94
Trd, 4319466.393, 97
Trd, 4319468.393, 93
Trd, 4319473.493, 96
Trd, 4319473.893, 96
Trd, 4319474.543, 95
Trd, 4319474.843, 101
Trd, 4319476.393, 121
Trd, 4319477.343, 104
Trd, 4319477.743, 104
Trd, 4319478.843, 102
Trd, 4319480.793, 94
Trd, 4319482.043, 102
Trd, 4319483.293, 95
Trd, 4319484.243, 95
Trd, 4319484.393, 95
Trd, 4319487.593, 95
Trd, 4319487.843, 117
Trd, 4319493.943, 94
Trd, 4319494.993, 95
Trd, 4319495.043, 96
Trd, 4319496.343, 93
Trd, 4319497.893, 95
Trd, 4319499.043, 95
Trd, 4319499.143, 95
Trd, 4319501.493, 95
Trd, 4319502.143, 95
Trd, 4319505.693, 95
Trd, 4319508.343, 94
Trd, 4319510.943, 94
Trd, 4319511.043, 94
Trd, 4319511.643, 92
Trd, 4319511.893, 98
Trd, 4319512.643, 96
Trd, 4319515.493, 95
Trd, 4319515.893, 95
Trd, 4319516.593, 95
Trd, 4319518.143, 95
Trd, 4319521.643, 95
Trd, 4319523.843, 94
Trd, 4319525.793, 95
Trd, 4319526.843, 95
Trd, 4319527.343, 95
Trd, 4319528.393, 95
Trd, 4319531.993, 94
Trd, 4319533.143, 93
Trd, 4319534.993, 95
Trd, 4319537.243, 93
Trd, 4319538.843, 95
Trd, 4319539.143, 96
Trd, 4319542.343, 92
Trd, 4319545.443, 95
Trd, 4319546.593, 94
Trd, 4319547.893, 106
Trd, 4319549.893, 97
Trd, 4319550.143, 97
Trd, 4319550.743, 97
Trd, 4319554.743, 97
Trd, 4319556.193, 98
Trd, 4319556.693, 96
Trd, 4319557.493, 97
Trd, 4319557.693, 96
Trd, 4319560.643, 98
Trd, 4319561.343, 98
Trd, 4319565.793, 95
Trd, 4319566.443, 98
Trd, 4319566.843, 94
Trd, 4319568.243, 96
Trd, 4319569.593, 96
Trd, 4319569.993, 116
Trd, 4319570.743, 94
Trd, 4319573.043, 101
Trd, 4319575.493, 95
Trd, 4319576.093, 97
Trd, 4319576.743, 94
Trd, 4319577.793, 94
Trd, 4319579.143, 107
Trd, 4319580.643, 100
Trd, 4319584.343, 94
Trd, 4319584.743, 96
Trd, 4319584.793, 94
Trd, 4319585.393, 97
Trd, 4319586.343, 101
Trd, 4319586.793, 96
Trd, 4319588.393, 98
Trd, 4319588.443, 114
Trd, 4319589.893, 97
Trd, 4319594.043, 100
Trd, 4319595.893, 99
Trd, 4319596.443, 95
Trd, 4319599.193, 99
Trd, 4319599.543, 97
Trd, 4319600.393, 96
Trd, 4319600.893, 96
Trd, 4319602.043, 95
Trd, 4319602.493, 94
Trd, 4319603.243, 98
Trd, 4319603.443, 114
Trd, 4319608.143, 100
Trd, 4319608.443, 101
Trd, 4319608.943, 93
Trd, 4319611.093, 99
Trd, 4319612.393, 93
Trd, 4319614.343, 93
Trd, 4319617.093, 93
Trd, 4319619.543, 92
Trd, 4319619.643, 93
Trd, 4319620.843, 93
Trd, 4319623.893, 91
Trd, 4319625.593, 94
Trd, 4319625.743, 114
Trd, 4319631.993, 95
Trd, 4319632.043, 95
Trd, 4319634.993, 91
Trd, 4319635.343, 94
Trd, 4319635.743, 94
Trd, 4319637.143, 93
Trd, 4319639.143, 90
Trd, 4319641.343, 94
Trd, 4319644.243, 94
Trd, 4319645.193, 94
Trd, 4319646.343, 95
Trd, 4319646.393, 103
Trd, 4319648.393, 90
Trd, 4319649.743, 97
Trd, 4319650.693, 93
Trd, 4319651.593, 97
Trd, 4319655.893, 96
Trd, 4319658.593, 96
Trd, 4319658.793, 96
Trd, 4319660.393, 101
Trd, 4319662.193, 92
Trd, 4319662.643, 97
Trd, 4319663.143, 92
Trd, 4319668.143, 95
Trd, 4319668.543, 95
Trd, 4319669.693, 95
Trd, 4319671.143, 91
Trd, 4319673.143, 94
Trd, 4319675.343, 90
Trd, 4319675.493, 94
Trd, 4319677.643, 93
Trd, 4319679.343, 92
Trd, 4319682.293, 102
Trd, 4319686.493, 92
Trd, 4319687.943, 90
Trd, 4319688.293, 92
Trd, 4319689.793, 92
Trd, 4319690.293, 96
Trd, 4319691.893, 93
Trd, 4319692.693, 98
Trd, 4319693.493, 94
Trd, 4319694.643, 96
Trd, 4319697.243, 95
Trd, 4319698.493, 95
Trd, 4319698.943, 93
Trd, 4319704.043, 95
Trd, 4319706.343, 95
Trd, 4319710.243, 94
Trd, 4319710.793, 94
Trd, 4319711.093, 92
Trd, 4319712.093, 93
Trd, 4319713.093, 94
Trd, 4319714.943, 94
Trd, 4319715.093, 94
Trd, 4319716.443, 92
Trd, 4319719.793, 92
Trd, 4319721.443, 92
Trd, 4319721.893, 93
Trd, 4319723.093, 93
Trd, 4319724.743, 105
Trd, 4319725.443, 97
Trd, 4319726.343, 97
Trd, 4319726.893, 97
Trd, 4319729.393, 97
Trd, 4319730.043, 97
Trd, 4319732.143, 94
Trd, 4319732.293, 97
Trd, 4319732.743, 104
Trd, 4319733.843, 96
Trd, 4319735.493, 88
Trd, 4319735.843, 90
Trd, 4319737.643, 88
Trd, 4319737.843, 88
Trd, 4319739.693, 88
Trd, 4319741.993, 88
Trd, 4319743.293, 94
Trd, 4319744.993, 91
Trd, 4319748.443, 91
Trd, 4319749.043, 91
Trd, 4319750.243, 91
Trd, 4319751.093, 87
Trd, 4319752.193, 91
Trd, 4319752.393, 101
Trd, 4319754.593, 89
Trd, 4319758.343, 92
Trd, 4319760.043, 92
Trd, 4319760.843, 91
Trd, 4319761.743, 92
Trd, 4319762.443, 92
Trd, 4319762.943, 114
Trd, 4319768.743, 95
Trd, 4319769.643, 95
Trd, 4319771.493, 95
Trd, 4319771.993, 95
Trd, 4319772.993, 95
Trd, 4319774.193, 95
Trd, 4319776.293, 94
Trd, 4319777.943, 96
Trd, 4319778.743, 96
Trd, 4319780.993, 94
Trd, 4319781.843, 96
Trd, 4319782.543, 96
Trd, 4319782.643, 96
Trd, 4319784.793, 93
Trd, 4319785.543, 96
Trd, 4319786.743, 94
Trd, 4319786.793, 95
Trd, 4319792.293, 94
Trd, 4319793.443, 94
Trd, 4319795.743, 94
Trd, 4319795.793, 94
Trd, 4319796.493, 114
Trd, 4319799.243, 95
Trd, 4319799.893, 95
Trd, 4319800.993, 92
Trd, 4319801.493, 96
Trd, 4319803.843, 95
Trd, 4319805.493, 95
Trd, 4319807.793, 93
Trd, 4319808.543, 92
Trd, 4319811.043, 92
Trd, 4319811.693, 92
Trd, 4319812.393, 91
Trd, 4319813.993, 91
Trd, 4319814.593, 92
Trd, 4319815.243, 91
Trd, 4319815.743, 90
Trd, 4319816.543, 92
Trd, 4319818.593, 93
Trd, 4319819.993, 93
Trd, 4319823.243, 93
Trd, 4319826.843, 93
Trd, 4319828.193, 91
Trd, 4319833.693, 90
Trd, 4319834.843, 90
Trd, 4319835.543, 90
Trd, 4319838.743, 89
Trd, 4319838.993, 90
Trd, 4319839.293, 90
Trd, 4319840.443, 90
Trd, 4319846.243, 90
Trd, 4319846.793, 90
Trd, 4319847.243, 90
Trd, 4319850.643, 89
Trd, 4319851.043, 88
Trd, 4319851.593, 89
Trd, 4319853.793, 108
Trd, 4319856.193, 93
Trd, 4319856.743, 94
Trd, 4319860.143, 87
Trd, 4319860.843, 92
Trd, 4319861.693, 91
Trd, 4319863.343, 87
Trd, 4319868.593, 88
Trd, 4319868.693, 88
Trd, 4319870.743, 88
Trd, 4319871.893, 88
Trd, 4319873.193, 89
Trd, 4319875.243, 89
Trd, 4319876.043, 97
Trd, 4319879.443, 90
Trd, 4319882.493, 90
Trd, 4319882.543, 91
Trd, 4319886.043, 96
Trd, 4319886.543, 93
Trd, 4319886.593, 91
Trd, 4319888.193, 95
Trd, 4319891.393, 92
Trd, 4319891.593, 93
Trd, 4319892.893, 92
Trd, 4319894.693, 93
Trd, 4319898.393, 91
Trd, 4319900.593, 93
Trd, 4319902.193, 90
Trd, 4319902.593, 96
Trd, 4319904.343, 90
Trd, 4319906.143, 96
Trd, 4319906.193, 89
Trd, 4319909.993, 92
Trd, 4319910.843, 92
Trd, 4319911.743, 92
Trd, 4319912.193, 89
Trd, 4319913.493, 93
Trd, 4319917.443, 91
Trd, 4319918.493, 90
Trd, 4319919.293, 90
Trd, 4319924.443, 90
Trd, 4319924.493, 90
Trd, 4319927.343, 90
Trd, 4319927.893, 90
Trd, 4319932.393, 90
Trd, 4319933.393, 89
Trd, 4319933.843, 90
Trd, 4319933.993, 90
Trd, 4319934.343, 91
Trd, 4319937.143, 89
Trd, 4319937.743, 89
Trd, 4319939.093, 88
Trd, 4319939.293, 104
Trd, 4319941.293, 97
Trd, 4319942.893, 87
Trd, 4319943.493, 94
Trd, 4319944.243, 95
Trd, 4319946.693, 95
Trd, 4319948.543, 95
Trd, 4319949.743, 94
Trd, 4319951.493, 91
Trd, 4319951.793, 98
Trd, 4319952.643, 99
Trd, 4319953.143, 96
Trd, 4319953.343, 107
Trd, 4319953.943, 95
Trd, 4319957.543, 91
Trd, 4319957.893, 94
Trd, 4319958.893, 93
Trd, 4319961.643, 93
Trd, 4319961.943, 94
Trd, 4319963.443, 93
Trd, 4319964.893, 92
Trd, 4319966.143, 92
Trd, 4319966.193, 95
Trd, 4319967.393, 94
Trd, 4319970.593, 94
Trd, 4319972.193, 94
Trd, 4319973.993, 94
Trd, 4319974.543, 91
Trd, 4319976.543, 94
Trd, 4319976.843, 94
Trd, 4319978.143, 91
Trd, 4319982.393, 90
Trd, 4319983.493, 90
Trd, 4319985.093, 90
Trd, 4319989.693, 90
Trd, 4319989.793, 91
Trd, 4319991.343, 89
Trd, 4319992.093, 91
Trd, 4319993.843, 91
Trd, 4319994.743, 89
Trd, 4319994.843, 97
Trd, 4319994.993, 103
Trd, 4319995.943, 115
Trd, 4319997.893, 102
Trd, 4319998.843, 102
Trd, 4319999.243, 101
Trd, 4319999.643, 103
