Trd, 4317809.293, 87
Trd, 4317810.843, 88
Trd, 4317812.793, 87
Trd, 4317816.843, 88
Trd, 4317817.843, 88
Trd, 4317819.543, 88
Trd, 4317820.343, 87
Trd, 4317824.243, 87
Trd, 4317824.793, 88
Trd, 4317826.943, 86
Trd, 4317827.193, 87
Trd, 4317828.743, 86
Trd, 4317832.393, 87
Trd, 4317834.543, 87
Trd, 4317836.293, 86
Trd, 4317837.093, 87
Trd, 4317839.293, 87
Trd, 4317840.593, 95
Trd, 4317840.943, 92
Trd, 4317843.143, 85
Trd, 4317844.243, 86
Trd, 4317844.543, 87
Trd, 4317847.493, 86
Trd, 4317847.593, 87
Trd, 4317849.693, 95
Trd, 4317850.143, 93
Trd, 4317850.393, 94
Trd, 4317851.793, 104
Trd, 4317852.393, 94
Trd, 4317855.243, 95
Trd, 4317855.743, 94
Trd, 4317856.493, 94
Trd, 4317857.693, 95
Trd, 4317859.493, 95
Trd, 4317859.893, 94
Trd, 4317860.793, 93
Trd, 4317861.743, 93
Trd, 4317862.293, 92
Trd, 4317863.293, 93
Trd, 4317864.493, 111
Trd, 4317868.593, 96
Trd, 4317869.993, 95
Trd, 4317872.743, 94
Trd, 4317874.843, 95
Trd, 4317878.093, 95
Trd, 4317879.143, 94
Trd, 4317881.193, 95
Trd, 4317881.443, 94
Trd, 4317884.643, 95
Trd, 4317887.093, 94
Trd, 4317891.643, 93
Trd, 4317893.743, 94
Trd, 4317894.193, 103
Trd, 4317895.043, 98
Trd, 4317895.693, 97
Trd, 4317897.093, 104
Trd, 4317898.193, 104
Trd, 4317903.293, 97
Trd, 4317904.343, 96
Trd, 4317905.143, 97
Trd, 4317906.443, 98
Trd, 4317908.693, 95
Trd, 4317910.693, 95
Trd, 4317912.493, 94
Trd, 4317913.643, 95
Trd, 4317913.943, 95
Trd, 4317917.443, 95
Trd, 4317917.793, 94
Trd, 4317919.793, 95
Trd, 4317922.443, 94
Trd, 4317923.343, 94
Trd, 4317923.743, 94
Trd, 4317924.693, 96
Trd, 4317925.943, 96
Trd, 4317927.593, 92
Trd, 4317927.643, 96
Trd, 4317929.943, 102
Trd, 4317931.043, 98
Trd, 4317933.243, 95
Trd, 4317933.793, 96
Trd, 4317935.793, 95
Trd, 4317937.043, 95
Trd, 4317938.043, 94
Trd, 4317939.643, 93
Trd, 4317940.493, 93
Trd, 4317942.393, 93
Trd, 4317943.143, 94
Trd, 4317944.193, 104
Trd, 4317947.843, 94
Trd, 4317948.493, 93
Trd, 4317948.793, 94
Trd, 4317953.393, 93
Trd, 4317953.493, 94
Trd, 4317955.493, 94
Trd, 4317955.993, 95
Trd, 4317958.393, 94
Trd, 4317959.693, 92
Trd, 4317959.893, 92
Trd, 4317961.843, 92
Trd, 4317962.493, 95
Trd, 4317965.893, 94
Trd, 4317966.043, 94
Trd, 4317966.843, 103
Trd, 4317969.043, 99
Trd, 4317971.743, 94
Trd, 4317971.793, 94
Trd, 4317974.593, 94
Trd, 4317974.793, 95
Trd, 4317978.293, 93
Trd, 4317980.543, 95
Trd, 4317980.843, 95
Trd, 4317982.393, 95
Trd, 4317983.093, 94
Trd, 4317984.693, 94
Trd, 4317986.143, 95
Trd, 4317986.493, 95
Trd, 4317987.743, 93
Trd, 4317989.443, 93
Trd, 4317993.743, 93
Trd, 4317995.243, 93
Trd, 4317995.343, 92
Trd, 4317998.593, 91
Trd, 4317999.193, 93
Trd, 4318001.343, 92
Trd, 4318005.743, 92
Trd, 4318006.043, 91
Trd, 4318006.593, 92
Trd, 4318010.143, 92
Trd, 4318011.343, 92
Trd, 4318014.343, 90
Trd, 4318015.293, 91
Trd, 4318016.893, 91
Trd, 4318019.893, 89
Trd, 4318019.993, 89
Trd, 4318022.593, 90
Trd, 4318024.043, 89
Trd, 4318024.243, 88
Trd, 4318024.293, 88
Trd, 4318024.943, 87
Trd, 4318027.943, 99
Trd, 4318030.143, 102
Trd, 4318031.743, 97
Trd, 4318032.143, 104
Trd, 4318032.443, 100
Trd, 4318035.243, 104
Trd, 4318036.893, 96
Trd, 4318038.293, 95
Trd, 4318040.693, 95
Trd, 4318042.743, 96
Trd, 4318045.343, 96
Trd, 4318046.893, 95
Trd, 4318048.243, 94
Trd, 4318048.393, 95
Trd, 4318050.393, 94
Trd, 4318051.093, 94
Trd, 4318053.743, 93
Trd, 4318055.043, 94
Trd, 4318055.493, 94
Trd, 4318059.843, 94
Trd, 4318062.643, 92
Trd, 4318063.193, 92
Trd, 4318063.543, 93
Trd, 4318065.143, 93
Trd, 4318067.393, 93
Trd, 4318068.093, 92
Trd, 4318072.343, 91
Trd, 4318073.043, 93
Trd, 4318075.043, 95
Trd, 4318079.243, 92
Trd, 4318079.743, 90
Trd, 4318083.293, 91
Trd, 4318084.643, 90
Trd, 4318092.293, 90
Trd, 4318092.393, 90
Trd, 4318093.843, 89
Trd, 4318094.793, 90
Trd, 4318097.193, 90
Trd, 4318097.343, 89
Trd, 4318099.943, 90
Trd, 4318102.543, 90
Trd, 4318102.693, 89
Trd, 4318104.243, 90
Trd, 4318107.743, 90
Trd, 4318110.643, 91
Trd, 4318110.843, 90
Trd, 4318110.993, 92
Trd, 4318111.943, 92
Trd, 4318114.093, 92
Trd, 4318114.793, 102
Trd, 4318117.893, 93
Trd, 4318123.493, 92
Trd, 4318123.643, 92
Trd, 4318124.643, 92
Trd, 4318125.243, 95
Trd, 4318125.893, 93
Trd, 4318126.343, 91
Trd, 4318131.793, 92
Trd, 4318134.093, 91
Trd, 4318134.243, 90
Trd, 4318136.293, 91
Trd, 4318136.793, 108
Trd, 4318141.893, 89
Trd, 4318141.943, 91
Trd, 4318143.793, 90
Trd, 4318146.293, 88
Trd, 4318146.943, 89
Trd, 4318147.893, 88
Trd, 4318148.493, 89
Trd, 4318150.593, 104
Trd, 4318152.743, 95
Trd, 4318153.943, 95
Trd, 4318155.743, 93
Trd, 4318156.843, 92
Trd, 4318158.143, 93
Trd, 4318161.343, 91
Trd, 4318161.993, 92
Trd, 4318164.043, 92
Trd, 4318165.443, 92
Trd, 4318166.593, 92
Trd, 4318167.393, 91
Trd, 4318169.943, 91
Trd, 4318171.043, 92
Trd, 4318172.243, 92
Trd, 4318175.243, 90
Trd, 4318176.593, 90
Trd, 4318178.193, 90
Trd, 4318179.943, 90
Trd, 4318182.443, 91
Trd, 4318185.143, 90
Trd, 4318185.693, 89
Trd, 4318188.093, 90
Trd, 4318190.193, 89
Trd, 4318190.593, 89
Trd, 4318191.093, 90
Trd, 4318193.743, 88
Trd, 4318194.143, 90
Trd, 4318199.243, 90
Trd, 4318199.693, 90
Trd, 4318202.593, 87
Trd, 4318202.693, 87
Trd, 4318202.893, 90
Trd, 4318206.343, 89
Trd, 4318207.543, 89
Trd, 4318208.793, 88
Trd, 4318209.543, 87
Trd, 4318210.193, 87
Trd, 4318211.943, 87
Trd, 4318214.343, 88
Trd, 4318215.943, 86
Trd, 4318216.793, 87
Trd, 4318220.543, 87
Trd, 4318223.843, 86
Trd, 4318223.893, 87
Trd, 4318226.493, 87
Trd, 4318228.643, 87
Trd, 4318230.393, 86
Trd, 4318231.593, 87
Trd, 4318235.843, 86
Trd, 4318236.593, 87
Trd, 4318237.643, 86
Trd, 4318237.893, 87
Trd, 4318238.693, 87
Trd, 4318242.743, 87
Trd, 4318242.843, 86
Trd, 4318244.593, 86
Trd, 4318245.543, 87
Trd, 4318247.793, 87
Trd, 4318250.793, 86
Trd, 4318251.593, 87
Trd, 4318252.393, 88
Trd, 4318255.393, 85
Trd, 4318255.893, 85
Trd, 4318257.343, 86
Trd, 4318258.193, 85
Trd, 4318259.743, 86
Trd, 4318260.943, 104
Trd, 4318261.693, 111
Trd, 4318263.193, 96
Trd, 4318265.043, 106
Trd, 4318265.743, 103
Trd, 4318267.243, 101
Trd, 4318267.943, 104
Trd, 4318268.943, 100
Trd, 4318272.193, 100
Trd, 4318273.143, 99
Trd, 4318275.093, 99
Trd, 4318275.193, 100
Trd, 4318277.193, 98
Trd, 4318277.643, 97
Trd, 4318278.693, 98
Trd, 4318280.043, 97
Trd, 4318280.743, 98
Trd, 4318281.693, 98
Trd, 4318282.593, 96
Trd, 4318283.193, 97
Trd, 4318283.893, 102
Trd, 4318284.743, 99
Trd, 4318285.593, 98
Trd, 4318287.843, 97
Trd, 4318287.893, 99
Trd, 4318289.543, 98
Trd, 4318291.943, 97
Trd, 4318292.793, 97
Trd, 4318293.993, 97
Trd, 4318295.093, 96
Trd, 4318296.143, 100
Trd, 4318297.893, 95
Trd, 4318299.693, 95
Trd, 4318300.993, 94
Trd, 4318301.843, 95
Trd, 4318303.943, 94
Trd, 4318305.893, 93
Trd, 4318306.793, 94
Trd, 4318309.193, 94
Trd, 4318311.893, 92
Trd, 4318312.643, 94
Trd, 4318312.993, 94
Trd, 4318313.593, 94
Trd, 4318317.693, 91
Trd, 4318321.693, 91
Trd, 4318322.043, 90
Trd, 4318322.543, 91
Trd, 4318323.743, 91
Trd, 4318326.693, 90
Trd, 4318327.593, 91
Trd, 4318328.193, 91
Trd, 4318331.643, 91
Trd, 4318332.043, 90
Trd, 4318333.143, 89
Trd, 4318334.543, 90
Trd, 4318336.443, 88
Trd, 4318336.843, 88
Trd, 4318338.493, 89
Trd, 4318340.143, 89
Trd, 4318342.293, 89
Trd, 4318342.643, 88
Trd, 4318343.493, 88
Trd, 4318343.793, 87
Trd, 4318345.143, 88
Trd, 4318346.193, 88
Trd, 4318349.443, 87
Trd, 4318350.393, 88
Trd, 4318351.043, 88
Trd, 4318355.493, 86
Trd, 4318357.743, 87
Trd, 4318358.643, 87
Trd, 4318359.843, 95
Trd, 4318362.093, 86
Trd, 4318362.393, 86
Trd, 4318363.043, 89
Trd, 4318363.293, 104
Trd, 4318365.493, 99
Trd, 4318365.643, 103
Trd, 4318366.893, 98
Trd, 4318367.593, 99
Trd, 4318369.093, 104
Trd, 4318370.693, 104
Trd, 4318373.543, 101
Trd, 4318375.493, 100
Trd, 4318375.593, 103
Trd, 4318378.293, 100
Trd, 4318378.543, 101
Trd, 4318381.643, 97
Trd, 4318381.893, 97
Trd, 4318381.943, 100
Trd, 4318383.893, 97
Trd, 4318384.743, 96
Trd, 4318388.593, 96
Trd, 4318388.943, 96
Trd, 4318389.193, 95
Trd, 4318389.593, 97
Trd, 4318391.793, 104
Trd, 4318392.743, 101
Trd, 4318393.643, 100
Trd, 4318394.093, 101
Trd, 4318397.593, 98
Trd, 4318397.693, 97
Trd, 4318398.693, 96
Trd, 4318399.043, 97
Trd, 4318400.243, 98
Trd, 4318402.143, 96
Trd, 4318402.393, 97
Trd, 4318405.843, 97
Trd, 4318407.393, 94
Trd, 4318410.043, 95
Trd, 4318411.843, 104
Trd, 4318412.643, 98
Trd, 4318413.693, 98
Trd, 4318418.143, 97
Trd, 4318419.093, 97
Trd, 4318419.343, 98
Trd, 4318419.793, 98
Trd, 4318419.943, 103
Trd, 4318423.993, 98
Trd, 4318424.093, 99
Trd, 4318424.193, 98
Trd, 4318425.293, 98
Trd, 4318426.293, 109
Trd, 4318427.143, 102
Trd, 4318430.843, 100
Trd, 4318430.893, 99
Trd, 4318433.843, 99
Trd, 4318435.693, 98
Trd, 4318437.043, 98
Trd, 4318438.493, 97
Trd, 4318439.393, 95
Trd, 4318439.793, 95
Trd, 4318440.543, 95
Trd, 4318441.543, 94
Trd, 4318445.043, 104
Trd, 4318445.393, 100
Trd, 4318445.793, 106
Trd, 4318447.243, 102
Trd, 4318448.193, 99
Trd, 4318450.493, 101
Trd, 4318450.893, 100
Trd, 4318451.893, 98
Trd, 4318453.093, 97
Trd, 4318454.943, 97
Trd, 4318455.193, 96
Trd, 4318456.243, 99
Trd, 4318457.693, 103
Trd, 4318458.743, 112
Trd, 4318461.193, 100
Trd, 4318463.093, 103
Trd, 4318464.193, 100
Trd, 4318465.343, 99
Trd, 4318465.743, 99
Trd, 4318466.043, 100
Trd, 4318468.743, 100
Trd, 4318469.293, 100
Trd, 4318471.893, 98
Trd, 4318471.993, 98
Trd, 4318472.293, 97
Trd, 4318475.093, 102
Trd, 4318475.693, 100
Trd, 4318478.993, 98
Trd, 4318480.143, 97
Trd, 4318482.043, 98
Trd, 4318482.593, 98
Trd, 4318483.543, 98
Trd, 4318485.743, 96
Trd, 4318485.993, 95
Trd, 4318488.993, 95
Trd, 4318489.443, 95
Trd, 4318489.743, 94
Trd, 4318495.193, 95
Trd, 4318496.093, 94
Trd, 4318496.843, 94
Trd, 4318498.843, 93
Trd, 4318499.493, 94
Trd, 4318502.843, 94
Trd, 4318503.393, 93
Trd, 4318505.743, 93
Trd, 4318509.393, 93
Trd, 4318510.543, 93
Trd, 4318512.893, 92
Trd, 4318513.543, 92
Trd, 4318515.493, 91
Trd, 4318518.643, 90
Trd, 4318520.693, 91
Trd, 4318521.893, 91
Trd, 4318523.493, 92
Trd, 4318529.043, 91
Trd, 4318530.093, 89
Trd, 4318530.343, 90
Trd, 4318536.093, 88
Trd, 4318537.193, 89
Trd, 4318537.293, 90
Trd, 4318539.193, 89
Trd, 4318542.243, 88
Trd, 4318543.243, 88
Trd, 4318543.943, 87
Trd, 4318546.393, 89
Trd, 4318550.193, 86
Trd, 4318550.243, 87
Trd, 4318551.943, 87
Trd, 4318553.693, 86
Trd, 4318555.343, 87
Trd, 4318556.543, 86
Trd, 4318556.843, 87
Trd, 4318560.743, 87
Trd, 4318561.943, 87
Trd, 4318563.193, 86
Trd, 4318565.143, 86
Trd, 4318565.943, 87
Trd, 4318567.043, 87
Trd, 4318568.193, 86
Trd, 4318568.543, 87
Trd, 4318572.193, 87
Trd, 4318575.543, 87
Trd, 4318575.943, 86
Trd, 4318578.643, 87
Trd, 4318579.593, 87
Trd, 4318579.893, 87
Trd, 4318581.793, 87
Trd, 4318583.143, 88
Trd, 4318584.043, 88
Trd, 4318586.193, 87
Trd, 4318587.243, 87
Trd, 4318589.043, 87
Trd, 4318589.593, 88
Trd, 4318592.443, 86
Trd, 4318593.293, 86
Trd, 4318595.043, 88
Trd, 4318595.293, 89
Trd, 4318599.943, 87
Trd, 4318604.443, 87
Trd, 4318605.343, 87
Trd, 4318606.443, 86
Trd, 4318608.293, 86
Trd, 4318609.193, 87
Trd, 4318609.943, 87
Trd, 4318611.143, 87
Trd, 4318613.593, 86
Trd, 4318615.393, 88
Trd, 4318616.293, 87
Trd, 4318617.593, 86
Trd, 4318618.943, 86
Trd, 4318623.443, 87
Trd, 4318623.843, 104
Trd, 4318627.643, 88
Trd, 4318629.293, 86
Trd, 4318629.743, 87
Trd, 4318630.793, 87
Trd, 4318633.693, 87
Trd, 4318635.743, 86
Trd, 4318638.443, 87
Trd, 4318638.943, 86
Trd, 4318639.993, 88
Trd, 4318641.493, 88
Trd, 4318641.543, 88
Trd, 4318646.543, 95
Trd, 4318647.043, 94
Trd, 4318647.593, 96
Trd, 4318648.943, 96
Trd, 4318651.343, 94
Trd, 4318651.893, 95
Trd, 4318652.543, 93
Trd, 4318653.443, 94
Trd, 4318654.043, 93
Trd, 4318656.043, 94
Trd, 4318658.093, 94
Trd, 4318659.843, 93
Trd, 4318661.293, 94
Trd, 4318661.643, 95
Trd, 4318663.293, 95
Trd, 4318665.043, 96
Trd, 4318665.393, 107
Trd, 4318666.343, 97
Trd, 4318667.743, 97
Trd, 4318668.493, 96
Trd, 4318671.393, 95
Trd, 4318672.993, 96
Trd, 4318674.643, 95
Trd, 4318674.793, 106
Trd, 4318676.993, 97
Trd, 4318678.193, 104
Trd, 4318681.443, 95
Trd, 4318682.243, 96
Trd, 4318685.193, 94
Trd, 4318686.493, 94
Trd, 4318686.593, 96
Trd, 4318688.193, 94
Trd, 4318689.093, 94
Trd, 4318691.043, 93
Trd, 4318691.943, 94
Trd, 4318692.343, 95
Trd, 4318695.443, 93
Trd, 4318696.743, 95
Trd, 4318696.793, 95
Trd, 4318701.093, 92
Trd, 4318702.743, 92
Trd, 4318703.393, 92
Trd, 4318707.493, 91
Trd, 4318707.993, 92
Trd, 4318711.393, 92
Trd, 4318711.593, 92
Trd, 4318713.593, 104
Trd, 4318715.043, 95
Trd, 4318715.343, 95
Trd, 4318715.793, 96
Trd, 4318716.743, 93
Trd, 4318718.043, 107
Trd, 4318718.093, 102
Trd, 4318718.993, 97
Trd, 4318719.643, 96
Trd, 4318722.593, 104
Trd, 4318723.043, 102
Trd, 4318726.043, 102
Trd, 4318727.743, 106
Trd, 4318730.793, 102
Trd, 4318731.393, 101
Trd, 4318732.593, 100
Trd, 4318732.943, 101
Trd, 4318733.943, 100
Trd, 4318734.093, 101
Trd, 4318738.093, 99
Trd, 4318738.143, 99
Trd, 4318738.893, 99
Trd, 4318739.243, 99
Trd, 4318742.493, 102
Trd, 4318743.293, 101
Trd, 4318743.743, 112
Trd, 4318745.493, 103
Trd, 4318747.843, 103
Trd, 4318750.193, 101
Trd, 4318750.243, 103
Trd, 4318752.143, 102
Trd, 4318754.443, 100
Trd, 4318755.843, 100
Trd, 4318756.093, 100
Trd, 4318756.693, 100
Trd, 4318759.243, 100
Trd, 4318760.293, 99
Trd, 4318762.843, 98
Trd, 4318763.993, 97
Trd, 4318765.993, 99
Trd, 4318766.393, 99
Trd, 4318768.743, 97
Trd, 4318770.193, 96
Trd, 4318771.893, 97
Trd, 4318771.993, 96
Trd, 4318772.593, 97
Trd, 4318773.843, 95
Trd, 4318774.843, 94
Trd, 4318774.993, 95
Trd, 4318777.993, 94
Trd, 4318778.493, 95
Trd, 4318783.343, 93
Trd, 4318783.943, 94
Trd, 4318787.443, 94
Trd, 4318789.593, 94
Trd, 4318790.243, 94
Trd, 4318791.143, 93
Trd, 4318795.193, 92
Trd, 4318795.443, 93
Trd, 4318796.293, 104
Trd, 4318797.393, 111
Trd, 4318799.243, 102
Trd, 4318799.493, 101
Trd, 4318800.793, 100
Trd, 4318802.843, 100
Trd, 4318804.743, 99
Trd, 4318804.993, 99
Trd, 4318806.693, 98
Trd, 4318807.893, 94
Trd, 4318808.093, 95
Trd, 4318809.143, 95
Trd, 4318809.643, 95
Trd, 4318811.193, 95
Trd, 4318812.543, 94
Trd, 4318814.193, 95
Trd, 4318818.093, 95
Trd, 4318818.993, 93
Trd, 4318820.743, 94
Trd, 4318822.743, 95
Trd, 4318826.093, 94
Trd, 4318828.143, 93
Trd, 4318828.393, 92
Trd, 4318829.093, 92
Trd, 4318832.493, 99
Trd, 4318835.193, 95
Trd, 4318836.593, 93
Trd, 4318839.643, 94
Trd, 4318842.243, 94
Trd, 4318845.893, 92
Trd, 4318847.593, 93
Trd, 4318848.093, 94
Trd, 4318850.143, 94
Trd, 4318851.943, 94
Trd, 4318856.143, 92
Trd, 4318860.093, 92
Trd, 4318860.893, 91
Trd, 4318861.243, 92
Trd, 4318862.793, 92
Trd, 4318865.693, 90
Trd, 4318865.793, 90
Trd, 4318866.843, 91
Trd, 4318869.293, 104
Trd, 4318872.893, 94
Trd, 4318873.143, 95
Trd, 4318877.143, 93
Trd, 4318878.943, 93
Trd, 4318880.343, 93
Trd, 4318884.393, 89
Trd, 4318884.693, 91
Trd, 4318888.143, 90
Trd, 4318889.043, 90
Trd, 4318890.643, 90
Trd, 4318894.443, 88
Trd, 4318894.493, 88
Trd, 4318894.543, 88
Trd, 4318895.643, 88
Trd, 4318898.043, 95
Trd, 4318899.443, 88
Trd, 4318902.343, 87
Trd, 4318903.743, 88
Trd, 4318907.643, 88
Trd, 4318909.743, 86
Trd, 4318909.893, 86
Trd, 4318910.393, 88
Trd, 4318911.443, 94
Trd, 4318914.793, 90
Trd, 4318916.693, 87
Trd, 4318917.743, 87
Trd, 4318917.943, 86
Trd, 4318918.393, 86
Trd, 4318919.943, 85
Trd, 4318921.843, 103
Trd, 4318922.593, 92
Trd, 4318924.843, 103
Trd, 4318925.443, 95
Trd, 4318928.243, 95
Trd, 4318929.393, 94
Trd, 4318931.293, 93
Trd, 4318931.343, 94
Trd, 4318935.093, 94
Trd, 4318936.143, 94
Trd, 4318936.843, 92
Trd, 4318939.193, 93
Trd, 4318942.043, 93
Trd, 4318944.943, 93
Trd, 4318945.743, 91
Trd, 4318946.543, 91
Trd, 4318947.093, 91
Trd, 4318947.743, 91
Trd, 4318949.393, 90
Trd, 4318949.743, 92
Trd, 4318951.943, 90
Trd, 4318953.143, 113
Trd, 4318954.093, 103
Trd, 4318954.143, 103
Trd, 4318955.593, 103
Trd, 4318956.793, 99
Trd, 4318958.743, 92
Trd, 4318959.443, 90
Trd, 4318959.643, 96
Trd, 4318960.993, 92
Trd, 4318961.393, 95
Trd, 4318961.943, 106
Trd, 4318965.793, 94
Trd, 4318966.643, 95
Trd, 4318970.993, 94
Trd, 4318971.093, 95
Trd, 4318973.493, 94
Trd, 4318976.793, 93
Trd, 4318978.193, 94
Trd, 4318980.243, 94
Trd, 4318983.443, 94
Trd, 4318985.393, 94
Trd, 4318987.593, 92
Trd, 4318990.193, 93
Trd, 4318991.093, 93
Trd, 4318991.993, 95
Trd, 4318993.943, 93
Trd, 4318997.593, 92
Trd, 4318999.143, 93
Trd, 4319002.143, 93
Trd, 4319002.593, 95
Trd, 4319006.843, 93
Trd, 4319010.693, 91
Trd, 4319010.943, 91
Trd, 4319011.743, 91
Trd, 4319012.393, 92
Trd, 4319016.143, 92
Trd, 4319017.393, 91
Trd, 4319017.643, 92
Trd, 4319018.443, 93
Trd, 4319019.143, 90
Trd, 4319022.943, 90
Trd, 4319025.893, 89
Trd, 4319027.993, 88
Trd, 4319028.143, 88
Trd, 4319028.293, 89
Trd, 4319028.893, 90
Trd, 4319029.743, 90
Trd, 4319033.593, 89
Trd, 4319034.543, 87
Trd, 4319036.393, 88
Trd, 4319037.693, 88
Trd, 4319040.543, 88
Trd, 4319043.793, 86
Trd, 4319044.593, 86
Trd, 4319044.743, 86
Trd, 4319046.193, 87
Trd, 4319046.943, 86
Trd, 4319046.993, 95
Trd, 4319050.993, 90
Trd, 4319051.243, 91
Trd, 4319051.343, 101
Trd, 4319054.643, 91
Trd, 4319055.093, 91
Trd, 4319058.543, 89
Trd, 4319058.843, 90
Trd, 4319059.093, 89
Trd, 4319060.693, 90
Trd, 4319066.843, 90
Trd, 4319066.993, 91
Trd, 4319067.843, 89
Trd, 4319071.843, 89
Trd, 4319071.893, 90
Trd, 4319072.593, 91
Trd, 4319075.143, 91
Trd, 4319076.343, 88
Trd, 4319077.793, 88
Trd, 4319078.343, 91
Trd, 4319082.593, 90
Trd, 4319082.943, 91
Trd, 4319084.543, 94
Trd, 4319086.343, 104
Trd, 4319087.593, 99
Trd, 4319087.843, 98
Trd, 4319088.443, 96
Trd, 4319090.193, 103
Trd, 4319093.393, 96
Trd, 4319093.593, 95
Trd, 4319094.843, 96
Trd, 4319097.893, 95
Trd, 4319102.043, 94
Trd, 4319102.293, 95
Trd, 4319103.193, 95
Trd, 4319103.993, 95
Trd, 4319104.893, 94
Trd, 4319106.743, 95
Trd, 4319108.293, 94
Trd, 4319109.543, 93
Trd, 4319109.993, 94
Trd, 4319110.443, 94
Trd, 4319111.293, 104
Trd, 4319114.093, 98
Trd, 4319116.943, 104
Trd, 4319117.093, 105
Trd, 4319120.143, 101
Trd, 4319120.593, 100
Trd, 4319121.343, 98
Trd, 4319121.443, 99
Trd, 4319122.493, 95
Trd, 4319123.793, 95
Trd, 4319124.393, 95
Trd, 4319127.393, 94
Trd, 4319127.443, 95
Trd, 4319129.643, 94
Trd, 4319130.743, 95
Trd, 4319131.643, 94
Trd, 4319132.543, 94
Trd, 4319134.143, 93
Trd, 4319134.543, 94
Trd, 4319136.943, 95
Trd, 4319137.243, 95
Trd, 4319140.543, 94
Trd, 4319143.643, 92
Trd, 4319144.643, 93
Trd, 4319147.593, 91
Trd, 4319148.643, 92
Trd, 4319149.593, 92
Trd, 4319150.743, 91
Trd, 4319152.343, 92
Trd, 4319156.143, 91
Trd, 4319159.343, 92
Trd, 4319159.643, 92
Trd, 4319161.443, 95
Trd, 4319164.043, 92
Trd, 4319165.843, 91
Trd, 4319167.543, 90
Trd, 4319168.443, 90
Trd, 4319168.993, 91
Trd, 4319171.493, 91
Trd, 4319171.543, 90
Trd, 4319174.043, 91
Trd, 4319175.693, 90
Trd, 4319175.943, 90
Trd, 4319179.343, 90
Trd, 4319181.643, 90
Trd, 4319182.993, 89
Trd, 4319188.393, 90
Trd, 4319188.593, 92
Trd, 4319194.043, 89
Trd, 4319194.643, 88
Trd, 4319195.193, 88
Trd, 4319196.243, 89
Trd, 4319198.893, 88
Trd, 4319198.943, 88
Trd, 4319200.543, 88
Trd, 4319201.143, 95
Trd, 4319204.093, 88
Trd, 4319204.343, 87
Trd, 4319207.393, 87
Trd, 4319211.843, 88
Trd, 4319212.143, 89
Trd, 4319213.393, 86
Trd, 4319215.943, 87
Trd, 4319219.593, 87
Trd, 4319221.093, 86
Trd, 4319222.443, 87
Trd, 4319222.993, 85
Trd, 4319223.243, 85
Trd, 4319225.193, 86
Trd, 4319227.243, 95
Trd, 4319228.793, 102
Trd, 4319228.843, 91
Trd, 4319229.993, 93
Trd, 4319230.743, 94
Trd, 4319231.693, 91
Trd, 4319233.393, 93
Trd, 4319234.143, 93
Trd, 4319236.993, 93
Trd, 4319238.493, 104
Trd, 4319238.793, 103
Trd, 4319240.143, 101
Trd, 4319240.493, 101
Trd, 4319243.043, 101
Trd, 4319243.093, 111
Trd, 4319248.143, 104
Trd, 4319248.943, 103
Trd, 4319249.943, 103
Trd, 4319251.093, 102
Trd, 4319253.043, 103
Trd, 4319255.693, 102
Trd, 4319256.393, 103
Trd, 4319258.993, 101
Trd, 4319259.393, 101
Trd, 4319260.543, 102
Trd, 4319262.143, 100
Trd, 4319263.043, 100
Trd, 4319263.843, 101
Trd, 4319265.893, 99
Trd, 4319266.043, 100
Trd, 4319267.193, 113
Trd, 4319270.793, 100
Trd, 4319272.193, 98
Trd, 4319272.993, 98
Trd, 4319274.343, 99
Trd, 4319274.493, 97
Trd, 4319275.243, 97
Trd, 4319277.093, 98
Trd, 4319278.443, 97
Trd, 4319279.643, 97
Trd, 4319281.143, 97
Trd, 4319282.093, 98
Trd, 4319283.593, 104
Trd, 4319285.843, 97
Trd, 4319287.393, 97
Trd, 4319288.943, 96
Trd, 4319289.793, 95
Trd, 4319290.593, 95
Trd, 4319292.543, 94
Trd, 4319292.743, 95
Trd, 4319292.843, 94
Trd, 4319295.243, 94
Trd, 4319296.943, 93
Trd, 4319298.343, 93
Trd, 4319301.193, 94
Trd, 4319302.643, 93
Trd, 4319304.343, 94
Trd, 4319304.943, 94
Trd, 4319308.743, 95
Trd, 4319309.493, 93
Trd, 4319312.443, 94
Trd, 4319315.693, 93
Trd, 4319315.943, 94
Trd, 4319317.293, 94
Trd, 4319319.343, 94
Trd, 4319319.993, 94
Trd, 4319324.493, 93
Trd, 4319324.693, 92
Trd, 4319325.193, 92
Trd, 4319326.193, 93
Trd, 4319326.593, 94
Trd, 4319328.693, 104
Trd, 4319330.593, 95
Trd, 4319330.893, 95
Trd, 4319331.093, 96
Trd, 4319334.993, 95
Trd, 4319336.593, 96
Trd, 4319339.043, 95
Trd, 4319341.243, 96
Trd, 4319342.993, 95
Trd, 4319343.243, 94
Trd, 4319344.643, 96
Trd, 4319345.543, 94
Trd, 4319345.843, 95
Trd, 4319352.543, 93
Trd, 4319353.143, 94
Trd, 4319353.293, 94
Trd, 4319355.143, 94
Trd, 4319356.093, 94
Trd, 4319356.443, 93
Trd, 4319360.493, 93
Trd, 4319361.643, 92
Trd, 4319362.043, 92
Trd, 4319364.693, 93
Trd, 4319365.193, 114
Trd, 4319366.943, 100
Trd, 4319368.493, 98
Trd, 4319373.093, 95
Trd, 4319376.493, 92
Trd, 4319376.643, 93
Trd, 4319376.743, 105
Trd, 4319380.443, 96
Trd, 4319383.693, 95
Trd, 4319385.593, 93
Trd, 4319385.893, 95
Trd, 4319388.493, 94
Trd, 4319388.593, 93
Trd, 4319389.293, 93
Trd, 4319390.493, 92
Trd, 4319390.693, 93
Trd, 4319393.543, 104
Trd, 4319394.593, 100
Trd, 4319396.843, 98
Trd, 4319397.693, 98
Trd, 4319398.243, 102
Trd, 4319401.293, 99
Trd, 4319402.093, 98
Trd, 4319403.443, 99
Trd, 4319405.343, 97
Trd, 4319407.043, 98
Trd, 4319408.293, 96
Trd, 4319409.143, 96
Trd, 4319412.593, 95
Trd, 4319412.643, 94
Trd, 4319414.093, 94
Trd, 4319415.843, 94
Trd, 4319416.093, 94
Trd, 4319418.093, 93
Trd, 4319420.393, 95
Trd, 4319423.593, 92
Trd, 4319423.843, 93
Trd, 4319427.193, 92
Trd, 4319427.893, 92
Trd, 4319433.493, 92
Trd, 4319434.143, 91
Trd, 4319434.743, 92
Trd, 4319436.393, 91
Trd, 4319438.243, 91
Trd, 4319440.643, 90
Trd, 4319441.443, 91
Trd, 4319442.093, 103
Trd, 4319443.393, 97
Trd, 4319443.643, 96
Trd, 4319446.743, 96
Trd, 4319447.843, 100
Trd, 4319449.193, 98
Trd, 4319450.843, 96
Trd, 4319451.443, 96
Trd, 4319452.293, 95
Trd, 4319452.893, 95
Trd, 4319454.643, 94
Trd, 4319454.793, 94
Trd, 4319455.493, 96
Trd, 4319457.443, 94
Trd, 4319459.193, 93
Trd, 4319460.293, 92
Trd, 4319462.693, 93
Trd, 4319463.793, 94
Trd, 4319468.143, 93
Trd, 4319470.243, 93
Trd, 4319472.343, 93
Trd, 4319473.443, 93
Trd, 4319473.693, 92
Trd, 4319474.493, 92
Trd, 4319476.393, 92
Trd, 4319477.743, 91
Trd, 4319477.943, 93
Trd, 4319481.943, 92
Trd, 4319485.293, 92
Trd, 4319485.943, 91
Trd, 4319486.293, 90
Trd, 4319487.043, 90
Trd, 4319488.893, 95
Trd, 4319489.143, 104
Trd, 4319493.293, 93
Trd, 4319495.093, 92
Trd, 4319495.993, 92
Trd, 4319498.493, 92
Trd, 4319499.243, 91
Trd, 4319499.493, 92
Trd, 4319503.743, 92
Trd, 4319503.993, 90
Trd, 4319504.893, 91
Trd, 4319508.043, 90
Trd, 4319510.043, 89
Trd, 4319511.993, 90
Trd, 4319514.893, 90
Trd, 4319515.243, 90
Trd, 4319516.643, 89
Trd, 4319516.693, 90
Trd, 4319518.693, 90
Trd, 4319523.143, 89
Trd, 4319523.493, 90
Trd, 4319523.843, 90
Trd, 4319525.593, 91
Trd, 4319529.593, 88
Trd, 4319530.193, 88
Trd, 4319530.543, 90
Trd, 4319533.643, 88
Trd, 4319535.093, 89
Trd, 4319537.493, 88
Trd, 4319538.093, 88
Trd, 4319538.843, 87
Trd, 4319539.893, 88
Trd, 4319543.443, 88
Trd, 4319544.243, 88
Trd, 4319547.493, 87
Trd, 4319547.543, 86
Trd, 4319548.693, 85
Trd, 4319552.193, 87
Trd, 4319552.943, 86
Trd, 4319553.793, 87
Trd, 4319556.293, 86
Trd, 4319556.443, 87
Trd, 4319558.443, 95
Trd, 4319561.093, 88
Trd, 4319562.243, 89
Trd, 4319563.943, 88
Trd, 4319568.393, 88
Trd, 4319570.193, 86
Trd, 4319572.643, 87
Trd, 4319574.343, 87
Trd, 4319574.943, 88
Trd, 4319578.493, 86
Trd, 4319579.143, 95
Trd, 4319580.343, 90
Trd, 4319580.993, 89
Trd, 4319581.543, 105
Trd, 4319584.943, 93
Trd, 4319586.043, 94
Trd, 4319586.993, 93
Trd, 4319589.143, 92
Trd, 4319590.243, 92
Trd, 4319590.293, 91
Trd, 4319592.143, 92
Trd, 4319594.593, 91
Trd, 4319594.743, 92
Trd, 4319595.993, 92
Trd, 4319598.343, 93
Trd, 4319600.943, 103
Trd, 4319601.593, 99
Trd, 4319602.343, 98
Trd, 4319602.843, 102
Trd, 4319603.743, 97
Trd, 4319604.693, 98
Trd, 4319605.043, 98
Trd, 4319607.293, 97
Trd, 4319609.143, 95
Trd, 4319609.743, 94
Trd, 4319611.543, 94
Trd, 4319612.743, 94
Trd, 4319613.043, 94
Trd, 4319614.643, 95
Trd, 4319615.293, 103
Trd, 4319616.043, 98
Trd, 4319617.843, 96
Trd, 4319618.743, 96
Trd, 4319619.593, 104
Trd, 4319622.443, 95
Trd, 4319622.793, 94
Trd, 4319624.093, 94
Trd, 4319626.293, 97
Trd, 4319628.043, 104
Trd, 4319629.793, 98
Trd, 4319630.143, 100
Trd, 4319631.893, 98
Trd, 4319632.193, 104
Trd, 4319632.943, 100
Trd, 4319635.593, 100
Trd, 4319636.043, 100
Trd, 4319637.193, 98
Trd, 4319637.543, 99
Trd, 4319638.543, 98
Trd, 4319640.943, 97
Trd, 4319641.793, 98
Trd, 4319642.243, 99
Trd, 4319642.343, 96
Trd, 4319643.293, 96
Trd, 4319644.243, 95
Trd, 4319645.043, 104
Trd, 4319647.743, 95
Trd, 4319648.193, 96
Trd, 4319648.643, 95
Trd, 4319649.293, 98
Trd, 4319653.393, 95
Trd, 4319654.193, 94
Trd, 4319654.443, 96
Trd, 4319657.293, 95
Trd, 4319659.593, 93
Trd, 4319659.943, 95
Trd, 4319660.793, 93
Trd, 4319663.993, 94
Trd, 4319664.493, 92
Trd, 4319664.993, 92
Trd, 4319667.943, 91
Trd, 4319668.143, 91
Trd, 4319668.443, 92
Trd, 4319669.293, 92
Trd, 4319670.993, 108
Trd, 4319672.243, 95
Trd, 4319673.393, 96
Trd, 4319675.593, 96
Trd, 4319675.893, 95
Trd, 4319676.093, 96
Trd, 4319678.043, 97
Trd, 4319679.843, 94
Trd, 4319680.643, 94
Trd, 4319682.593, 95
Trd, 4319683.293, 95
Trd, 4319686.743, 95
Trd, 4319687.193, 94
Trd, 4319689.043, 93
Trd, 4319689.893, 93
Trd, 4319690.543, 95
Trd, 4319691.243, 94
Trd, 4319696.593, 94
Trd, 4319698.093, 93
Trd, 4319700.043, 94
Trd, 4319702.643, 93
Trd, 4319704.843, 93
Trd, 4319707.793, 93
Trd, 4319709.043, 93
Trd, 4319709.093, 92
Trd, 4319712.593, 92
Trd, 4319713.193, 93
Trd, 4319715.593, 91
Trd, 4319716.343, 90
Trd, 4319717.643, 91
Trd, 4319718.443, 90
Trd, 4319720.343, 89
Trd, 4319720.893, 90
Trd, 4319723.793, 90
Trd, 4319723.993, 90
Trd, 4319726.893, 89
Trd, 4319727.393, 90
Trd, 4319731.443, 90
Trd, 4319731.543, 89
Trd, 4319733.493, 89
Trd, 4319733.743, 90
Trd, 4319735.993, 89
Trd, 4319736.343, 91
Trd, 4319742.543, 88
Trd, 4319742.893, 88
Trd, 4319743.343, 95
Trd, 4319743.643, 91
Trd, 4319746.993, 88
Trd, 4319749.043, 88
Trd, 4319749.243, 95
Trd, 4319750.793, 90
Trd, 4319751.543, 91
Trd, 4319753.043, 101
Trd, 4319753.493, 92
Trd, 4319755.193, 105
Trd, 4319756.893, 93
Trd, 4319759.493, 94
Trd, 4319760.443, 95
Trd, 4319762.243, 95
Trd, 4319763.393, 93
Trd, 4319763.643, 95
Trd, 4319765.543, 93
Trd, 4319767.593, 94
Trd, 4319769.293, 94
Trd, 4319770.043, 93
Trd, 4319775.793, 93
Trd, 4319776.943, 92
Trd, 4319777.843, 93
Trd, 4319778.343, 92
Trd, 4319779.143, 93
Trd, 4319780.443, 93
Trd, 4319782.693, 93
Trd, 4319785.243, 93
Trd, 4319791.093, 90
Trd, 4319791.393, 90
Trd, 4319791.493, 95
Trd, 4319792.443, 93
Trd, 4319793.093, 95
Trd, 4319794.493, 102
Trd, 4319795.643, 100
Trd, 4319797.143, 107
Trd, 4319798.543, 99
Trd, 4319799.093, 99
Trd, 4319799.993, 100
Trd, 4319801.143, 100
Trd, 4319805.093, 98
Trd, 4319805.543, 98
Trd, 4319806.493, 97
Trd, 4319806.843, 97
Trd, 4319807.743, 96
Trd, 4319808.893, 95
Trd, 4319811.743, 97
Trd, 4319812.443, 95
Trd, 4319812.793, 94
Trd, 4319816.393, 95
Trd, 4319816.893, 94
Trd, 4319816.993, 95
Trd, 4319821.093, 95
Trd, 4319821.543, 93
Trd, 4319821.943, 93
Trd, 4319822.993, 94
Trd, 4319823.043, 107
Trd, 4319824.943, 98
Trd, 4319827.843, 95
Trd, 4319833.343, 93
Trd, 4319834.543, 92
Trd, 4319834.843, 93
Trd, 4319837.743, 93
Trd, 4319837.993, 94
Trd, 4319840.743, 92
Trd, 4319841.243, 93
Trd, 4319842.543, 92
Trd, 4319842.643, 94
Trd, 4319844.393, 113
Trd, 4319849.693, 95
Trd, 4319850.893, 95
Trd, 4319851.193, 94
Trd, 4319851.343, 94
Trd, 4319852.943, 93
Trd, 4319855.693, 95
Trd, 4319857.243, 92
Trd, 4319857.343, 95
Trd, 4319859.343, 95
Trd, 4319861.893, 93
Trd, 4319863.943, 92
Trd, 4319864.393, 91
Trd, 4319865.593, 91
Trd, 4319865.643, 93
Trd, 4319869.493, 93
Trd, 4319871.693, 92
Trd, 4319872.243, 92
Trd, 4319875.443, 91
Trd, 4319879.043, 91
Trd, 4319879.393, 90
Trd, 4319880.843, 89
Trd, 4319882.693, 90
Trd, 4319886.093, 88
Trd, 4319886.643, 89
Trd, 4319889.093, 89
Trd, 4319890.343, 88
Trd, 4319890.893, 89
Trd, 4319892.643, 88
Trd, 4319895.143, 88
Trd, 4319896.643, 88
Trd, 4319896.943, 87
Trd, 4319901.543, 87
Trd, 4319903.893, 87
Trd, 4319904.143, 86
Trd, 4319906.493, 87
Trd, 4319906.843, 87
Trd, 4319909.143, 86
Trd, 4319910.793, 91
Trd, 4319912.493, 87
Trd, 4319916.093, 87
Trd, 4319916.693, 86
Trd, 4319918.693, 87
Trd, 4319921.793, 87
Trd, 4319922.943, 87
Trd, 4319924.243, 86
Trd, 4319924.743, 86
Trd, 4319926.893, 86
Trd, 4319930.843, 85
Trd, 4319930.893, 86
Trd, 4319931.543, 86
Trd, 4319934.093, 86
Trd, 4319936.043, 86
Trd, 4319936.393, 85
Trd, 4319936.843, 86
Trd, 4319937.893, 85
Trd, 4319938.843, 94
Trd, 4319940.193, 89
Trd, 4319943.593, 88
Trd, 4319944.593, 88
Trd, 4319945.343, 88
Trd, 4319947.693, 88
Trd, 4319948.893, 87
Trd, 4319949.593, 87
Trd, 4319950.243, 95
Trd, 4319951.443, 89
Trd, 4319952.043, 86
Trd, 4319953.143, 87
Trd, 4319956.343, 100
Trd, 4319956.843, 105
Trd, 4319957.243, 99
Trd, 4319959.643, 104
Trd, 4319960.643, 108
Trd, 4319961.993, 103
Trd, 4319963.043, 104
Trd, 4319963.843, 100
Trd, 4319965.743, 96
Trd, 4319966.493, 94
Trd, 4319966.993, 95
Trd, 4319967.193, 95
Trd, 4319969.243, 94
Trd, 4319970.543, 95
Trd, 4319971.243, 94
Trd, 4319973.543, 101
Trd, 4319974.943, 96
Trd, 4319977.143, 95
Trd, 4319979.593, 93
Trd, 4319980.343, 94
Trd, 4319982.743, 94
Trd, 4319983.393, 93
Trd, 4319983.943, 94
Trd, 4319986.093, 93
Trd, 4319987.593, 92
Trd, 4319989.893, 92
Trd, 4319991.493, 93
Trd, 4319991.693, 95
Trd, 4319993.493, 108
Trd, 4319995.293, 100
Trd, 4319997.793, 103
Trd, 4319997.993, 113
Trd, 4319999.193, 102
