Trd, 4317839.393, 94
Trd, 4317840.943, 96
Trd, 4317842.893, 95
Trd, 4317842.993, 95
Trd, 4317843.643, 95
Trd, 4317845.543, 91
Trd, 4317848.193, 92
Trd, 4317849.043, 92
Trd, 4317850.793, 93
Trd, 4317851.593, 93
Trd, 4317853.043, 96
Trd, 4317853.593, 94
Trd, 4317857.093, 94
Trd, 4317857.793, 94
Trd, 4317858.593, 95
Trd, 4317859.543, 93
Trd, 4317860.543, 93
Trd, 4317861.693, 92
Trd, 4317862.443, 92
Trd, 4317864.243, 91
Trd, 4317864.843, 92
Trd, 4317867.393, 92
Trd, 4317867.993, 93
Trd, 4317869.043, 92
Trd, 4317870.243, 92
Trd, 4317870.643, 92
Trd, 4317871.993, 92
Trd, 4317875.293, 91
Trd, 4317875.843, 93
Trd, 4317877.643, 93
Trd, 4317881.893, 93
Trd, 4317884.193, 90
Trd, 4317885.393, 90
Trd, 4317887.093, 89
Trd, 4317888.293, 90
Trd, 4317888.393, 90
Trd, 4317888.543, 89
Trd, 4317891.693, 89
Trd, 4317892.493, 89
Trd, 4317896.443, 91
Trd, 4317897.643, 91
Trd, 4317898.843, 91
Trd, 4317899.593, 91
Trd, 4317900.943, 90
Trd, 4317901.393, 89
Trd, 4317904.343, 95
Trd, 4317905.343, 94
Trd, 4317906.293, 93
Trd, 4317906.493, 94
Trd, 4317908.343, 93
Trd, 4317910.143, 93
Trd, 4317912.893, 92
Trd, 4317913.043, 92
Trd, 4317913.793, 93
Trd, 4317914.993, 94
Trd, 4317916.093, 94
Trd, 4317917.443, 94
Trd, 4317920.093, 95
Trd, 4317920.243, 95
Trd, 4317922.093, 94
Trd, 4317922.643, 95
Trd, 4317924.793, 94
Trd, 4317925.793, 95
Trd, 4317926.693, 95
Trd, 4317927.493, 95
Trd, 4317928.443, 97
Trd, 4317929.293, 96
Trd, 4317932.943, 96
Trd, 4317934.243, 101
Trd, 4317934.993, 100
Trd, 4317935.993, 100
Trd, 4317937.343, 98
Trd, 4317938.193, 99
Trd, 4317938.993, 98
Trd, 4317939.643, 97
Trd, 4317940.693, 96
Trd, 4317943.793, 95
Trd, 4317945.393, 95
Trd, 4317946.193, 95
Trd, 4317948.693, 95
Trd, 4317949.593, 95
Trd, 4317950.293, 95
Trd, 4317953.393, 96
Trd, 4317954.343, 96
Trd, 4317954.843, 96
Trd, 4317956.643, 95
Trd, 4317960.443, 97
Trd, 4317961.193, 96
Trd, 4317962.193, 95
Trd, 4317962.543, 95
Trd, 4317963.193, 95
Trd, 4317965.843, 95
Trd, 4317967.193, 94
Trd, 4317967.493, 94
Trd, 4317972.243, 95
Trd, 4317972.843, 94
Trd, 4317974.993, 94
Trd, 4317976.743, 94
Trd, 4317978.093, 95
Trd, 4317978.443, 95
Trd, 4317978.993, 95
Trd, 4317980.193, 94
Trd, 4317981.993, 98
Trd, 4317982.893, 96
Trd, 4317985.993, 94
Trd, 4317988.843, 94
Trd, 4317990.793, 93
Trd, 4317990.893, 94
Trd, 4317993.843, 94
Trd, 4317995.143, 94
Trd, 4317996.243, 93
Trd, 4317997.093, 92
Trd, 4317998.793, 92
Trd, 4318001.593, 92
Trd, 4318002.343, 94
Trd, 4318003.293, 97
Trd, 4318004.043, 96
Trd, 4318006.193, 99
Trd, 4318007.443, 100
Trd, 4318008.593, 101
Trd, 4318011.343, 103
Trd, 4318011.543, 102
Trd, 4318012.543, 100
Trd, 4318014.793, 102
Trd, 4318016.543, 100
Trd, 4318017.693, 99
Trd, 4318020.543, 97
Trd, 4318021.943, 97
Trd, 4318023.093, 99
Trd, 4318025.393, 95
Trd, 4318025.843, 97
Trd, 4318026.793, 97
Trd, 4318028.393, 97
Trd, 4318029.443, 97
Trd, 4318031.243, 95
Trd, 4318032.443, 96
Trd, 4318032.893, 96
Trd, 4318036.093, 95
Trd, 4318036.293, 94
Trd, 4318037.693, 94
Trd, 4318039.343, 93
Trd, 4318040.493, 93
Trd, 4318044.293, 94
Trd, 4318045.093, 94
Trd, 4318047.293, 93
Trd, 4318048.593, 94
Trd, 4318048.843, 94
Trd, 4318051.043, 94
Trd, 4318054.993, 94
Trd, 4318055.843, 95
Trd, 4318056.743, 95
Trd, 4318059.093, 96
Trd, 4318061.543, 94
Trd, 4318061.593, 95
Trd, 4318063.243, 93
Trd, 4318065.993, 93
Trd, 4318066.593, 94
Trd, 4318068.343, 95
Trd, 4318069.493, 94
Trd, 4318072.343, 94
Trd, 4318072.893, 94
Trd, 4318073.743, 95
Trd, 4318075.593, 95
Trd, 4318076.693, 96
Trd, 4318076.893, 94
Trd, 4318078.443, 89
Trd, 4318080.043, 94
Trd, 4318081.043, 96
Trd, 4318082.843, 94
Trd, 4318084.893, 94
Trd, 4318087.393, 93
Trd, 4318088.593, 92
Trd, 4318088.693, 91
Trd, 4318090.143, 90
Trd, 4318090.843, 90
Trd, 4318093.093, 92
Trd, 4318096.393, 99
Trd, 4318096.893, 98
Trd, 4318098.143, 102
Trd, 4318098.543, 100
Trd, 4318100.443, 98
Trd, 4318101.093, 95
Trd, 4318103.443, 95
Trd, 4318104.343, 92
Trd, 4318104.793, 91
Trd, 4318104.943, 93
Trd, 4318107.043, 98
Trd, 4318108.543, 97
Trd, 4318111.093, 97
Trd, 4318112.143, 95
Trd, 4318115.393, 97
Trd, 4318116.243, 97
Trd, 4318121.093, 97
Trd, 4318121.693, 97
Trd, 4318121.743, 95
Trd, 4318123.993, 93
Trd, 4318125.093, 94
Trd, 4318127.743, 95
Trd, 4318127.943, 94
Trd, 4318132.593, 94
Trd, 4318133.093, 94
Trd, 4318133.643, 93
Trd, 4318136.493, 94
Trd, 4318138.543, 94
Trd, 4318139.793, 94
Trd, 4318140.393, 94
Trd, 4318143.843, 92
Trd, 4318144.493, 89
Trd, 4318147.743, 90
Trd, 4318149.093, 91
Trd, 4318150.393, 90
Trd, 4318150.843, 90
Trd, 4318152.793, 90
Trd, 4318154.793, 91
Trd, 4318157.193, 92
Trd, 4318157.743, 91
Trd, 4318157.793, 92
Trd, 4318159.443, 96
Trd, 4318161.243, 93
Trd, 4318162.393, 93
Trd, 4318163.493, 95
Trd, 4318164.093, 94
Trd, 4318165.793, 95
Trd, 4318168.393, 95
Trd, 4318169.343, 94
Trd, 4318170.943, 94
Trd, 4318171.993, 93
Trd, 4318173.993, 94
Trd, 4318176.593, 94
Trd, 4318177.343, 94
Trd, 4318180.193, 93
Trd, 4318180.793, 94
Trd, 4318181.093, 94
Trd, 4318183.743, 92
Trd, 4318184.343, 91
Trd, 4318185.593, 91
Trd, 4318190.593, 92
Trd, 4318190.643, 92
Trd, 4318191.993, 101
Trd, 4318193.193, 98
Trd, 4318193.393, 99
Trd, 4318194.993, 103
Trd, 4318195.793, 104
Trd, 4318196.743, 102
Trd, 4318198.093, 100
Trd, 4318199.993, 99
Trd, 4318201.943, 99
Trd, 4318202.843, 99
Trd, 4318205.393, 103
Trd, 4318206.943, 101
Trd, 4318207.743, 101
Trd, 4318209.343, 100
Trd, 4318210.293, 99
Trd, 4318211.543, 97
Trd, 4318211.743, 95
Trd, 4318213.493, 96
Trd, 4318214.393, 95
Trd, 4318215.893, 93
Trd, 4318216.343, 93
Trd, 4318218.093, 96
Trd, 4318218.993, 96
Trd, 4318220.543, 95
Trd, 4318221.493, 94
Trd, 4318223.843, 95
Trd, 4318224.443, 95
Trd, 4318224.843, 94
Trd, 4318225.143, 94
Trd, 4318227.543, 97
Trd, 4318228.693, 95
Trd, 4318230.643, 94
Trd, 4318231.343, 94
Trd, 4318232.493, 95
Trd, 4318233.593, 95
Trd, 4318233.793, 96
Trd, 4318234.693, 96
Trd, 4318235.893, 94
Trd, 4318236.493, 95
Trd, 4318238.293, 95
Trd, 4318240.493, 94
Trd, 4318242.493, 94
Trd, 4318244.043, 93
Trd, 4318245.143, 92
Trd, 4318245.543, 93
Trd, 4318248.893, 95
Trd, 4318249.893, 96
Trd, 4318250.293, 94
Trd, 4318253.593, 95
Trd, 4318254.543, 94
Trd, 4318254.993, 93
Trd, 4318257.543, 93
Trd, 4318258.243, 94
Trd, 4318261.243, 89
Trd, 4318261.943, 89
Trd, 4318262.193, 89
Trd, 4318263.143, 90
Trd, 4318266.243, 89
Trd, 4318266.443, 90
Trd, 4318268.193, 88
Trd, 4318269.793, 88
Trd, 4318271.143, 87
Trd, 4318272.443, 88
Trd, 4318273.893, 87
Trd, 4318274.443, 88
Trd, 4318277.343, 88
Trd, 4318278.493, 88
Trd, 4318280.743, 89
Trd, 4318282.043, 93
Trd, 4318284.293, 94
Trd, 4318284.793, 94
Trd, 4318286.843, 93
Trd, 4318287.843, 93
Trd, 4318289.943, 92
Trd, 4318290.793, 92
Trd, 4318295.993, 92
Trd, 4318296.793, 93
Trd, 4318297.493, 91
Trd, 4318298.893, 93
Trd, 4318300.143, 94
Trd, 4318301.493, 94
Trd, 4318303.243, 94
Trd, 4318306.893, 93
Trd, 4318308.493, 93
Trd, 4318309.293, 93
Trd, 4318310.943, 93
Trd, 4318312.393, 95
Trd, 4318314.193, 93
Trd, 4318315.443, 92
Trd, 4318318.143, 92
Trd, 4318318.243, 93
Trd, 4318320.993, 93
Trd, 4318323.543, 96
Trd, 4318324.393, 96
Trd, 4318325.093, 94
Trd, 4318326.143, 94
Trd, 4318328.343, 93
Trd, 4318328.743, 93
Trd, 4318329.093, 92
Trd, 4318329.643, 93
Trd, 4318332.293, 93
Trd, 4318334.643, 93
Trd, 4318334.993, 94
Trd, 4318335.543, 93
Trd, 4318336.693, 95
Trd, 4318337.543, 94
Trd, 4318339.593, 92
Trd, 4318341.393, 91
Trd, 4318342.593, 89
Trd, 4318342.993, 89
Trd, 4318344.093, 93
Trd, 4318344.593, 92
Trd, 4318346.843, 91
Trd, 4318348.493, 90
Trd, 4318350.993, 90
Trd, 4318352.093, 90
Trd, 4318354.443, 90
Trd, 4318355.493, 90
Trd, 4318356.893, 90
Trd, 4318357.993, 89
Trd, 4318360.143, 90
Trd, 4318361.443, 89
Trd, 4318362.243, 90
Trd, 4318365.393, 89
Trd, 4318365.943, 88
Trd, 4318366.493, 89
Trd, 4318368.343, 91
Trd, 4318371.743, 91
Trd, 4318372.893, 91
Trd, 4318373.093, 91
Trd, 4318374.643, 95
Trd, 4318375.643, 95
Trd, 4318376.593, 94
Trd, 4318379.193, 94
Trd, 4318379.993, 93
Trd, 4318381.743, 91
Trd, 4318382.143, 93
Trd, 4318383.593, 92
Trd, 4318386.443, 93
Trd, 4318388.643, 92
Trd, 4318389.293, 90
Trd, 4318390.493, 89
Trd, 4318391.443, 90
Trd, 4318392.943, 89
Trd, 4318394.293, 90
Trd, 4318395.243, 91
Trd, 4318396.293, 92
Trd, 4318397.793, 91
Trd, 4318398.593, 96
Trd, 4318402.893, 96
Trd, 4318404.043, 95
Trd, 4318404.793, 95
Trd, 4318405.493, 94
Trd, 4318408.843, 94
Trd, 4318410.493, 93
Trd, 4318411.043, 93
Trd, 4318411.543, 93
Trd, 4318414.393, 94
Trd, 4318416.543, 96
Trd, 4318417.793, 95
Trd, 4318420.243, 98
Trd, 4318421.643, 99
Trd, 4318422.843, 99
Trd, 4318422.943, 103
Trd, 4318426.143, 98
Trd, 4318427.093, 97
Trd, 4318429.443, 95
Trd, 4318429.943, 95
Trd, 4318430.393, 95
Trd, 4318431.793, 95
Trd, 4318432.643, 95
Trd, 4318436.843, 95
Trd, 4318437.693, 94
Trd, 4318439.943, 93
Trd, 4318440.143, 94
Trd, 4318440.193, 93
Trd, 4318442.043, 92
Trd, 4318445.393, 93
Trd, 4318447.143, 100
Trd, 4318447.643, 99
Trd, 4318449.343, 97
Trd, 4318450.993, 95
Trd, 4318453.243, 95
Trd, 4318453.393, 94
Trd, 4318455.193, 95
Trd, 4318456.443, 94
Trd, 4318459.593, 93
Trd, 4318463.143, 94
Trd, 4318467.093, 94
Trd, 4318467.793, 93
Trd, 4318469.143, 93
Trd, 4318470.443, 96
Trd, 4318471.043, 96
Trd, 4318472.743, 95
Trd, 4318473.343, 94
Trd, 4318473.443, 94
Trd, 4318474.243, 95
Trd, 4318474.993, 95
Trd, 4318478.343, 95
Trd, 4318478.993, 96
Trd, 4318480.093, 96
Trd, 4318481.743, 97
Trd, 4318483.043, 104
Trd, 4318483.443, 102
Trd, 4318484.893, 102
Trd, 4318486.293, 100
Trd, 4318487.693, 99
Trd, 4318489.443, 98
Trd, 4318490.243, 97
Trd, 4318492.043, 96
Trd, 4318493.093, 95
Trd, 4318496.093, 95
Trd, 4318497.293, 94
Trd, 4318498.293, 95
Trd, 4318499.093, 94
Trd, 4318502.193, 94
Trd, 4318502.743, 94
Trd, 4318504.743, 95
Trd, 4318505.843, 95
Trd, 4318506.993, 95
Trd, 4318508.643, 95
Trd, 4318509.943, 95
Trd, 4318511.893, 95
Trd, 4318512.593, 93
Trd, 4318512.793, 93
Trd, 4318514.393, 92
Trd, 4318517.993, 91
Trd, 4318519.293, 92
Trd, 4318520.043, 93
Trd, 4318521.443, 92
Trd, 4318522.793, 95
Trd, 4318523.593, 93
Trd, 4318525.093, 94
Trd, 4318528.343, 93
Trd, 4318528.443, 94
Trd, 4318530.443, 94
Trd, 4318531.943, 93
Trd, 4318532.543, 93
Trd, 4318533.643, 92
Trd, 4318535.943, 93
Trd, 4318536.493, 94
Trd, 4318537.543, 94
Trd, 4318540.243, 93
Trd, 4318542.143, 95
Trd, 4318542.593, 94
Trd, 4318544.293, 94
Trd, 4318545.243, 93
Trd, 4318545.993, 92
Trd, 4318548.243, 90
Trd, 4318549.993, 90
Trd, 4318551.743, 89
Trd, 4318553.893, 98
Trd, 4318554.143, 97
Trd, 4318556.243, 97
Trd, 4318558.043, 96
Trd, 4318558.643, 95
Trd, 4318560.643, 94
Trd, 4318561.443, 94
Trd, 4318563.743, 95
Trd, 4318564.493, 94
Trd, 4318564.543, 95
Trd, 4318567.443, 95
Trd, 4318567.893, 94
Trd, 4318569.293, 94
Trd, 4318571.843, 93
Trd, 4318572.743, 94
Trd, 4318573.293, 93
Trd, 4318574.493, 91
Trd, 4318576.143, 91
Trd, 4318576.943, 91
Trd, 4318577.143, 91
Trd, 4318578.343, 92
Trd, 4318579.343, 91
Trd, 4318581.943, 94
Trd, 4318582.493, 93
Trd, 4318584.293, 96
Trd, 4318586.093, 94
Trd, 4318587.843, 94
Trd, 4318590.143, 93
Trd, 4318590.693, 93
Trd, 4318593.293, 93
Trd, 4318594.293, 93
Trd, 4318594.443, 93
Trd, 4318596.293, 92
Trd, 4318597.993, 96
Trd, 4318600.893, 91
Trd, 4318601.293, 91
Trd, 4318601.793, 92
Trd, 4318605.243, 93
Trd, 4318605.293, 92
Trd, 4318607.593, 93
Trd, 4318609.493, 92
Trd, 4318612.343, 93
Trd, 4318613.693, 93
Trd, 4318616.343, 93
Trd, 4318617.043, 93
Trd, 4318617.643, 93
Trd, 4318618.893, 92
Trd, 4318619.743, 93
Trd, 4318621.043, 93
Trd, 4318622.643, 92
Trd, 4318623.943, 93
Trd, 4318625.593, 95
Trd, 4318628.843, 95
Trd, 4318629.143, 94
Trd, 4318629.793, 94
Trd, 4318630.743, 92
Trd, 4318633.293, 95
Trd, 4318633.443, 93
Trd, 4318635.093, 93
Trd, 4318635.693, 94
Trd, 4318637.543, 94
Trd, 4318638.343, 94
Trd, 4318639.543, 95
Trd, 4318640.593, 95
Trd, 4318644.143, 96
Trd, 4318645.193, 96
Trd, 4318646.093, 95
Trd, 4318646.293, 95
Trd, 4318648.543, 94
Trd, 4318649.443, 94
Trd, 4318650.943, 94
Trd, 4318653.193, 93
Trd, 4318654.443, 95
Trd, 4318654.993, 98
Trd, 4318655.243, 105
Trd, 4318658.393, 97
Trd, 4318659.493, 98
Trd, 4318659.893, 97
Trd, 4318660.543, 96
Trd, 4318661.243, 96
Trd, 4318661.793, 96
Trd, 4318663.893, 95
Trd, 4318666.043, 96
Trd, 4318666.343, 95
Trd, 4318666.843, 94
Trd, 4318667.793, 95
Trd, 4318668.893, 105
Trd, 4318668.943, 97
Trd, 4318673.093, 96
Trd, 4318673.543, 97
Trd, 4318675.293, 97
Trd, 4318677.243, 99
Trd, 4318677.943, 99
Trd, 4318680.143, 97
Trd, 4318680.793, 100
Trd, 4318683.443, 97
Trd, 4318684.993, 96
Trd, 4318685.743, 98
Trd, 4318685.793, 98
Trd, 4318687.143, 104
Trd, 4318688.693, 97
Trd, 4318689.743, 96
Trd, 4318690.643, 96
Trd, 4318692.093, 95
Trd, 4318693.093, 97
Trd, 4318695.443, 97
Trd, 4318695.693, 97
Trd, 4318698.543, 100
Trd, 4318700.843, 99
Trd, 4318701.793, 100
Trd, 4318703.843, 101
Trd, 4318704.493, 100
Trd, 4318706.943, 94
Trd, 4318707.793, 96
Trd, 4318709.743, 95
Trd, 4318710.543, 95
Trd, 4318712.143, 96
Trd, 4318714.893, 95
Trd, 4318715.843, 95
Trd, 4318716.593, 93
Trd, 4318716.993, 93
Trd, 4318720.593, 96
Trd, 4318720.893, 95
Trd, 4318722.993, 95
Trd, 4318725.343, 93
Trd, 4318726.593, 92
Trd, 4318727.693, 90
Trd, 4318727.893, 90
Trd, 4318730.543, 89
Trd, 4318731.043, 90
Trd, 4318732.593, 93
Trd, 4318735.443, 92
Trd, 4318739.043, 97
Trd, 4318739.143, 97
Trd, 4318742.043, 96
Trd, 4318743.443, 95
Trd, 4318743.793, 94
Trd, 4318744.193, 93
Trd, 4318746.193, 90
Trd, 4318750.343, 94
Trd, 4318750.993, 93
Trd, 4318751.043, 92
Trd, 4318752.093, 93
Trd, 4318754.943, 92
Trd, 4318755.343, 93
Trd, 4318757.093, 93
Trd, 4318757.793, 93
Trd, 4318758.493, 93
Trd, 4318760.193, 93
Trd, 4318763.343, 94
Trd, 4318765.093, 92
Trd, 4318766.493, 92
Trd, 4318766.893, 92
Trd, 4318769.793, 91
Trd, 4318770.443, 92
Trd, 4318771.193, 92
Trd, 4318771.593, 92
Trd, 4318774.443, 92
Trd, 4318776.493, 91
Trd, 4318776.843, 91
Trd, 4318777.243, 92
Trd, 4318780.293, 92
Trd, 4318781.543, 91
Trd, 4318781.993, 91
Trd, 4318783.143, 91
Trd, 4318785.743, 92
Trd, 4318786.793, 95
Trd, 4318787.843, 94
Trd, 4318788.743, 94
Trd, 4318790.893, 99
Trd, 4318792.643, 98
Trd, 4318794.093, 98
Trd, 4318796.993, 97
Trd, 4318798.343, 98
Trd, 4318798.493, 97
Trd, 4318799.943, 97
Trd, 4318801.493, 95
Trd, 4318803.043, 95
Trd, 4318804.893, 95
Trd, 4318805.893, 95
Trd, 4318807.143, 96
Trd, 4318807.393, 95
Trd, 4318810.543, 104
Trd, 4318811.293, 103
Trd, 4318811.993, 102
Trd, 4318813.543, 99
Trd, 4318815.643, 99
Trd, 4318816.493, 95
Trd, 4318817.043, 94
Trd, 4318819.243, 90
Trd, 4318819.793, 92
Trd, 4318820.393, 91
Trd, 4318822.543, 91
Trd, 4318824.393, 94
Trd, 4318827.193, 92
Trd, 4318827.743, 92
Trd, 4318830.143, 92
Trd, 4318831.743, 91
Trd, 4318832.793, 91
Trd, 4318833.843, 90
Trd, 4318835.943, 89
Trd, 4318837.893, 90
Trd, 4318839.643, 88
Trd, 4318840.493, 87
Trd, 4318841.593, 94
Trd, 4318844.843, 96
Trd, 4318846.143, 98
Trd, 4318846.593, 98
Trd, 4318847.493, 96
Trd, 4318848.343, 95
Trd, 4318851.093, 96
Trd, 4318852.243, 96
Trd, 4318852.343, 97
Trd, 4318854.143, 95
Trd, 4318856.043, 95
Trd, 4318858.193, 96
Trd, 4318860.493, 95
Trd, 4318862.643, 94
Trd, 4318863.193, 93
Trd, 4318865.143, 95
Trd, 4318865.243, 94
Trd, 4318867.393, 93
Trd, 4318868.093, 93
Trd, 4318870.343, 93
Trd, 4318870.843, 94
Trd, 4318874.043, 94
Trd, 4318874.543, 94
Trd, 4318876.193, 94
Trd, 4318876.343, 94
Trd, 4318876.843, 102
Trd, 4318880.843, 95
Trd, 4318881.443, 93
Trd, 4318883.393, 90
Trd, 4318883.643, 91
Trd, 4318885.343, 94
Trd, 4318886.493, 92
Trd, 4318886.643, 92
Trd, 4318889.443, 95
Trd, 4318890.793, 94
Trd, 4318893.443, 95
Trd, 4318894.493, 95
Trd, 4318895.643, 96
Trd, 4318896.193, 96
Trd, 4318897.943, 96
Trd, 4318898.243, 95
Trd, 4318899.143, 105
Trd, 4318900.093, 95
Trd, 4318902.493, 95
Trd, 4318903.593, 94
Trd, 4318903.993, 94
Trd, 4318907.093, 92
Trd, 4318909.193, 90
Trd, 4318909.693, 97
Trd, 4318910.643, 99
Trd, 4318912.043, 99
Trd, 4318912.193, 98
Trd, 4318915.493, 97
Trd, 4318916.293, 97
Trd, 4318916.793, 97
Trd, 4318920.243, 96
Trd, 4318925.443, 95
Trd, 4318927.493, 96
Trd, 4318929.643, 96
Trd, 4318929.743, 95
Trd, 4318934.543, 95
Trd, 4318935.293, 95
Trd, 4318935.443, 96
Trd, 4318936.243, 95
Trd, 4318937.743, 95
Trd, 4318941.493, 94
Trd, 4318941.993, 93
Trd, 4318943.493, 95
Trd, 4318945.543, 94
Trd, 4318946.743, 95
Trd, 4318948.743, 94
Trd, 4318950.793, 94
Trd, 4318951.443, 94
Trd, 4318952.293, 95
Trd, 4318953.643, 94
Trd, 4318956.543, 94
Trd, 4318958.043, 94
Trd, 4318958.093, 95
Trd, 4318960.143, 95
Trd, 4318963.243, 94
Trd, 4318964.543, 95
Trd, 4318964.743, 95
Trd, 4318965.493, 95
Trd, 4318966.693, 94
Trd, 4318969.043, 94
Trd, 4318970.143, 95
Trd, 4318971.243, 95
Trd, 4318974.993, 94
Trd, 4318975.893, 93
Trd, 4318976.243, 94
Trd, 4318977.843, 93
Trd, 4318978.543, 93
Trd, 4318979.543, 93
Trd, 4318981.343, 95
Trd, 4318982.593, 101
Trd, 4318983.243, 94
Trd, 4318983.993, 96
Trd, 4318986.443, 94
Trd, 4318986.643, 94
Trd, 4318986.993, 94
Trd, 4318989.193, 94
Trd, 4318989.393, 94
Trd, 4318991.543, 93
Trd, 4318993.093, 94
Trd, 4318994.943, 93
Trd, 4318995.093, 92
Trd, 4318998.893, 93
Trd, 4318999.943, 92
Trd, 4319000.343, 91
Trd, 4319003.643, 92
Trd, 4319004.493, 101
Trd, 4319006.193, 94
Trd, 4319006.543, 95
Trd, 4319008.893, 92
Trd, 4319009.693, 92
Trd, 4319011.043, 91
Trd, 4319012.143, 90
Trd, 4319013.393, 91
Trd, 4319013.993, 89
Trd, 4319017.193, 89
Trd, 4319020.593, 89
Trd, 4319022.143, 90
Trd, 4319022.743, 90
Trd, 4319023.193, 90
Trd, 4319025.743, 90
Trd, 4319026.843, 90
Trd, 4319027.343, 90
Trd, 4319029.443, 89
Trd, 4319031.043, 89
Trd, 4319033.193, 90
Trd, 4319034.243, 90
Trd, 4319035.193, 89
Trd, 4319035.893, 99
Trd, 4319038.443, 100
Trd, 4319040.093, 96
Trd, 4319041.543, 97
Trd, 4319044.093, 98
Trd, 4319044.693, 97
Trd, 4319046.093, 95
Trd, 4319047.693, 91
Trd, 4319048.243, 92
Trd, 4319049.443, 91
Trd, 4319052.643, 94
Trd, 4319054.493, 92
Trd, 4319055.743, 95
Trd, 4319057.693, 95
Trd, 4319057.743, 96
Trd, 4319060.443, 93
Trd, 4319061.443, 92
Trd, 4319063.493, 92
Trd, 4319063.893, 93
Trd, 4319064.143, 92
Trd, 4319065.493, 93
Trd, 4319067.643, 92
Trd, 4319071.443, 96
Trd, 4319071.943, 96
Trd, 4319072.793, 96
Trd, 4319075.993, 95
Trd, 4319076.743, 94
Trd, 4319078.293, 96
Trd, 4319079.093, 95
Trd, 4319081.843, 94
Trd, 4319083.093, 95
Trd, 4319085.393, 95
Trd, 4319085.993, 94
Trd, 4319086.343, 95
Trd, 4319089.643, 95
Trd, 4319091.193, 95
Trd, 4319091.643, 94
Trd, 4319094.293, 94
Trd, 4319094.343, 95
Trd, 4319095.893, 95
Trd, 4319097.793, 103
Trd, 4319099.693, 103
Trd, 4319101.593, 97
Trd, 4319101.893, 97
Trd, 4319102.243, 95
Trd, 4319105.393, 97
Trd, 4319105.693, 97
Trd, 4319107.993, 95
Trd, 4319108.093, 95
Trd, 4319108.443, 94
Trd, 4319109.443, 93
Trd, 4319111.143, 94
Trd, 4319112.543, 94
Trd, 4319113.643, 94
Trd, 4319113.993, 94
Trd, 4319115.293, 94
Trd, 4319117.643, 94
Trd, 4319120.643, 93
Trd, 4319121.243, 93
Trd, 4319124.143, 94
Trd, 4319125.143, 94
Trd, 4319125.943, 94
Trd, 4319127.093, 96
Trd, 4319127.993, 95
Trd, 4319131.343, 93
Trd, 4319131.643, 93
Trd, 4319131.993, 94
Trd, 4319133.443, 95
Trd, 4319134.443, 93
Trd, 4319136.293, 95
Trd, 4319138.093, 93
Trd, 4319138.993, 92
Trd, 4319141.243, 91
Trd, 4319141.643, 92
Trd, 4319142.293, 92
Trd, 4319145.243, 97
Trd, 4319145.493, 96
Trd, 4319145.843, 97
Trd, 4319146.593, 96
Trd, 4319148.543, 95
Trd, 4319153.493, 94
Trd, 4319153.593, 95
Trd, 4319154.693, 94
Trd, 4319154.893, 94
Trd, 4319158.543, 98
Trd, 4319159.143, 97
Trd, 4319160.093, 97
Trd, 4319161.093, 97
Trd, 4319161.843, 95
Trd, 4319162.443, 95
Trd, 4319164.793, 101
Trd, 4319165.543, 103
Trd, 4319166.443, 104
Trd, 4319166.493, 99
Trd, 4319169.443, 100
Trd, 4319170.143, 100
Trd, 4319171.593, 100
Trd, 4319171.693, 99
Trd, 4319173.093, 98
Trd, 4319175.143, 99
Trd, 4319177.443, 99
Trd, 4319179.393, 98
Trd, 4319179.793, 99
Trd, 4319180.443, 98
Trd, 4319182.693, 96
Trd, 4319182.993, 96
Trd, 4319184.093, 95
Trd, 4319184.943, 93
Trd, 4319187.043, 94
Trd, 4319188.293, 95
Trd, 4319188.893, 94
Trd, 4319189.093, 94
Trd, 4319189.793, 94
Trd, 4319191.293, 94
Trd, 4319192.393, 95
Trd, 4319195.693, 95
Trd, 4319196.993, 94
Trd, 4319198.343, 94
Trd, 4319198.893, 95
Trd, 4319200.543, 104
Trd, 4319204.543, 96
Trd, 4319205.193, 95
Trd, 4319205.893, 95
Trd, 4319206.643, 95
Trd, 4319208.543, 95
Trd, 4319209.693, 95
Trd, 4319210.693, 94
Trd, 4319211.493, 93
Trd, 4319212.693, 82
Trd, 4319212.943, 82
Trd, 4319214.293, 82
Trd, 4319218.793, 93
Trd, 4319220.343, 95
Trd, 4319223.493, 96
Trd, 4319224.643, 99
Trd, 4319224.793, 99
Trd, 4319225.643, 98
Trd, 4319226.393, 94
Trd, 4319227.793, 97
Trd, 4319229.343, 96
Trd, 4319231.843, 95
Trd, 4319232.543, 94
Trd, 4319233.093, 93
Trd, 4319234.043, 92
Trd, 4319235.343, 99
Trd, 4319236.943, 94
Trd, 4319238.843, 93
Trd, 4319240.893, 91
Trd, 4319241.343, 91
Trd, 4319242.243, 92
Trd, 4319243.293, 94
Trd, 4319245.243, 100
Trd, 4319246.393, 93
Trd, 4319248.843, 91
Trd, 4319249.943, 96
Trd, 4319251.593, 98
Trd, 4319251.993, 96
Trd, 4319252.643, 95
Trd, 4319254.943, 95
Trd, 4319255.243, 96
Trd, 4319256.193, 94
Trd, 4319257.593, 94
Trd, 4319260.093, 95
Trd, 4319260.793, 94
Trd, 4319262.343, 93
Trd, 4319263.043, 93
Trd, 4319263.943, 94
Trd, 4319267.743, 95
Trd, 4319270.343, 95
Trd, 4319271.143, 94
Trd, 4319272.493, 94
Trd, 4319272.993, 93
Trd, 4319273.443, 93
Trd, 4319275.243, 92
Trd, 4319276.293, 92
Trd, 4319279.243, 94
Trd, 4319280.293, 96
Trd, 4319280.393, 93
Trd, 4319284.243, 97
Trd, 4319285.593, 98
Trd, 4319286.343, 99
Trd, 4319287.393, 98
Trd, 4319287.643, 96
Trd, 4319290.993, 98
Trd, 4319293.243, 97
Trd, 4319294.293, 97
Trd, 4319294.793, 100
Trd, 4319294.843, 98
Trd, 4319296.393, 97
Trd, 4319297.743, 93
Trd, 4319298.443, 93
Trd, 4319301.693, 98
Trd, 4319302.593, 98
Trd, 4319303.193, 99
Trd, 4319303.793, 98
Trd, 4319306.843, 97
Trd, 4319308.993, 96
Trd, 4319309.243, 96
Trd, 4319311.093, 94
Trd, 4319311.993, 93
Trd, 4319312.743, 94
Trd, 4319313.293, 95
Trd, 4319315.943, 96
Trd, 4319317.193, 97
Trd, 4319318.493, 96
Trd, 4319319.793, 94
Trd, 4319322.493, 93
Trd, 4319323.193, 94
Trd, 4319323.643, 94
Trd, 4319325.543, 93
Trd, 4319328.393, 93
Trd, 4319330.443, 92
Trd, 4319332.443, 91
Trd, 4319333.393, 92
Trd, 4319334.793, 91
Trd, 4319335.743, 92
Trd, 4319338.393, 91
Trd, 4319341.093, 92
Trd, 4319342.393, 93
Trd, 4319343.893, 92
Trd, 4319345.643, 93
Trd, 4319346.343, 91
Trd, 4319347.693, 91
Trd, 4319348.543, 91
Trd, 4319349.643, 91
Trd, 4319352.443, 91
Trd, 4319352.593, 92
Trd, 4319356.093, 93
Trd, 4319357.493, 93
Trd, 4319358.543, 93
Trd, 4319360.093, 92
Trd, 4319361.843, 95
Trd, 4319362.743, 96
Trd, 4319364.093, 96
Trd, 4319366.793, 97
Trd, 4319367.743, 94
Trd, 4319368.243, 94
Trd, 4319368.843, 94
Trd, 4319371.443, 95
Trd, 4319372.493, 94
Trd, 4319373.443, 95
Trd, 4319373.743, 94
Trd, 4319376.143, 94
Trd, 4319376.393, 93
Trd, 4319378.043, 92
Trd, 4319379.843, 95
Trd, 4319380.593, 95
Trd, 4319382.443, 95
Trd, 4319384.693, 94
Trd, 4319385.093, 93
Trd, 4319386.043, 94
Trd, 4319386.193, 93
Trd, 4319388.843, 95
Trd, 4319389.843, 95
Trd, 4319391.843, 99
Trd, 4319393.643, 98
Trd, 4319394.543, 97
Trd, 4319396.293, 99
Trd, 4319397.643, 98
Trd, 4319398.193, 98
Trd, 4319399.243, 97
Trd, 4319399.693, 96
Trd, 4319401.143, 95
Trd, 4319403.443, 94
Trd, 4319404.193, 95
Trd, 4319406.393, 94
Trd, 4319406.793, 94
Trd, 4319409.043, 93
Trd, 4319410.793, 96
Trd, 4319411.643, 98
Trd, 4319413.343, 99
Trd, 4319415.393, 99
Trd, 4319415.943, 98
Trd, 4319416.693, 100
Trd, 4319417.593, 103
Trd, 4319417.893, 103
Trd, 4319418.943, 100
Trd, 4319419.843, 100
Trd, 4319422.893, 99
Trd, 4319424.193, 98
Trd, 4319425.593, 97
Trd, 4319428.643, 88
Trd, 4319428.993, 90
Trd, 4319429.793, 90
Trd, 4319431.443, 95
Trd, 4319431.493, 93
Trd, 4319434.843, 94
Trd, 4319435.893, 94
Trd, 4319436.443, 94
Trd, 4319437.943, 95
Trd, 4319439.493, 89
Trd, 4319439.793, 92
Trd, 4319440.243, 91
Trd, 4319441.943, 94
Trd, 4319443.993, 94
Trd, 4319447.743, 95
Trd, 4319448.643, 94
Trd, 4319449.993, 95
Trd, 4319450.543, 94
Trd, 4319454.043, 94
Trd, 4319454.243, 95
Trd, 4319454.693, 95
Trd, 4319456.693, 95
Trd, 4319457.243, 102
Trd, 4319459.193, 95
Trd, 4319460.143, 94
Trd, 4319461.643, 92
Trd, 4319463.243, 92
Trd, 4319464.093, 92
Trd, 4319464.643, 91
Trd, 4319465.493, 92
Trd, 4319470.293, 91
Trd, 4319470.693, 91
Trd, 4319472.893, 92
Trd, 4319473.593, 91
Trd, 4319474.243, 90
Trd, 4319476.443, 93
Trd, 4319476.993, 94
Trd, 4319479.493, 92
Trd, 4319481.293, 93
Trd, 4319482.993, 97
Trd, 4319484.843, 97
Trd, 4319485.343, 96
Trd, 4319486.793, 96
Trd, 4319488.493, 94
Trd, 4319489.293, 91
Trd, 4319490.093, 92
Trd, 4319491.993, 90
Trd, 4319492.393, 89
Trd, 4319494.293, 89
Trd, 4319494.443, 90
Trd, 4319496.643, 94
Trd, 4319497.693, 94
Trd, 4319498.943, 94
Trd, 4319499.693, 97
Trd, 4319500.993, 100
Trd, 4319503.593, 100
Trd, 4319504.093, 99
Trd, 4319507.893, 96
Trd, 4319508.393, 96
Trd, 4319508.743, 96
Trd, 4319509.893, 96
Trd, 4319510.443, 94
Trd, 4319511.943, 93
Trd, 4319513.543, 93
Trd, 4319515.543, 102
Trd, 4319515.943, 101
Trd, 4319517.393, 99
Trd, 4319518.143, 98
Trd, 4319519.893, 97
Trd, 4319521.293, 96
Trd, 4319522.143, 95
Trd, 4319522.893, 96
Trd, 4319526.443, 98
Trd, 4319527.243, 98
Trd, 4319527.993, 99
Trd, 4319529.643, 97
Trd, 4319530.943, 96
Trd, 4319531.693, 95
Trd, 4319532.443, 96
Trd, 4319534.143, 96
Trd, 4319535.543, 97
Trd, 4319536.193, 97
Trd, 4319536.743, 95
Trd, 4319538.293, 94
Trd, 4319540.793, 104
Trd, 4319541.943, 98
Trd, 4319542.593, 98
Trd, 4319543.693, 99
Trd, 4319544.943, 96
Trd, 4319546.543, 97
Trd, 4319547.343, 95
Trd, 4319547.793, 94
Trd, 4319549.093, 93
Trd, 4319550.793, 93
Trd, 4319552.243, 93
Trd, 4319552.393, 95
Trd, 4319553.893, 92
Trd, 4319554.793, 93
Trd, 4319558.943, 92
Trd, 4319560.143, 92
Trd, 4319565.493, 91
Trd, 4319565.843, 91
Trd, 4319565.893, 91
Trd, 4319566.443, 90
Trd, 4319569.943, 89
Trd, 4319570.443, 89
Trd, 4319571.043, 90
Trd, 4319571.443, 91
Trd, 4319573.043, 91
Trd, 4319575.293, 90
Trd, 4319575.843, 89
Trd, 4319577.543, 91
Trd, 4319578.043, 101
Trd, 4319580.643, 93
Trd, 4319580.993, 93
Trd, 4319582.843, 92
Trd, 4319585.293, 92
Trd, 4319587.493, 92
Trd, 4319587.693, 92
Trd, 4319588.743, 91
Trd, 4319591.593, 91
Trd, 4319593.593, 90
Trd, 4319594.343, 89
Trd, 4319594.393, 90
Trd, 4319594.793, 90
Trd, 4319596.743, 95
Trd, 4319597.593, 96
Trd, 4319598.343, 96
Trd, 4319600.293, 95
Trd, 4319602.443, 97
Trd, 4319603.093, 97
Trd, 4319603.343, 96
Trd, 4319606.893, 96
Trd, 4319607.943, 93
Trd, 4319609.193, 94
Trd, 4319609.343, 93
Trd, 4319611.243, 94
Trd, 4319612.443, 94
Trd, 4319613.043, 93
Trd, 4319615.843, 94
Trd, 4319617.243, 94
Trd, 4319618.943, 95
Trd, 4319620.843, 96
Trd, 4319622.043, 94
Trd, 4319622.693, 93
Trd, 4319623.693, 93
Trd, 4319624.693, 93
Trd, 4319625.843, 96
Trd, 4319626.493, 95
Trd, 4319628.693, 95
Trd, 4319630.293, 94
Trd, 4319631.343, 94
Trd, 4319632.193, 93
Trd, 4319635.593, 89
Trd, 4319636.043, 88
Trd, 4319637.393, 88
Trd, 4319637.643, 90
Trd, 4319639.593, 90
Trd, 4319640.793, 90
Trd, 4319641.843, 90
Trd, 4319646.693, 92
Trd, 4319647.993, 92
Trd, 4319648.243, 93
Trd, 4319650.243, 94
Trd, 4319652.143, 94
Trd, 4319653.243, 93
Trd, 4319656.243, 92
Trd, 4319657.893, 93
Trd, 4319659.443, 93
Trd, 4319659.593, 92
Trd, 4319660.343, 93
Trd, 4319661.843, 92
Trd, 4319662.193, 92
Trd, 4319663.943, 91
Trd, 4319664.943, 92
Trd, 4319667.743, 96
Trd, 4319667.943, 95
Trd, 4319670.093, 95
Trd, 4319671.793, 98
Trd, 4319672.893, 98
Trd, 4319673.493, 97
Trd, 4319675.043, 96
Trd, 4319676.043, 94
Trd, 4319678.843, 91
Trd, 4319679.493, 91
Trd, 4319681.593, 89
Trd, 4319682.343, 88
Trd, 4319682.893, 88
Trd, 4319684.143, 91
Trd, 4319685.193, 101
Trd, 4319688.993, 96
Trd, 4319689.643, 95
Trd, 4319689.943, 95
Trd, 4319692.793, 96
Trd, 4319693.193, 101
Trd, 4319694.393, 98
Trd, 4319695.943, 98
Trd, 4319697.293, 98
Trd, 4319697.443, 97
Trd, 4319697.493, 97
Trd, 4319700.293, 96
Trd, 4319701.843, 96
Trd, 4319703.643, 102
Trd, 4319703.893, 99
Trd, 4319705.193, 99
Trd, 4319707.593, 98
Trd, 4319709.243, 94
Trd, 4319709.293, 97
Trd, 4319710.743, 95
Trd, 4319712.093, 95
Trd, 4319712.543, 95
Trd, 4319715.693, 102
Trd, 4319718.093, 104
Trd, 4319718.443, 102
Trd, 4319720.093, 103
Trd, 4319721.293, 102
Trd, 4319722.743, 95
Trd, 4319725.243, 100
Trd, 4319725.793, 101
Trd, 4319726.743, 101
Trd, 4319727.743, 101
Trd, 4319731.693, 98
Trd, 4319731.943, 98
Trd, 4319733.193, 99
Trd, 4319733.243, 98
Trd, 4319734.443, 97
Trd, 4319734.693, 97
Trd, 4319737.493, 97
Trd, 4319738.193, 97
Trd, 4319739.943, 95
Trd, 4319740.843, 95
Trd, 4319742.293, 94
Trd, 4319745.593, 95
Trd, 4319746.393, 96
Trd, 4319748.193, 94
Trd, 4319751.943, 94
Trd, 4319753.143, 94
Trd, 4319754.543, 95
Trd, 4319756.943, 95
Trd, 4319759.243, 95
Trd, 4319760.893, 95
Trd, 4319761.893, 95
Trd, 4319762.493, 95
Trd, 4319763.993, 102
Trd, 4319765.793, 96
Trd, 4319766.593, 95
Trd, 4319768.143, 94
Trd, 4319769.293, 94
Trd, 4319771.993, 95
Trd, 4319772.043, 94
Trd, 4319773.893, 94
Trd, 4319774.093, 94
Trd, 4319776.493, 95
Trd, 4319777.893, 95
Trd, 4319779.093, 95
Trd, 4319781.643, 94
Trd, 4319783.143, 94
Trd, 4319784.243, 95
Trd, 4319786.043, 95
Trd, 4319786.343, 95
Trd, 4319788.793, 94
Trd, 4319789.493, 95
Trd, 4319790.093, 94
Trd, 4319790.693, 94
Trd, 4319792.193, 95
Trd, 4319795.343, 96
Trd, 4319796.093, 95
Trd, 4319797.093, 94
Trd, 4319799.043, 95
Trd, 4319799.843, 95
Trd, 4319800.293, 93
Trd, 4319801.343, 91
Trd, 4319803.043, 90
Trd, 4319804.343, 94
Trd, 4319805.093, 94
Trd, 4319807.843, 94
Trd, 4319808.743, 92
Trd, 4319809.293, 95
Trd, 4319811.793, 94
Trd, 4319812.293, 93
Trd, 4319814.593, 94
Trd, 4319815.743, 93
Trd, 4319815.793, 92
Trd, 4319816.693, 95
Trd, 4319819.093, 96
Trd, 4319819.243, 96
Trd, 4319821.693, 96
Trd, 4319823.393, 99
Trd, 4319824.043, 99
Trd, 4319825.343, 98
Trd, 4319825.543, 98
Trd, 4319826.743, 95
Trd, 4319830.243, 96
Trd, 4319831.293, 97
Trd, 4319832.693, 97
Trd, 4319832.743, 96
Trd, 4319834.593, 95
Trd, 4319836.843, 95
Trd, 4319837.743, 95
Trd, 4319841.393, 95
Trd, 4319841.793, 94
Trd, 4319841.943, 96
Trd, 4319842.593, 95
Trd, 4319844.093, 95
Trd, 4319846.143, 94
Trd, 4319849.443, 94
Trd, 4319850.793, 94
Trd, 4319853.293, 96
Trd, 4319855.293, 95
Trd, 4319857.693, 96
Trd, 4319859.343, 94
Trd, 4319861.743, 95
Trd, 4319862.343, 95
Trd, 4319862.993, 94
Trd, 4319863.093, 96
Trd, 4319864.493, 95
Trd, 4319865.043, 96
Trd, 4319866.543, 97
Trd, 4319867.693, 97
Trd, 4319867.893, 97
Trd, 4319870.193, 96
Trd, 4319871.093, 95
Trd, 4319872.093, 96
Trd, 4319872.293, 94
Trd, 4319873.543, 93
Trd, 4319874.843, 93
Trd, 4319875.793, 94
Trd, 4319878.893, 94
Trd, 4319879.793, 94
Trd, 4319880.493, 94
Trd, 4319881.343, 93
Trd, 4319883.893, 92
Trd, 4319885.643, 89
Trd, 4319886.543, 88
Trd, 4319888.293, 91
Trd, 4319888.843, 90
Trd, 4319892.193, 94
Trd, 4319892.943, 93
Trd, 4319893.593, 96
Trd, 4319894.343, 93
Trd, 4319896.843, 94
Trd, 4319897.543, 94
Trd, 4319897.743, 94
Trd, 4319899.743, 95
Trd, 4319902.993, 92
Trd, 4319904.243, 93
Trd, 4319905.343, 92
Trd, 4319905.893, 92
Trd, 4319907.293, 91
Trd, 4319907.743, 92
Trd, 4319910.293, 92
Trd, 4319911.293, 91
Trd, 4319913.293, 91
Trd, 4319914.093, 92
Trd, 4319915.293, 93
Trd, 4319916.393, 99
Trd, 4319918.093, 97
Trd, 4319918.843, 95
Trd, 4319919.093, 95
Trd, 4319919.843, 94
Trd, 4319921.843, 93
Trd, 4319922.193, 94
Trd, 4319922.743, 105
Trd, 4319924.693, 95
Trd, 4319925.593, 95
Trd, 4319926.743, 94
Trd, 4319928.543, 93
Trd, 4319928.993, 94
Trd, 4319930.743, 98
Trd, 4319931.143, 98
Trd, 4319932.743, 98
Trd, 4319934.493, 97
Trd, 4319935.843, 96
Trd, 4319937.243, 94
Trd, 4319939.643, 94
Trd, 4319939.893, 95
Trd, 4319942.343, 95
Trd, 4319943.493, 95
Trd, 4319944.143, 95
Trd, 4319945.843, 96
Trd, 4319948.343, 95
Trd, 4319949.043, 96
Trd, 4319949.693, 95
Trd, 4319951.043, 95
Trd, 4319952.793, 94
Trd, 4319953.393, 94
Trd, 4319955.093, 96
Trd, 4319956.343, 95
Trd, 4319956.793, 96
Trd, 4319959.043, 95
Trd, 4319959.843, 95
Trd, 4319963.193, 95
Trd, 4319963.593, 95
Trd, 4319964.893, 95
Trd, 4319965.243, 94
Trd, 4319967.243, 93
Trd, 4319968.493, 94
Trd, 4319969.793, 93
Trd, 4319970.743, 94
Trd, 4319972.743, 95
Trd, 4319974.593, 96
Trd, 4319975.143, 96
Trd, 4319976.643, 96
Trd, 4319979.593, 95
Trd, 4319979.793, 95
Trd, 4319980.293, 94
Trd, 4319980.543, 95
Trd, 4319982.143, 94
Trd, 4319983.343, 96
Trd, 4319984.593, 96
Trd, 4319987.443, 97
Trd, 4319987.843, 102
Trd, 4319989.843, 99
Trd, 4319990.943, 101
Trd, 4319993.343, 101
Trd, 4319994.043, 101
Trd, 4319995.693, 101
Trd, 4319996.543, 101
Trd, 4319998.043, 100
Trd, 4319999.393, 100
