Trd, 4317876.443, 95
Trd, 4317878.143, 94
Trd, 4317879.543, 95
Trd, 4317880.543, 94
Trd, 4317881.343, 94
Trd, 4317882.043, 92
Trd, 4317883.393, 96
Trd, 4317884.393, 92
Trd, 4317887.493, 91
Trd, 4317888.043, 91
Trd, 4317889.243, 91
Trd, 4317889.493, 96
Trd, 4317891.693, 95
Trd, 4317892.493, 95
Trd, 4317892.943, 95
Trd, 4317894.793, 94
Trd, 4317896.343, 93
Trd, 4317898.993, 91
Trd, 4317899.443, 91
Trd, 4317899.693, 92
Trd, 4317902.143, 88
Trd, 4317903.793, 90
Trd, 4317904.393, 89
Trd, 4317905.343, 90
Trd, 4317906.643, 88
Trd, 4317907.343, 90
Trd, 4317909.143, 88
Trd, 4317910.693, 90
Trd, 4317913.543, 93
Trd, 4317913.793, 92
Trd, 4317913.843, 95
Trd, 4317915.293, 95
Trd, 4317915.793, 94
Trd, 4317916.643, 95
Trd, 4317917.493, 99
Trd, 4317919.243, 97
Trd, 4317922.143, 97
Trd, 4317922.443, 99
Trd, 4317923.843, 99
Trd, 4317927.343, 93
Trd, 4317927.793, 92
Trd, 4317927.843, 93
Trd, 4317928.443, 93
Trd, 4317930.543, 93
Trd, 4317931.143, 93
Trd, 4317932.143, 95
Trd, 4317934.293, 94
Trd, 4317935.643, 92
Trd, 4317936.043, 94
Trd, 4317936.243, 95
Trd, 4317937.793, 94
Trd, 4317939.243, 93
Trd, 4317940.843, 94
Trd, 4317941.843, 95
Trd, 4317943.343, 95
Trd, 4317944.243, 94
Trd, 4317945.543, 95
Trd, 4317945.693, 94
Trd, 4317946.993, 93
Trd, 4317947.743, 94
Trd, 4317949.443, 96
Trd, 4317950.443, 95
Trd, 4317950.693, 100
Trd, 4317955.143, 95
Trd, 4317955.593, 96
Trd, 4317955.993, 95
Trd, 4317958.043, 95
Trd, 4317959.193, 94
Trd, 4317959.293, 94
Trd, 4317960.643, 96
Trd, 4317962.193, 104
Trd, 4317964.893, 90
Trd, 4317965.093, 91
Trd, 4317965.993, 92
Trd, 4317966.943, 90
Trd, 4317967.793, 95
Trd, 4317970.443, 88
Trd, 4317971.043, 88
Trd, 4317973.743, 85
Trd, 4317973.993, 86
Trd, 4317974.293, 88
Trd, 4317975.193, 88
Trd, 4317976.743, 90
Trd, 4317976.943, 89
Trd, 4317981.143, 93
Trd, 4317981.893, 89
Trd, 4317983.293, 89
Trd, 4317984.693, 91
Trd, 4317986.393, 92
Trd, 4317986.793, 93
Trd, 4317988.693, 96
Trd, 4317989.393, 94
Trd, 4317991.293, 95
Trd, 4317992.193, 95
Trd, 4317993.993, 95
Trd, 4317995.943, 86
Trd, 4317996.343, 91
Trd, 4317996.593, 91
Trd, 4317999.443, 91
Trd, 4317999.943, 91
Trd, 4318000.093, 90
Trd, 4318001.193, 91
Trd, 4318002.393, 98
Trd, 4318003.643, 97
Trd, 4318004.993, 93
Trd, 4318005.143, 94
Trd, 4318007.093, 96
Trd, 4318007.893, 95
Trd, 4318010.293, 94
Trd, 4318010.893, 95
Trd, 4318012.243, 97
Trd, 4318012.593, 98
Trd, 4318012.793, 98
Trd, 4318014.393, 97
Trd, 4318015.493, 97
Trd, 4318017.343, 98
Trd, 4318017.593, 96
Trd, 4318019.243, 99
Trd, 4318020.893, 98
Trd, 4318021.043, 98
Trd, 4318022.843, 98
Trd, 4318023.143, 97
Trd, 4318024.943, 97
Trd, 4318026.093, 98
Trd, 4318027.193, 99
Trd, 4318030.443, 99
Trd, 4318030.743, 98
Trd, 4318030.793, 99
Trd, 4318030.943, 98
Trd, 4318033.893, 98
Trd, 4318034.393, 99
Trd, 4318034.943, 99
Trd, 4318038.143, 97
Trd, 4318039.793, 96
Trd, 4318040.343, 95
Trd, 4318041.193, 94
Trd, 4318041.343, 95
Trd, 4318045.493, 86
Trd, 4318046.593, 88
Trd, 4318046.943, 88
Trd, 4318048.393, 89
Trd, 4318048.493, 90
Trd, 4318051.193, 95
Trd, 4318051.243, 91
Trd, 4318052.143, 91
Trd, 4318052.843, 92
Trd, 4318053.193, 93
Trd, 4318054.643, 95
Trd, 4318054.993, 90
Trd, 4318057.343, 90
Trd, 4318058.193, 90
Trd, 4318059.893, 90
Trd, 4318060.193, 91
Trd, 4318061.393, 102
Trd, 4318061.893, 90
Trd, 4318065.393, 93
Trd, 4318067.743, 93
Trd, 4318068.893, 94
Trd, 4318069.143, 95
Trd, 4318069.543, 93
Trd, 4318069.993, 105
Trd, 4318072.693, 91
Trd, 4318073.443, 90
Trd, 4318074.093, 91
Trd, 4318076.193, 90
Trd, 4318076.893, 90
Trd, 4318077.943, 95
Trd, 4318079.093, 89
Trd, 4318080.793, 90
Trd, 4318080.843, 88
Trd, 4318083.243, 89
Trd, 4318084.643, 95
Trd, 4318086.143, 87
Trd, 4318087.043, 88
Trd, 4318087.243, 89
Trd, 4318088.643, 88
Trd, 4318091.043, 87
Trd, 4318093.543, 88
Trd, 4318094.993, 88
Trd, 4318098.343, 93
Trd, 4318098.643, 92
Trd, 4318098.943, 90
Trd, 4318102.393, 91
Trd, 4318102.843, 91
Trd, 4318105.393, 95
Trd, 4318106.393, 95
Trd, 4318107.143, 95
Trd, 4318107.593, 96
Trd, 4318108.193, 95
Trd, 4318109.293, 97
Trd, 4318110.543, 98
Trd, 4318111.643, 104
Trd, 4318114.643, 94
Trd, 4318115.243, 93
Trd, 4318115.593, 95
Trd, 4318116.793, 93
Trd, 4318117.643, 94
Trd, 4318119.743, 95
Trd, 4318120.943, 95
Trd, 4318121.893, 95
Trd, 4318123.693, 95
Trd, 4318124.343, 94
Trd, 4318124.393, 93
Trd, 4318127.743, 93
Trd, 4318127.943, 94
Trd, 4318128.143, 94
Trd, 4318129.493, 94
Trd, 4318131.293, 96
Trd, 4318132.943, 105
Trd, 4318133.293, 95
Trd, 4318134.693, 99
Trd, 4318135.643, 97
Trd, 4318136.593, 96
Trd, 4318138.193, 96
Trd, 4318140.293, 96
Trd, 4318141.743, 95
Trd, 4318142.393, 96
Trd, 4318144.243, 95
Trd, 4318145.893, 95
Trd, 4318146.793, 97
Trd, 4318148.393, 96
Trd, 4318149.243, 89
Trd, 4318152.093, 91
Trd, 4318152.443, 90
Trd, 4318153.393, 91
Trd, 4318153.843, 92
Trd, 4318156.093, 91
Trd, 4318156.393, 92
Trd, 4318159.643, 92
Trd, 4318160.443, 91
Trd, 4318162.493, 89
Trd, 4318164.543, 92
Trd, 4318165.043, 92
Trd, 4318166.093, 95
Trd, 4318168.793, 104
Trd, 4318170.143, 104
Trd, 4318170.693, 103
Trd, 4318172.293, 103
Trd, 4318172.793, 102
Trd, 4318173.293, 103
Trd, 4318175.493, 104
Trd, 4318175.993, 125
Trd, 4318176.493, 120
Trd, 4318177.493, 120
Trd, 4318180.143, 106
Trd, 4318181.743, 105
Trd, 4318182.243, 113
Trd, 4318183.393, 85
Trd, 4318184.393, 86
Trd, 4318185.143, 91
Trd, 4318186.043, 97
Trd, 4318188.593, 93
Trd, 4318189.243, 95
Trd, 4318189.493, 91
Trd, 4318191.393, 90
Trd, 4318192.643, 92
Trd, 4318194.593, 94
Trd, 4318195.343, 91
Trd, 4318199.043, 92
Trd, 4318200.143, 92
Trd, 4318200.493, 94
Trd, 4318200.543, 91
Trd, 4318204.693, 93
Trd, 4318205.543, 93
Trd, 4318209.293, 92
Trd, 4318209.693, 92
Trd, 4318212.493, 86
Trd, 4318212.593, 85
Trd, 4318213.643, 87
Trd, 4318214.893, 90
Trd, 4318215.593, 115
Trd, 4318219.293, 88
Trd, 4318220.793, 91
Trd, 4318223.693, 92
Trd, 4318224.043, 91
Trd, 4318225.193, 95
Trd, 4318227.943, 86
Trd, 4318228.543, 87
Trd, 4318228.943, 86
Trd, 4318229.993, 86
Trd, 4318230.743, 86
Trd, 4318233.593, 87
Trd, 4318234.743, 86
Trd, 4318234.943, 85
Trd, 4318237.793, 87
Trd, 4318240.093, 88
Trd, 4318240.793, 89
Trd, 4318240.993, 92
Trd, 4318243.393, 89
Trd, 4318243.693, 90
Trd, 4318246.693, 89
Trd, 4318247.093, 89
Trd, 4318249.693, 89
Trd, 4318249.893, 89
Trd, 4318251.443, 92
Trd, 4318251.993, 90
Trd, 4318254.593, 92
Trd, 4318254.893, 95
Trd, 4318255.793, 98
Trd, 4318258.593, 100
Trd, 4318259.443, 100
Trd, 4318260.243, 99
Trd, 4318260.393, 87
Trd, 4318261.793, 100
Trd, 4318262.843, 96
Trd, 4318264.093, 98
Trd, 4318264.693, 99
Trd, 4318266.143, 96
Trd, 4318268.643, 98
Trd, 4318269.993, 102
Trd, 4318271.043, 101
Trd, 4318271.843, 102
Trd, 4318273.943, 90
Trd, 4318274.243, 95
Trd, 4318276.293, 92
Trd, 4318277.743, 92
Trd, 4318278.593, 92
Trd, 4318279.693, 92
Trd, 4318279.843, 95
Trd, 4318280.593, 116
Trd, 4318282.993, 92
Trd, 4318285.093, 96
Trd, 4318285.543, 96
Trd, 4318285.993, 95
Trd, 4318287.243, 96
Trd, 4318289.693, 96
Trd, 4318289.793, 96
Trd, 4318291.243, 95
Trd, 4318292.243, 96
Trd, 4318294.193, 89
Trd, 4318295.993, 90
Trd, 4318298.043, 90
Trd, 4318298.443, 90
Trd, 4318300.393, 90
Trd, 4318301.393, 91
Trd, 4318301.743, 89
Trd, 4318303.193, 89
Trd, 4318305.593, 90
Trd, 4318305.793, 90
Trd, 4318308.193, 95
Trd, 4318309.643, 105
Trd, 4318310.293, 105
Trd, 4318311.093, 104
Trd, 4318311.143, 113
Trd, 4318314.193, 104
Trd, 4318314.693, 104
Trd, 4318315.293, 92
Trd, 4318317.443, 90
Trd, 4318318.793, 90
Trd, 4318319.043, 91
Trd, 4318320.443, 93
Trd, 4318322.093, 92
Trd, 4318322.843, 93
Trd, 4318325.593, 93
Trd, 4318327.043, 93
Trd, 4318327.293, 114
Trd, 4318328.943, 93
Trd, 4318331.643, 96
Trd, 4318331.793, 97
Trd, 4318334.493, 96
Trd, 4318334.743, 97
Trd, 4318334.893, 96
Trd, 4318337.343, 97
Trd, 4318338.343, 97
Trd, 4318339.743, 94
Trd, 4318340.393, 86
Trd, 4318344.193, 93
Trd, 4318346.043, 91
Trd, 4318346.243, 92
Trd, 4318346.943, 92
Trd, 4318347.143, 91
Trd, 4318348.293, 104
Trd, 4318349.643, 91
Trd, 4318351.293, 93
Trd, 4318354.193, 94
Trd, 4318354.993, 96
Trd, 4318355.993, 93
Trd, 4318357.143, 95
Trd, 4318359.243, 95
Trd, 4318359.593, 94
Trd, 4318361.893, 95
Trd, 4318363.493, 93
Trd, 4318364.693, 93
Trd, 4318367.693, 92
Trd, 4318368.443, 93
Trd, 4318369.693, 93
Trd, 4318370.193, 92
Trd, 4318371.493, 91
Trd, 4318373.493, 92
Trd, 4318373.593, 92
Trd, 4318374.143, 91
Trd, 4318375.393, 91
Trd, 4318377.593, 88
Trd, 4318379.393, 88
Trd, 4318380.943, 89
Trd, 4318381.043, 97
Trd, 4318383.493, 91
Trd, 4318383.643, 94
Trd, 4318384.943, 88
Trd, 4318388.643, 92
Trd, 4318388.843, 92
Trd, 4318389.543, 104
Trd, 4318390.643, 94
Trd, 4318390.693, 94
Trd, 4318391.943, 93
Trd, 4318392.943, 94
Trd, 4318395.493, 94
Trd, 4318397.693, 92
Trd, 4318398.693, 92
Trd, 4318399.093, 93
Trd, 4318400.643, 91
Trd, 4318401.043, 89
Trd, 4318403.943, 86
Trd, 4318404.693, 88
Trd, 4318404.893, 89
Trd, 4318408.443, 90
Trd, 4318408.693, 91
Trd, 4318409.143, 90
Trd, 4318409.743, 90
Trd, 4318410.043, 90
Trd, 4318411.843, 89
Trd, 4318411.943, 95
Trd, 4318415.693, 91
Trd, 4318417.893, 92
Trd, 4318419.593, 91
Trd, 4318420.193, 94
Trd, 4318420.593, 93
Trd, 4318422.343, 93
Trd, 4318423.293, 92
Trd, 4318424.643, 92
Trd, 4318424.893, 92
Trd, 4318427.943, 91
Trd, 4318428.293, 91
Trd, 4318429.493, 95
Trd, 4318429.943, 91
Trd, 4318431.393, 90
Trd, 4318431.693, 91
Trd, 4318432.743, 93
Trd, 4318434.743, 92
Trd, 4318438.143, 92
Trd, 4318438.943, 92
Trd, 4318439.143, 95
Trd, 4318439.543, 91
Trd, 4318441.193, 104
Trd, 4318442.043, 97
Trd, 4318443.493, 98
Trd, 4318445.993, 100
Trd, 4318446.743, 98
Trd, 4318448.393, 98
Trd, 4318449.843, 88
Trd, 4318450.043, 95
Trd, 4318453.043, 93
Trd, 4318454.393, 94
Trd, 4318455.093, 94
Trd, 4318455.143, 94
Trd, 4318458.343, 93
Trd, 4318458.393, 94
Trd, 4318459.493, 94
Trd, 4318461.193, 94
Trd, 4318461.543, 93
Trd, 4318462.093, 95
Trd, 4318464.093, 95
Trd, 4318465.343, 98
Trd, 4318465.543, 100
Trd, 4318465.743, 97
Trd, 4318468.043, 98
Trd, 4318468.843, 97
Trd, 4318469.693, 98
Trd, 4318471.793, 97
Trd, 4318473.893, 98
Trd, 4318475.593, 97
Trd, 4318476.543, 98
Trd, 4318476.693, 98
Trd, 4318477.543, 99
Trd, 4318479.993, 102
Trd, 4318480.893, 101
Trd, 4318480.993, 101
Trd, 4318482.943, 99
Trd, 4318484.793, 88
Trd, 4318484.993, 96
Trd, 4318486.293, 96
Trd, 4318488.493, 96
Trd, 4318489.493, 104
Trd, 4318489.993, 95
Trd, 4318492.193, 94
Trd, 4318493.693, 95
Trd, 4318493.943, 104
Trd, 4318495.393, 91
Trd, 4318497.243, 92
Trd, 4318497.943, 92
Trd, 4318498.143, 87
Trd, 4318501.843, 89
Trd, 4318501.893, 91
Trd, 4318502.743, 89
Trd, 4318502.943, 89
Trd, 4318505.243, 95
Trd, 4318505.993, 95
Trd, 4318509.243, 96
Trd, 4318509.993, 94
Trd, 4318511.243, 95
Trd, 4318512.643, 98
Trd, 4318513.943, 102
Trd, 4318514.643, 99
Trd, 4318515.393, 98
Trd, 4318519.393, 98
Trd, 4318519.443, 99
Trd, 4318519.493, 97
Trd, 4318523.143, 98
Trd, 4318523.393, 97
Trd, 4318524.593, 98
Trd, 4318524.643, 97
Trd, 4318525.493, 98
Trd, 4318527.343, 98
Trd, 4318527.943, 100
Trd, 4318528.793, 114
Trd, 4318530.893, 99
Trd, 4318531.493, 99
Trd, 4318532.993, 101
Trd, 4318534.693, 101
Trd, 4318534.843, 101
Trd, 4318535.793, 100
Trd, 4318536.993, 101
Trd, 4318538.993, 101
Trd, 4318540.793, 101
Trd, 4318540.893, 100
Trd, 4318541.193, 102
Trd, 4318544.043, 100
Trd, 4318544.143, 99
Trd, 4318544.943, 102
Trd, 4318549.293, 101
Trd, 4318550.193, 101
Trd, 4318550.693, 102
Trd, 4318551.893, 101
Trd, 4318553.643, 101
Trd, 4318554.643, 101
Trd, 4318554.843, 101
Trd, 4318556.143, 99
Trd, 4318556.243, 99
Trd, 4318557.693, 98
Trd, 4318558.843, 97
Trd, 4318560.493, 96
Trd, 4318561.643, 87
Trd, 4318565.043, 95
Trd, 4318566.243, 94
Trd, 4318566.693, 95
Trd, 4318568.993, 92
Trd, 4318569.543, 93
Trd, 4318571.443, 95
Trd, 4318572.493, 96
Trd, 4318573.643, 96
Trd, 4318573.743, 96
Trd, 4318574.143, 99
Trd, 4318575.493, 98
Trd, 4318577.993, 98
Trd, 4318579.543, 99
Trd, 4318581.393, 99
Trd, 4318583.293, 97
Trd, 4318583.643, 95
Trd, 4318586.493, 97
Trd, 4318586.943, 95
Trd, 4318587.893, 95
Trd, 4318588.243, 94
Trd, 4318589.943, 96
Trd, 4318592.093, 96
Trd, 4318592.793, 96
Trd, 4318593.443, 90
Trd, 4318594.243, 93
Trd, 4318595.193, 94
Trd, 4318599.443, 93
Trd, 4318599.643, 93
Trd, 4318599.693, 92
Trd, 4318599.743, 95
Trd, 4318600.543, 92
Trd, 4318602.443, 92
Trd, 4318604.093, 92
Trd, 4318604.843, 95
Trd, 4318608.093, 97
Trd, 4318608.143, 97
Trd, 4318608.693, 97
Trd, 4318608.993, 97
Trd, 4318611.193, 95
Trd, 4318611.893, 96
Trd, 4318613.743, 95
Trd, 4318615.793, 95
Trd, 4318617.043, 98
Trd, 4318617.743, 99
Trd, 4318618.343, 99
Trd, 4318618.993, 100
Trd, 4318619.243, 103
Trd, 4318621.643, 104
Trd, 4318621.893, 101
Trd, 4318623.643, 106
Trd, 4318624.893, 104
Trd, 4318625.443, 104
Trd, 4318626.543, 103
Trd, 4318629.043, 100
Trd, 4318630.443, 97
Trd, 4318631.343, 97
Trd, 4318633.443, 96
Trd, 4318633.843, 93
Trd, 4318636.443, 97
Trd, 4318636.643, 96
Trd, 4318638.793, 97
Trd, 4318638.843, 94
Trd, 4318642.043, 93
Trd, 4318642.093, 95
Trd, 4318642.793, 95
Trd, 4318644.293, 94
Trd, 4318645.893, 94
Trd, 4318647.993, 94
Trd, 4318648.243, 93
Trd, 4318649.143, 94
Trd, 4318651.393, 92
Trd, 4318652.493, 92
Trd, 4318653.693, 90
Trd, 4318654.243, 91
Trd, 4318655.843, 91
Trd, 4318655.943, 92
Trd, 4318656.743, 93
Trd, 4318658.293, 93
Trd, 4318658.993, 93
Trd, 4318659.643, 97
Trd, 4318662.193, 103
Trd, 4318663.593, 99
Trd, 4318665.043, 98
Trd, 4318666.593, 97
Trd, 4318666.693, 96
Trd, 4318667.493, 98
Trd, 4318670.443, 94
Trd, 4318674.043, 90
Trd, 4318674.593, 95
Trd, 4318674.993, 91
Trd, 4318675.743, 95
Trd, 4318675.943, 92
Trd, 4318676.243, 92
Trd, 4318679.443, 92
Trd, 4318680.393, 92
Trd, 4318681.343, 92
Trd, 4318682.093, 91
Trd, 4318682.443, 92
Trd, 4318685.043, 96
Trd, 4318686.493, 94
Trd, 4318687.343, 94
Trd, 4318689.193, 94
Trd, 4318689.893, 93
Trd, 4318691.993, 94
Trd, 4318693.293, 95
Trd, 4318694.743, 95
Trd, 4318695.393, 106
Trd, 4318696.343, 99
Trd, 4318697.593, 98
Trd, 4318698.643, 96
Trd, 4318700.793, 96
Trd, 4318701.743, 95
Trd, 4318703.293, 96
Trd, 4318704.443, 91
Trd, 4318706.243, 87
Trd, 4318706.843, 88
Trd, 4318708.443, 92
Trd, 4318709.593, 90
Trd, 4318712.343, 96
Trd, 4318712.993, 98
Trd, 4318713.043, 96
Trd, 4318713.893, 93
Trd, 4318716.093, 105
Trd, 4318717.293, 95
Trd, 4318718.143, 99
Trd, 4318721.893, 102
Trd, 4318724.193, 102
Trd, 4318724.243, 103
Trd, 4318725.743, 101
Trd, 4318727.043, 101
Trd, 4318729.543, 95
Trd, 4318730.493, 95
Trd, 4318731.143, 94
Trd, 4318733.343, 95
Trd, 4318733.393, 89
Trd, 4318737.043, 91
Trd, 4318737.893, 94
Trd, 4318739.243, 94
Trd, 4318740.443, 94
Trd, 4318740.593, 96
Trd, 4318740.843, 96
Trd, 4318742.193, 95
Trd, 4318743.193, 96
Trd, 4318745.693, 97
Trd, 4318746.793, 96
Trd, 4318748.093, 98
Trd, 4318749.243, 97
Trd, 4318749.643, 86
Trd, 4318750.993, 96
Trd, 4318751.593, 95
Trd, 4318752.143, 96
Trd, 4318753.293, 97
Trd, 4318755.293, 96
Trd, 4318756.493, 96
Trd, 4318757.293, 88
Trd, 4318757.893, 96
Trd, 4318761.043, 95
Trd, 4318761.643, 95
Trd, 4318763.193, 95
Trd, 4318763.793, 94
Trd, 4318765.143, 91
Trd, 4318765.443, 91
Trd, 4318765.943, 92
Trd, 4318769.143, 98
Trd, 4318769.843, 99
Trd, 4318770.643, 100
Trd, 4318771.293, 103
Trd, 4318771.493, 101
Trd, 4318771.943, 101
Trd, 4318772.993, 105
Trd, 4318773.243, 87
Trd, 4318778.093, 97
Trd, 4318778.793, 96
Trd, 4318779.543, 86
Trd, 4318782.743, 87
Trd, 4318783.093, 89
Trd, 4318783.343, 90
Trd, 4318783.543, 89
Trd, 4318786.493, 97
Trd, 4318788.343, 90
Trd, 4318789.043, 88
Trd, 4318791.443, 89
Trd, 4318792.993, 88
Trd, 4318793.443, 97
Trd, 4318794.193, 93
Trd, 4318794.843, 93
Trd, 4318796.243, 105
Trd, 4318799.743, 89
Trd, 4318799.843, 92
Trd, 4318800.643, 91
Trd, 4318801.543, 92
Trd, 4318803.593, 101
Trd, 4318804.743, 100
Trd, 4318806.443, 96
Trd, 4318808.443, 90
Trd, 4318808.743, 92
Trd, 4318810.493, 104
Trd, 4318811.393, 92
Trd, 4318814.543, 90
Trd, 4318815.993, 91
Trd, 4318817.193, 94
Trd, 4318818.093, 92
Trd, 4318819.493, 104
Trd, 4318820.343, 99
Trd, 4318820.693, 98
Trd, 4318821.293, 96
Trd, 4318823.093, 99
Trd, 4318825.843, 91
Trd, 4318826.043, 90
Trd, 4318826.643, 92
Trd, 4318827.993, 92
Trd, 4318830.093, 92
Trd, 4318831.493, 95
Trd, 4318831.993, 94
Trd, 4318833.493, 97
Trd, 4318833.743, 96
Trd, 4318834.293, 96
Trd, 4318834.843, 102
Trd, 4318837.193, 97
Trd, 4318839.793, 98
Trd, 4318840.993, 97
Trd, 4318841.843, 98
Trd, 4318843.043, 99
Trd, 4318843.693, 99
Trd, 4318844.743, 98
Trd, 4318845.793, 99
Trd, 4318847.643, 100
Trd, 4318848.593, 100
Trd, 4318849.093, 101
Trd, 4318851.643, 99
Trd, 4318852.893, 103
Trd, 4318853.543, 101
Trd, 4318854.293, 101
Trd, 4318854.543, 100
Trd, 4318854.943, 104
Trd, 4318856.143, 88
Trd, 4318858.243, 97
Trd, 4318858.993, 98
Trd, 4318861.943, 98
Trd, 4318862.043, 96
Trd, 4318863.593, 98
Trd, 4318865.643, 93
Trd, 4318867.643, 96
Trd, 4318868.543, 95
Trd, 4318869.343, 95
Trd, 4318870.093, 94
Trd, 4318870.843, 95
Trd, 4318873.843, 94
Trd, 4318873.943, 95
Trd, 4318874.793, 93
Trd, 4318877.493, 92
Trd, 4318879.643, 95
Trd, 4318880.343, 95
Trd, 4318880.793, 95
Trd, 4318882.793, 93
Trd, 4318883.693, 95
Trd, 4318884.343, 96
Trd, 4318885.643, 102
Trd, 4318886.193, 101
Trd, 4318887.993, 101
Trd, 4318889.043, 103
Trd, 4318889.143, 102
Trd, 4318889.393, 103
Trd, 4318891.493, 104
Trd, 4318891.843, 103
Trd, 4318892.143, 102
Trd, 4318893.793, 104
Trd, 4318895.093, 104
Trd, 4318899.343, 101
Trd, 4318900.193, 87
Trd, 4318901.093, 88
Trd, 4318901.693, 90
Trd, 4318902.493, 90
Trd, 4318902.993, 91
Trd, 4318906.743, 90
Trd, 4318907.643, 90
Trd, 4318908.293, 92
Trd, 4318910.343, 93
Trd, 4318911.193, 92
Trd, 4318912.743, 95
Trd, 4318912.793, 96
Trd, 4318914.293, 97
Trd, 4318914.643, 95
Trd, 4318916.343, 97
Trd, 4318917.643, 97
Trd, 4318918.593, 99
Trd, 4318920.093, 89
Trd, 4318922.243, 104
Trd, 4318922.843, 99
Trd, 4318923.593, 99
Trd, 4318924.443, 98
Trd, 4318926.043, 87
Trd, 4318926.993, 92
Trd, 4318928.193, 97
Trd, 4318930.443, 94
Trd, 4318931.043, 93
Trd, 4318933.693, 93
Trd, 4318934.293, 93
Trd, 4318935.643, 93
Trd, 4318936.293, 93
Trd, 4318938.393, 93
Trd, 4318939.743, 93
Trd, 4318941.393, 92
Trd, 4318941.893, 92
Trd, 4318942.593, 91
Trd, 4318942.793, 90
Trd, 4318944.493, 92
Trd, 4318945.943, 94
Trd, 4318946.093, 94
Trd, 4318947.543, 93
Trd, 4318950.643, 94
Trd, 4318950.943, 93
Trd, 4318951.043, 95
Trd, 4318953.543, 95
Trd, 4318955.393, 104
Trd, 4318956.143, 101
Trd, 4318956.593, 99
Trd, 4318957.543, 101
Trd, 4318958.743, 101
Trd, 4318960.793, 100
Trd, 4318961.293, 104
Trd, 4318962.393, 100
Trd, 4318965.143, 101
Trd, 4318965.243, 99
Trd, 4318969.393, 88
Trd, 4318969.693, 88
Trd, 4318973.093, 92
Trd, 4318973.543, 92
Trd, 4318974.793, 93
Trd, 4318975.893, 92
Trd, 4318979.693, 91
Trd, 4318979.793, 90
Trd, 4318980.893, 89
Trd, 4318982.193, 89
Trd, 4318983.843, 89
Trd, 4318984.993, 91
Trd, 4318986.743, 93
Trd, 4318987.193, 92
Trd, 4318987.593, 92
Trd, 4318987.843, 95
Trd, 4318990.243, 93
Trd, 4318991.893, 94
Trd, 4318992.843, 93
Trd, 4318995.643, 93
Trd, 4318995.893, 94
Trd, 4318996.043, 95
Trd, 4318996.243, 92
Trd, 4318999.743, 91
Trd, 4319002.493, 89
Trd, 4319002.993, 88
Trd, 4319003.293, 89
Trd, 4319003.893, 87
Trd, 4319006.043, 88
Trd, 4319007.943, 88
Trd, 4319008.543, 86
Trd, 4319009.843, 88
Trd, 4319010.193, 95
Trd, 4319011.243, 95
Trd, 4319014.093, 93
Trd, 4319014.593, 93
Trd, 4319017.143, 96
Trd, 4319019.243, 97
Trd, 4319019.543, 97
Trd, 4319021.343, 98
Trd, 4319022.693, 95
Trd, 4319024.293, 94
Trd, 4319024.643, 96
Trd, 4319026.893, 87
Trd, 4319027.143, 90
Trd, 4319027.393, 89
Trd, 4319027.743, 86
Trd, 4319029.443, 85
Trd, 4319031.443, 84
Trd, 4319031.893, 85
Trd, 4319032.343, 84
Trd, 4319035.793, 94
Trd, 4319036.543, 89
Trd, 4319036.943, 91
Trd, 4319038.143, 90
Trd, 4319040.743, 94
Trd, 4319042.343, 94
Trd, 4319043.143, 95
Trd, 4319043.893, 95
Trd, 4319044.143, 105
Trd, 4319045.293, 96
Trd, 4319046.043, 96
Trd, 4319048.243, 86
Trd, 4319048.643, 89
Trd, 4319049.643, 89
Trd, 4319050.593, 89
Trd, 4319053.193, 94
Trd, 4319053.343, 93
Trd, 4319054.043, 96
Trd, 4319055.343, 97
Trd, 4319055.743, 96
Trd, 4319057.993, 95
Trd, 4319059.743, 95
Trd, 4319061.393, 95
Trd, 4319062.243, 95
Trd, 4319064.843, 94
Trd, 4319065.393, 94
Trd, 4319065.743, 95
Trd, 4319068.643, 95
Trd, 4319069.743, 96
Trd, 4319071.243, 95
Trd, 4319072.343, 94
Trd, 4319073.793, 96
Trd, 4319073.843, 94
Trd, 4319074.893, 95
Trd, 4319077.393, 94
Trd, 4319077.743, 92
Trd, 4319080.593, 95
Trd, 4319081.793, 94
Trd, 4319083.293, 93
Trd, 4319083.493, 95
Trd, 4319084.093, 94
Trd, 4319086.793, 95
Trd, 4319087.243, 96
Trd, 4319087.643, 96
Trd, 4319088.543, 96
Trd, 4319089.193, 97
Trd, 4319090.443, 86
Trd, 4319093.343, 94
Trd, 4319095.693, 96
Trd, 4319096.593, 96
Trd, 4319097.443, 97
Trd, 4319098.993, 95
Trd, 4319102.593, 86
Trd, 4319103.443, 96
Trd, 4319105.193, 96
Trd, 4319107.443, 91
Trd, 4319107.543, 90
Trd, 4319110.243, 92
Trd, 4319111.943, 92
Trd, 4319112.493, 92
Trd, 4319112.543, 91
Trd, 4319115.793, 93
Trd, 4319116.443, 93
Trd, 4319117.043, 93
Trd, 4319118.243, 95
Trd, 4319118.893, 87
Trd, 4319120.793, 93
Trd, 4319121.943, 94
Trd, 4319122.243, 104
Trd, 4319124.643, 95
Trd, 4319126.343, 95
Trd, 4319128.293, 92
Trd, 4319128.743, 95
Trd, 4319129.543, 96
Trd, 4319131.393, 90
Trd, 4319131.893, 89
Trd, 4319132.993, 93
Trd, 4319133.943, 92
Trd, 4319135.193, 90
Trd, 4319136.893, 89
Trd, 4319137.543, 89
Trd, 4319140.843, 93
Trd, 4319141.493, 93
Trd, 4319143.393, 96
Trd, 4319144.193, 97
Trd, 4319144.943, 94
Trd, 4319146.693, 98
Trd, 4319147.243, 101
Trd, 4319148.593, 98
Trd, 4319150.143, 97
Trd, 4319152.543, 91
Trd, 4319153.543, 88
Trd, 4319155.143, 91
Trd, 4319155.393, 90
Trd, 4319157.893, 91
Trd, 4319159.843, 92
Trd, 4319160.443, 91
Trd, 4319162.593, 94
Trd, 4319163.193, 93
Trd, 4319164.943, 90
Trd, 4319165.443, 90
Trd, 4319166.643, 90
Trd, 4319167.343, 90
Trd, 4319167.843, 95
Trd, 4319167.993, 89
Trd, 4319169.893, 88
Trd, 4319170.143, 91
Trd, 4319173.143, 89
Trd, 4319174.693, 90
Trd, 4319176.143, 90
Trd, 4319177.443, 91
Trd, 4319177.493, 95
Trd, 4319178.343, 89
Trd, 4319182.543, 90
Trd, 4319182.693, 91
Trd, 4319183.193, 90
Trd, 4319185.893, 91
Trd, 4319188.193, 90
Trd, 4319188.943, 91
Trd, 4319190.043, 89
Trd, 4319190.143, 91
Trd, 4319192.193, 90
Trd, 4319193.493, 89
Trd, 4319194.493, 89
Trd, 4319197.593, 95
Trd, 4319197.943, 94
Trd, 4319199.293, 96
Trd, 4319199.343, 95
Trd, 4319202.493, 92
Trd, 4319203.443, 93
Trd, 4319204.593, 90
Trd, 4319206.443, 90
Trd, 4319206.843, 90
Trd, 4319207.243, 92
Trd, 4319207.793, 91
Trd, 4319211.543, 91
Trd, 4319214.693, 91
Trd, 4319215.443, 91
Trd, 4319215.993, 95
Trd, 4319216.893, 95
Trd, 4319217.193, 95
Trd, 4319217.493, 104
Trd, 4319218.943, 95
Trd, 4319221.343, 96
Trd, 4319221.843, 95
Trd, 4319223.993, 95
Trd, 4319224.593, 94
Trd, 4319225.243, 94
Trd, 4319228.243, 96
Trd, 4319228.343, 95
Trd, 4319228.793, 94
Trd, 4319229.443, 95
Trd, 4319230.143, 95
Trd, 4319230.693, 104
Trd, 4319232.843, 94
Trd, 4319234.293, 97
Trd, 4319234.393, 97
Trd, 4319236.543, 98
Trd, 4319236.643, 100
Trd, 4319239.593, 98
Trd, 4319240.493, 99
Trd, 4319240.643, 99
Trd, 4319242.993, 97
Trd, 4319243.893, 98
Trd, 4319245.693, 87
Trd, 4319246.643, 94
Trd, 4319247.943, 92
Trd, 4319248.643, 88
Trd, 4319250.443, 88
Trd, 4319250.943, 89
Trd, 4319254.693, 92
Trd, 4319255.243, 91
Trd, 4319255.993, 93
Trd, 4319257.293, 98
Trd, 4319257.543, 101
Trd, 4319258.143, 98
Trd, 4319258.843, 99
Trd, 4319260.793, 86
Trd, 4319263.693, 104
Trd, 4319264.993, 97
Trd, 4319265.293, 97
Trd, 4319266.243, 97
Trd, 4319267.943, 96
Trd, 4319270.443, 95
Trd, 4319271.543, 97
Trd, 4319272.743, 97
Trd, 4319273.293, 96
Trd, 4319276.143, 98
Trd, 4319276.293, 97
Trd, 4319276.943, 98
Trd, 4319278.143, 96
Trd, 4319280.743, 98
Trd, 4319282.243, 97
Trd, 4319283.193, 96
Trd, 4319285.493, 96
Trd, 4319285.943, 98
Trd, 4319286.893, 98
Trd, 4319287.943, 98
Trd, 4319288.993, 98
Trd, 4319290.143, 98
Trd, 4319291.943, 99
Trd, 4319293.343, 98
Trd, 4319294.293, 99
Trd, 4319294.843, 98
Trd, 4319295.843, 99
Trd, 4319296.543, 100
Trd, 4319296.893, 97
Trd, 4319299.593, 95
Trd, 4319301.793, 99
Trd, 4319303.193, 96
Trd, 4319303.643, 97
Trd, 4319305.143, 97
Trd, 4319307.843, 94
Trd, 4319308.843, 86
Trd, 4319309.093, 87
Trd, 4319310.193, 93
Trd, 4319312.293, 95
Trd, 4319312.593, 91
Trd, 4319314.943, 94
Trd, 4319315.993, 92
Trd, 4319316.043, 95
Trd, 4319317.293, 91
Trd, 4319320.393, 93
Trd, 4319320.693, 94
Trd, 4319323.993, 92
Trd, 4319324.343, 94
Trd, 4319324.993, 93
Trd, 4319325.043, 94
Trd, 4319327.243, 94
Trd, 4319328.843, 95
Trd, 4319330.493, 95
Trd, 4319332.693, 94
Trd, 4319332.843, 93
Trd, 4319333.843, 94
Trd, 4319337.043, 94
Trd, 4319337.443, 94
Trd, 4319337.993, 94
Trd, 4319340.393, 93
Trd, 4319340.643, 95
Trd, 4319342.193, 97
Trd, 4319343.243, 95
Trd, 4319343.543, 96
Trd, 4319343.793, 114
Trd, 4319346.743, 93
Trd, 4319348.743, 93
Trd, 4319349.993, 89
Trd, 4319351.193, 90
Trd, 4319352.143, 93
Trd, 4319354.993, 92
Trd, 4319355.393, 90
Trd, 4319357.993, 91
Trd, 4319358.843, 95
Trd, 4319360.693, 91
Trd, 4319361.293, 92
Trd, 4319362.643, 91
Trd, 4319363.893, 88
Trd, 4319364.793, 95
Trd, 4319366.693, 92
Trd, 4319368.143, 93
Trd, 4319371.593, 93
Trd, 4319372.143, 93
Trd, 4319372.443, 93
Trd, 4319373.893, 94
Trd, 4319375.243, 93
Trd, 4319377.693, 95
Trd, 4319379.293, 95
Trd, 4319380.693, 94
Trd, 4319383.293, 95
Trd, 4319383.543, 93
Trd, 4319385.493, 96
Trd, 4319385.943, 96
Trd, 4319386.193, 107
Trd, 4319386.243, 94
Trd, 4319390.443, 95
Trd, 4319390.943, 95
Trd, 4319391.243, 94
Trd, 4319394.393, 93
Trd, 4319395.043, 94
Trd, 4319395.143, 94
Trd, 4319395.993, 95
Trd, 4319398.443, 93
Trd, 4319398.793, 92
Trd, 4319400.843, 89
Trd, 4319403.443, 90
Trd, 4319404.943, 91
Trd, 4319405.493, 92
Trd, 4319405.693, 92
Trd, 4319406.393, 106
Trd, 4319407.043, 97
Trd, 4319408.743, 96
Trd, 4319409.043, 95
Trd, 4319411.243, 95
Trd, 4319411.293, 95
Trd, 4319412.743, 96
Trd, 4319414.693, 97
Trd, 4319415.843, 98
Trd, 4319417.043, 99
Trd, 4319417.993, 106
Trd, 4319418.293, 105
Trd, 4319419.343, 104
Trd, 4319421.743, 101
Trd, 4319422.843, 86
Trd, 4319425.893, 100
Trd, 4319426.143, 97
Trd, 4319428.793, 99
Trd, 4319429.593, 98
Trd, 4319430.193, 97
Trd, 4319431.493, 97
Trd, 4319431.743, 97
Trd, 4319431.893, 98
Trd, 4319435.993, 94
Trd, 4319436.093, 90
Trd, 4319436.143, 96
Trd, 4319439.993, 95
Trd, 4319440.543, 94
Trd, 4319441.743, 95
Trd, 4319441.843, 95
Trd, 4319442.943, 93
Trd, 4319448.143, 95
Trd, 4319448.293, 95
Trd, 4319448.643, 95
Trd, 4319449.493, 96
Trd, 4319450.393, 96
Trd, 4319451.593, 85
Trd, 4319452.693, 88
Trd, 4319453.143, 90
Trd, 4319455.193, 90
Trd, 4319456.243, 90
Trd, 4319458.193, 90
Trd, 4319459.793, 92
Trd, 4319459.893, 92
Trd, 4319460.743, 93
Trd, 4319460.943, 92
Trd, 4319464.293, 93
Trd, 4319464.393, 95
Trd, 4319464.943, 94
Trd, 4319466.543, 103
Trd, 4319466.693, 96
Trd, 4319468.593, 97
Trd, 4319470.293, 97
Trd, 4319472.093, 97
Trd, 4319472.293, 97
Trd, 4319474.693, 95
Trd, 4319474.793, 96
Trd, 4319475.293, 103
Trd, 4319479.593, 97
Trd, 4319479.993, 96
Trd, 4319480.243, 97
Trd, 4319481.843, 97
Trd, 4319482.293, 96
Trd, 4319483.093, 95
Trd, 4319485.293, 97
Trd, 4319487.043, 93
Trd, 4319489.343, 94
Trd, 4319490.343, 92
Trd, 4319490.543, 95
Trd, 4319492.243, 93
Trd, 4319495.543, 95
Trd, 4319496.843, 95
Trd, 4319498.243, 101
Trd, 4319498.343, 100
Trd, 4319500.243, 101
Trd, 4319501.443, 114
Trd, 4319504.293, 94
Trd, 4319504.793, 97
Trd, 4319505.493, 96
Trd, 4319506.493, 95
Trd, 4319507.743, 95
Trd, 4319508.043, 94
Trd, 4319509.193, 93
Trd, 4319512.943, 93
Trd, 4319513.693, 92
Trd, 4319514.643, 93
Trd, 4319517.593, 91
Trd, 4319517.793, 92
Trd, 4319518.043, 92
Trd, 4319520.393, 92
Trd, 4319520.643, 91
Trd, 4319520.993, 95
Trd, 4319522.943, 94
Trd, 4319523.843, 94
Trd, 4319524.643, 94
Trd, 4319524.693, 104
Trd, 4319530.043, 94
Trd, 4319530.693, 94
Trd, 4319531.393, 93
Trd, 4319532.043, 92
Trd, 4319532.393, 94
Trd, 4319534.243, 94
Trd, 4319534.593, 94
Trd, 4319536.143, 94
Trd, 4319537.893, 95
Trd, 4319539.493, 94
Trd, 4319541.293, 100
Trd, 4319541.843, 102
Trd, 4319542.593, 101
Trd, 4319542.893, 101
Trd, 4319543.093, 101
Trd, 4319545.893, 101
Trd, 4319548.543, 90
Trd, 4319548.993, 101
Trd, 4319551.893, 92
Trd, 4319552.443, 92
Trd, 4319553.643, 92
Trd, 4319554.593, 92
Trd, 4319555.493, 93
Trd, 4319555.693, 92
Trd, 4319558.293, 92
Trd, 4319558.693, 92
Trd, 4319560.643, 94
Trd, 4319561.293, 91
Trd, 4319563.343, 91
Trd, 4319566.943, 93
Trd, 4319567.393, 94
Trd, 4319567.643, 95
Trd, 4319569.743, 96
Trd, 4319570.293, 96
Trd, 4319570.393, 104
Trd, 4319572.593, 97
Trd, 4319573.943, 97
Trd, 4319575.393, 97
Trd, 4319575.543, 96
Trd, 4319576.543, 97
Trd, 4319577.243, 97
Trd, 4319579.593, 97
Trd, 4319579.993, 97
Trd, 4319581.743, 96
Trd, 4319583.643, 95
Trd, 4319586.293, 97
Trd, 4319586.993, 96
Trd, 4319587.593, 95
Trd, 4319588.593, 97
Trd, 4319590.193, 97
Trd, 4319592.443, 95
Trd, 4319593.193, 95
Trd, 4319593.543, 94
Trd, 4319594.243, 95
Trd, 4319596.443, 97
Trd, 4319597.393, 97
Trd, 4319597.793, 96
Trd, 4319598.293, 103
Trd, 4319601.443, 86
Trd, 4319602.743, 92
Trd, 4319603.743, 92
Trd, 4319605.193, 92
Trd, 4319607.793, 92
Trd, 4319609.343, 91
Trd, 4319610.143, 92
Trd, 4319611.143, 95
Trd, 4319611.293, 92
Trd, 4319613.893, 92
Trd, 4319614.693, 92
Trd, 4319615.943, 95
Trd, 4319616.293, 94
Trd, 4319616.743, 93
Trd, 4319617.243, 94
Trd, 4319619.393, 94
Trd, 4319619.893, 90
Trd, 4319620.293, 93
Trd, 4319622.393, 93
Trd, 4319623.193, 95
Trd, 4319623.893, 92
Trd, 4319627.243, 94
Trd, 4319628.993, 92
Trd, 4319630.193, 94
Trd, 4319630.693, 94
Trd, 4319632.443, 93
Trd, 4319632.843, 93
Trd, 4319636.243, 94
Trd, 4319637.793, 95
Trd, 4319639.343, 94
Trd, 4319640.143, 94
Trd, 4319640.593, 95
Trd, 4319640.693, 94
Trd, 4319642.193, 91
Trd, 4319642.293, 96
Trd, 4319645.643, 91
Trd, 4319646.193, 92
Trd, 4319647.193, 92
Trd, 4319648.893, 92
Trd, 4319649.393, 93
Trd, 4319650.443, 95
Trd, 4319652.693, 99
Trd, 4319653.843, 102
Trd, 4319654.593, 102
Trd, 4319654.943, 101
Trd, 4319657.193, 100
Trd, 4319659.243, 104
Trd, 4319660.293, 91
Trd, 4319661.893, 92
Trd, 4319662.093, 94
Trd, 4319663.193, 92
Trd, 4319664.493, 94
Trd, 4319665.293, 94
Trd, 4319666.643, 94
Trd, 4319668.393, 94
Trd, 4319668.743, 95
Trd, 4319670.593, 94
Trd, 4319672.793, 95
Trd, 4319673.543, 96
Trd, 4319674.543, 95
Trd, 4319676.893, 96
Trd, 4319677.493, 96
Trd, 4319678.143, 96
Trd, 4319679.293, 95
Trd, 4319679.443, 102
Trd, 4319682.543, 97
Trd, 4319683.793, 97
Trd, 4319684.393, 97
Trd, 4319686.193, 95
Trd, 4319688.143, 96
Trd, 4319688.943, 96
Trd, 4319689.543, 96
Trd, 4319690.793, 104
Trd, 4319691.593, 99
Trd, 4319693.893, 97
Trd, 4319694.943, 96
Trd, 4319695.693, 89
Trd, 4319697.443, 93
Trd, 4319698.343, 94
Trd, 4319700.593, 93
Trd, 4319700.693, 97
Trd, 4319702.193, 95
Trd, 4319703.243, 95
Trd, 4319703.843, 94
Trd, 4319706.243, 95
Trd, 4319707.843, 96
Trd, 4319708.543, 95
Trd, 4319710.243, 96
Trd, 4319710.843, 94
Trd, 4319711.743, 102
Trd, 4319712.193, 113
Trd, 4319715.793, 98
Trd, 4319716.543, 97
Trd, 4319717.043, 96
Trd, 4319718.493, 96
Trd, 4319718.943, 97
Trd, 4319719.343, 96
Trd, 4319721.843, 95
Trd, 4319722.543, 87
Trd, 4319724.143, 88
Trd, 4319724.743, 88
Trd, 4319725.593, 88
Trd, 4319729.793, 94
Trd, 4319730.043, 92
Trd, 4319731.443, 93
Trd, 4319731.543, 92
Trd, 4319732.543, 95
Trd, 4319733.093, 90
Trd, 4319736.843, 92
Trd, 4319737.693, 93
Trd, 4319739.843, 93
Trd, 4319740.593, 94
Trd, 4319742.293, 93
Trd, 4319743.193, 93
Trd, 4319744.643, 95
Trd, 4319746.343, 94
Trd, 4319746.543, 94
Trd, 4319749.843, 93
Trd, 4319752.043, 94
Trd, 4319752.193, 95
Trd, 4319753.093, 94
Trd, 4319754.893, 95
Trd, 4319755.893, 93
Trd, 4319758.143, 93
Trd, 4319761.743, 91
Trd, 4319761.943, 93
Trd, 4319762.593, 94
Trd, 4319765.193, 92
Trd, 4319766.493, 92
Trd, 4319767.343, 93
Trd, 4319767.843, 92
Trd, 4319770.593, 93
Trd, 4319771.843, 92
Trd, 4319772.193, 91
Trd, 4319773.293, 92
Trd, 4319773.693, 91
Trd, 4319774.043, 113
Trd, 4319780.543, 95
Trd, 4319780.593, 94
Trd, 4319781.693, 94
Trd, 4319782.043, 93
Trd, 4319782.143, 95
Trd, 4319782.493, 93
Trd, 4319783.493, 95
Trd, 4319787.593, 95
Trd, 4319788.993, 104
Trd, 4319789.643, 94
Trd, 4319790.893, 93
Trd, 4319793.843, 94
Trd, 4319796.143, 94
Trd, 4319796.293, 93
Trd, 4319796.843, 95
Trd, 4319799.093, 93
Trd, 4319801.193, 94
Trd, 4319801.893, 92
Trd, 4319803.693, 93
Trd, 4319804.943, 93
Trd, 4319805.643, 93
Trd, 4319806.793, 92
Trd, 4319807.093, 93
Trd, 4319808.893, 95
Trd, 4319809.843, 94
Trd, 4319811.593, 93
Trd, 4319811.893, 92
Trd, 4319812.343, 94
Trd, 4319813.343, 92
Trd, 4319815.643, 95
Trd, 4319816.893, 94
Trd, 4319818.593, 95
Trd, 4319819.693, 95
Trd, 4319820.243, 95
Trd, 4319821.593, 94
Trd, 4319822.293, 93
Trd, 4319825.543, 95
Trd, 4319825.993, 93
Trd, 4319827.143, 94
Trd, 4319827.793, 94
Trd, 4319828.293, 94
Trd, 4319829.793, 93
Trd, 4319831.693, 94
Trd, 4319834.343, 104
Trd, 4319836.493, 92
Trd, 4319838.993, 93
Trd, 4319840.043, 93
Trd, 4319840.093, 92
Trd, 4319840.893, 91
Trd, 4319841.343, 95
Trd, 4319843.743, 92
Trd, 4319846.093, 93
Trd, 4319846.443, 95
Trd, 4319847.793, 93
Trd, 4319849.993, 88
Trd, 4319852.643, 93
Trd, 4319853.543, 92
Trd, 4319854.843, 92
Trd, 4319856.943, 90
Trd, 4319858.243, 90
Trd, 4319858.443, 89
Trd, 4319859.043, 87
Trd, 4319859.493, 87
Trd, 4319862.293, 91
Trd, 4319865.343, 92
Trd, 4319865.543, 91
Trd, 4319866.843, 104
Trd, 4319868.493, 95
Trd, 4319869.243, 100
Trd, 4319869.493, 99
Trd, 4319870.743, 98
Trd, 4319873.143, 103
Trd, 4319874.143, 102
Trd, 4319874.293, 101
Trd, 4319875.493, 101
Trd, 4319876.593, 101
Trd, 4319877.543, 104
Trd, 4319878.243, 104
Trd, 4319880.993, 86
Trd, 4319882.843, 94
Trd, 4319882.993, 93
Trd, 4319884.743, 92
Trd, 4319887.093, 86
Trd, 4319887.393, 85
Trd, 4319887.743, 86
Trd, 4319888.893, 95
Trd, 4319890.793, 93
Trd, 4319891.143, 93
Trd, 4319893.693, 96
Trd, 4319894.343, 96
Trd, 4319895.543, 97
Trd, 4319896.393, 97
Trd, 4319898.043, 99
Trd, 4319898.443, 99
Trd, 4319900.393, 98
Trd, 4319900.593, 100
Trd, 4319901.843, 98
Trd, 4319903.893, 99
Trd, 4319904.493, 101
Trd, 4319905.243, 100
Trd, 4319908.593, 102
Trd, 4319909.243, 103
Trd, 4319909.393, 102
Trd, 4319910.543, 104
Trd, 4319913.643, 104
Trd, 4319914.493, 104
Trd, 4319915.043, 104
Trd, 4319915.293, 103
Trd, 4319915.443, 110
Trd, 4319920.193, 104
Trd, 4319921.343, 103
Trd, 4319922.443, 105
Trd, 4319922.743, 104
Trd, 4319923.543, 104
Trd, 4319924.193, 102
Trd, 4319927.393, 99
Trd, 4319928.043, 99
Trd, 4319928.143, 90
Trd, 4319932.493, 97
Trd, 4319933.293, 86
Trd, 4319934.143, 88
Trd, 4319934.743, 89
Trd, 4319935.493, 104
Trd, 4319938.243, 90
Trd, 4319939.743, 92
Trd, 4319940.643, 91
Trd, 4319941.493, 91
Trd, 4319943.993, 92
Trd, 4319944.543, 92
Trd, 4319945.343, 89
Trd, 4319946.343, 91
Trd, 4319946.993, 92
Trd, 4319948.193, 91
Trd, 4319951.093, 95
Trd, 4319952.793, 104
Trd, 4319953.043, 104
Trd, 4319953.143, 103
Trd, 4319953.893, 102
Trd, 4319954.593, 102
Trd, 4319955.743, 92
Trd, 4319956.593, 98
Trd, 4319957.493, 99
Trd, 4319958.493, 99
Trd, 4319961.043, 95
Trd, 4319961.743, 95
Trd, 4319961.993, 96
Trd, 4319963.393, 86
Trd, 4319966.493, 96
Trd, 4319967.893, 103
Trd, 4319967.993, 100
Trd, 4319968.943, 100
Trd, 4319970.193, 99
Trd, 4319971.893, 99
Trd, 4319972.543, 99
Trd, 4319973.143, 98
Trd, 4319974.293, 99
Trd, 4319976.143, 98
Trd, 4319977.393, 91
Trd, 4319977.543, 96
Trd, 4319979.343, 94
Trd, 4319981.143, 95
Trd, 4319984.943, 95
Trd, 4319985.193, 93
Trd, 4319985.243, 105
Trd, 4319987.593, 97
Trd, 4319987.943, 97
Trd, 4319988.143, 97
Trd, 4319989.793, 98
Trd, 4319991.143, 102
Trd, 4319991.693, 101
Trd, 4319994.293, 103
Trd, 4319994.393, 103
Trd, 4319995.993, 104
Trd, 4319996.743, 103
Trd, 4319997.993, 102
Trd, 4319998.393, 103
Trd, 4319998.743, 102
