Trd, 4317870.743, 97
Trd, 4317871.593, 96
Trd, 4317871.743, 96
Trd, 4317874.843, 96
Trd, 4317874.993, 96
Trd, 4317877.043, 95
Trd, 4317880.643, 95
Trd, 4317882.393, 96
Trd, 4317884.343, 95
Trd, 4317884.893, 95
Trd, 4317885.143, 95
Trd, 4317887.493, 94
Trd, 4317889.343, 95
Trd, 4317889.743, 95
Trd, 4317890.693, 95
Trd, 4317891.643, 94
Trd, 4317893.443, 96
Trd, 4317893.943, 96
Trd, 4317895.993, 99
Trd, 4317896.793, 97
Trd, 4317898.993, 97
Trd, 4317899.993, 96
Trd, 4317901.693, 95
Trd, 4317902.043, 95
Trd, 4317902.393, 95
Trd, 4317903.793, 96
Trd, 4317905.243, 95
Trd, 4317907.543, 96
Trd, 4317908.143, 96
Trd, 4317908.393, 95
Trd, 4317912.443, 95
Trd, 4317914.743, 95
Trd, 4317915.543, 95
Trd, 4317915.893, 96
Trd, 4317916.393, 95
Trd, 4317917.843, 94
Trd, 4317920.493, 95
Trd, 4317922.143, 98
Trd, 4317922.493, 98
Trd, 4317923.693, 99
Trd, 4317925.043, 100
Trd, 4317925.893, 103
Trd, 4317927.293, 108
Trd, 4317928.193, 104
Trd, 4317929.343, 104
Trd, 4317929.443, 102
Trd, 4317931.093, 104
Trd, 4317932.743, 105
Trd, 4317934.643, 104
Trd, 4317934.743, 102
Trd, 4317935.993, 104
Trd, 4317936.243, 104
Trd, 4317938.243, 103
Trd, 4317939.093, 100
Trd, 4317940.193, 101
Trd, 4317942.243, 92
Trd, 4317944.693, 104
Trd, 4317945.543, 104
Trd, 4317947.693, 105
Trd, 4317948.193, 103
Trd, 4317949.593, 104
Trd, 4317950.343, 96
Trd, 4317951.093, 98
Trd, 4317953.443, 99
Trd, 4317954.093, 99
Trd, 4317954.493, 98
Trd, 4317955.743, 98
Trd, 4317956.843, 98
Trd, 4317957.393, 97
Trd, 4317958.993, 96
Trd, 4317960.193, 96
Trd, 4317960.943, 96
Trd, 4317961.843, 96
Trd, 4317963.643, 94
Trd, 4317963.793, 94
Trd, 4317967.943, 92
Trd, 4317968.593, 94
Trd, 4317969.743, 93
Trd, 4317970.993, 93
Trd, 4317971.443, 94
Trd, 4317971.743, 93
Trd, 4317973.093, 94
Trd, 4317976.943, 94
Trd, 4317976.993, 93
Trd, 4317978.493, 94
Trd, 4317979.093, 95
Trd, 4317980.443, 94
Trd, 4317982.043, 95
Trd, 4317983.143, 94
Trd, 4317983.693, 94
Trd, 4317985.743, 95
Trd, 4317987.793, 95
Trd, 4317988.543, 94
Trd, 4317992.743, 95
Trd, 4317995.643, 95
Trd, 4317996.643, 95
Trd, 4317996.793, 93
Trd, 4317999.543, 95
Trd, 4317999.593, 95
Trd, 4318001.593, 96
Trd, 4318001.893, 93
Trd, 4318002.443, 92
Trd, 4318005.893, 95
Trd, 4318006.893, 96
Trd, 4318007.643, 98
Trd, 4318008.143, 98
Trd, 4318009.093, 96
Trd, 4318009.293, 94
Trd, 4318012.943, 96
Trd, 4318014.943, 96
Trd, 4318015.243, 96
Trd, 4318016.193, 93
Trd, 4318016.893, 94
Trd, 4318019.593, 95
Trd, 4318020.293, 94
Trd, 4318021.293, 94
Trd, 4318022.693, 94
Trd, 4318023.193, 95
Trd, 4318023.593, 96
Trd, 4318026.593, 104
Trd, 4318027.293, 103
Trd, 4318027.843, 101
Trd, 4318029.343, 101
Trd, 4318030.843, 98
Trd, 4318031.043, 97
Trd, 4318034.393, 99
Trd, 4318035.243, 98
Trd, 4318035.943, 101
Trd, 4318036.343, 101
Trd, 4318037.443, 104
Trd, 4318037.793, 101
Trd, 4318040.243, 97
Trd, 4318041.393, 97
Trd, 4318041.693, 97
Trd, 4318041.943, 96
Trd, 4318042.693, 94
Trd, 4318046.293, 97
Trd, 4318046.493, 97
Trd, 4318047.043, 97
Trd, 4318047.743, 93
Trd, 4318049.593, 97
Trd, 4318050.843, 95
Trd, 4318052.143, 97
Trd, 4318052.393, 97
Trd, 4318054.793, 97
Trd, 4318055.343, 97
Trd, 4318055.993, 96
Trd, 4318058.993, 95
Trd, 4318059.743, 96
Trd, 4318059.893, 96
Trd, 4318060.143, 96
Trd, 4318062.593, 102
Trd, 4318063.693, 99
Trd, 4318065.743, 99
Trd, 4318066.043, 95
Trd, 4318067.243, 96
Trd, 4318069.093, 98
Trd, 4318069.443, 97
Trd, 4318071.443, 101
Trd, 4318072.093, 102
Trd, 4318072.493, 101
Trd, 4318074.093, 98
Trd, 4318075.143, 99
Trd, 4318075.843, 98
Trd, 4318076.343, 99
Trd, 4318076.643, 98
Trd, 4318080.343, 105
Trd, 4318080.793, 105
Trd, 4318081.043, 103
Trd, 4318081.393, 102
Trd, 4318084.343, 104
Trd, 4318085.743, 103
Trd, 4318086.593, 103
Trd, 4318091.243, 102
Trd, 4318091.393, 102
Trd, 4318091.793, 103
Trd, 4318092.293, 102
Trd, 4318095.493, 102
Trd, 4318096.543, 102
Trd, 4318097.143, 101
Trd, 4318097.543, 101
Trd, 4318098.143, 95
Trd, 4318102.593, 95
Trd, 4318102.793, 97
Trd, 4318102.843, 93
Trd, 4318105.693, 96
Trd, 4318107.093, 96
Trd, 4318107.693, 97
Trd, 4318108.343, 97
Trd, 4318108.493, 94
Trd, 4318110.493, 97
Trd, 4318113.143, 99
Trd, 4318113.443, 98
Trd, 4318115.093, 98
Trd, 4318117.693, 98
Trd, 4318117.743, 97
Trd, 4318118.893, 99
Trd, 4318119.143, 98
Trd, 4318119.893, 98
Trd, 4318121.343, 97
Trd, 4318123.793, 99
Trd, 4318124.943, 98
Trd, 4318127.243, 97
Trd, 4318128.293, 97
Trd, 4318128.793, 96
Trd, 4318130.393, 96
Trd, 4318131.543, 97
Trd, 4318131.943, 97
Trd, 4318135.493, 98
Trd, 4318137.943, 96
Trd, 4318140.143, 97
Trd, 4318141.043, 97
Trd, 4318141.243, 96
Trd, 4318141.543, 94
Trd, 4318144.043, 95
Trd, 4318145.343, 95
Trd, 4318146.343, 96
Trd, 4318149.143, 96
Trd, 4318149.443, 94
Trd, 4318151.793, 94
Trd, 4318155.593, 96
Trd, 4318155.693, 96
Trd, 4318157.343, 95
Trd, 4318158.293, 97
Trd, 4318160.443, 95
Trd, 4318160.693, 96
Trd, 4318163.193, 93
Trd, 4318164.493, 96
Trd, 4318164.793, 95
Trd, 4318165.443, 96
Trd, 4318166.743, 97
Trd, 4318167.093, 96
Trd, 4318168.393, 97
Trd, 4318169.643, 92
Trd, 4318171.543, 97
Trd, 4318172.443, 97
Trd, 4318173.843, 96
Trd, 4318176.943, 98
Trd, 4318177.693, 97
Trd, 4318178.793, 96
Trd, 4318178.893, 95
Trd, 4318180.843, 98
Trd, 4318181.393, 97
Trd, 4318183.843, 97
Trd, 4318187.243, 98
Trd, 4318187.793, 97
Trd, 4318189.593, 97
Trd, 4318190.243, 95
Trd, 4318191.743, 96
Trd, 4318191.893, 95
Trd, 4318196.293, 97
Trd, 4318199.293, 96
Trd, 4318200.893, 96
Trd, 4318201.943, 95
Trd, 4318202.643, 93
Trd, 4318204.193, 95
Trd, 4318204.943, 95
Trd, 4318208.443, 93
Trd, 4318209.393, 94
Trd, 4318209.543, 94
Trd, 4318210.393, 94
Trd, 4318211.643, 95
Trd, 4318214.293, 102
Trd, 4318214.643, 101
Trd, 4318214.893, 100
Trd, 4318216.343, 101
Trd, 4318218.293, 102
Trd, 4318218.943, 101
Trd, 4318220.143, 101
Trd, 4318221.993, 102
Trd, 4318222.393, 101
Trd, 4318223.943, 100
Trd, 4318225.643, 101
Trd, 4318225.743, 100
Trd, 4318228.143, 97
Trd, 4318230.443, 100
Trd, 4318230.743, 99
Trd, 4318234.343, 100
Trd, 4318234.493, 98
Trd, 4318234.943, 99
Trd, 4318236.793, 100
Trd, 4318238.793, 100
Trd, 4318240.443, 98
Trd, 4318242.543, 98
Trd, 4318244.493, 97
Trd, 4318247.043, 100
Trd, 4318247.693, 100
Trd, 4318249.543, 98
Trd, 4318250.943, 99
Trd, 4318253.893, 100
Trd, 4318254.593, 100
Trd, 4318254.893, 100
Trd, 4318255.493, 99
Trd, 4318257.043, 101
Trd, 4318257.593, 98
Trd, 4318259.293, 100
Trd, 4318260.643, 100
Trd, 4318261.193, 100
Trd, 4318264.393, 101
Trd, 4318264.893, 102
Trd, 4318265.593, 103
Trd, 4318265.793, 102
Trd, 4318267.093, 103
Trd, 4318267.693, 102
Trd, 4318269.943, 102
Trd, 4318270.443, 101
Trd, 4318271.243, 102
Trd, 4318271.793, 101
Trd, 4318273.343, 100
Trd, 4318273.393, 86
Trd, 4318277.793, 100
Trd, 4318278.943, 102
Trd, 4318280.093, 102
Trd, 4318280.193, 103
Trd, 4318281.093, 100
Trd, 4318283.793, 101
Trd, 4318285.943, 100
Trd, 4318287.193, 99
Trd, 4318287.943, 94
Trd, 4318291.493, 91
Trd, 4318291.793, 91
Trd, 4318292.293, 95
Trd, 4318295.293, 94
Trd, 4318295.543, 92
Trd, 4318297.843, 93
Trd, 4318298.193, 94
Trd, 4318299.193, 95
Trd, 4318300.293, 95
Trd, 4318301.043, 95
Trd, 4318303.493, 98
Trd, 4318305.343, 95
Trd, 4318306.243, 96
Trd, 4318306.443, 95
Trd, 4318307.443, 96
Trd, 4318309.593, 99
Trd, 4318310.593, 100
Trd, 4318311.943, 101
Trd, 4318312.493, 101
Trd, 4318313.043, 101
Trd, 4318316.093, 100
Trd, 4318317.493, 96
Trd, 4318318.243, 98
Trd, 4318321.093, 99
Trd, 4318321.393, 98
Trd, 4318321.943, 97
Trd, 4318325.193, 97
Trd, 4318326.293, 97
Trd, 4318327.843, 99
Trd, 4318327.943, 99
Trd, 4318331.243, 97
Trd, 4318331.343, 86
Trd, 4318334.043, 96
Trd, 4318334.393, 98
Trd, 4318334.443, 98
Trd, 4318335.743, 98
Trd, 4318338.193, 108
Trd, 4318339.093, 103
Trd, 4318339.993, 105
Trd, 4318340.293, 105
Trd, 4318340.643, 102
Trd, 4318342.243, 103
Trd, 4318344.393, 96
Trd, 4318344.993, 101
Trd, 4318346.793, 99
Trd, 4318347.893, 98
Trd, 4318349.643, 99
Trd, 4318349.693, 97
Trd, 4318352.743, 101
Trd, 4318353.193, 101
Trd, 4318353.443, 100
Trd, 4318356.793, 101
Trd, 4318357.093, 101
Trd, 4318357.843, 99
Trd, 4318360.143, 102
Trd, 4318361.793, 103
Trd, 4318362.293, 102
Trd, 4318362.443, 101
Trd, 4318365.793, 103
Trd, 4318365.893, 102
Trd, 4318368.243, 101
Trd, 4318368.743, 101
Trd, 4318369.843, 100
Trd, 4318373.543, 99
Trd, 4318374.343, 98
Trd, 4318376.743, 101
Trd, 4318378.793, 102
Trd, 4318379.943, 102
Trd, 4318380.143, 101
Trd, 4318382.493, 101
Trd, 4318382.693, 99
Trd, 4318385.943, 99
Trd, 4318386.393, 100
Trd, 4318387.643, 99
Trd, 4318389.893, 102
Trd, 4318390.643, 104
Trd, 4318390.793, 103
Trd, 4318391.593, 104
Trd, 4318392.093, 102
Trd, 4318392.793, 94
Trd, 4318395.743, 97
Trd, 4318398.743, 96
Trd, 4318398.893, 98
Trd, 4318399.293, 98
Trd, 4318401.493, 98
Trd, 4318401.943, 98
Trd, 4318402.643, 97
Trd, 4318403.943, 97
Trd, 4318407.043, 96
Trd, 4318409.343, 97
Trd, 4318410.293, 96
Trd, 4318410.693, 94
Trd, 4318411.143, 96
Trd, 4318413.743, 95
Trd, 4318414.343, 95
Trd, 4318415.443, 95
Trd, 4318416.993, 97
Trd, 4318417.593, 98
Trd, 4318418.343, 103
Trd, 4318419.193, 100
Trd, 4318421.943, 107
Trd, 4318423.093, 106
Trd, 4318424.093, 103
Trd, 4318424.893, 104
Trd, 4318425.893, 103
Trd, 4318426.393, 102
Trd, 4318429.043, 99
Trd, 4318431.293, 101
Trd, 4318432.143, 101
Trd, 4318432.543, 100
Trd, 4318434.393, 100
Trd, 4318436.693, 103
Trd, 4318438.293, 101
Trd, 4318439.343, 96
Trd, 4318440.193, 97
Trd, 4318441.093, 98
Trd, 4318441.393, 94
Trd, 4318443.493, 98
Trd, 4318444.743, 99
Trd, 4318445.343, 98
Trd, 4318447.593, 96
Trd, 4318448.993, 92
Trd, 4318450.843, 93
Trd, 4318452.193, 92
Trd, 4318452.293, 92
Trd, 4318454.143, 92
Trd, 4318454.743, 92
Trd, 4318455.843, 93
Trd, 4318457.193, 93
Trd, 4318457.293, 92
Trd, 4318461.093, 92
Trd, 4318462.143, 89
Trd, 4318463.843, 92
Trd, 4318465.743, 92
Trd, 4318465.843, 92
Trd, 4318465.943, 91
Trd, 4318467.593, 92
Trd, 4318468.843, 92
Trd, 4318470.093, 93
Trd, 4318472.493, 94
Trd, 4318472.743, 93
Trd, 4318475.943, 96
Trd, 4318476.193, 95
Trd, 4318479.043, 94
Trd, 4318480.293, 96
Trd, 4318481.143, 96
Trd, 4318481.493, 94
Trd, 4318482.643, 95
Trd, 4318482.993, 95
Trd, 4318486.843, 95
Trd, 4318487.393, 95
Trd, 4318488.893, 94
Trd, 4318490.243, 93
Trd, 4318492.943, 95
Trd, 4318493.593, 93
Trd, 4318497.743, 95
Trd, 4318498.243, 95
Trd, 4318499.093, 95
Trd, 4318500.043, 95
Trd, 4318500.843, 93
Trd, 4318502.893, 95
Trd, 4318505.093, 95
Trd, 4318506.893, 95
Trd, 4318507.393, 92
Trd, 4318509.343, 94
Trd, 4318511.743, 95
Trd, 4318511.793, 94
Trd, 4318511.943, 95
Trd, 4318514.693, 95
Trd, 4318516.643, 95
Trd, 4318517.793, 95
Trd, 4318518.743, 95
Trd, 4318519.493, 94
Trd, 4318519.543, 86
Trd, 4318521.443, 95
Trd, 4318523.093, 94
Trd, 4318523.343, 95
Trd, 4318524.393, 96
Trd, 4318526.343, 96
Trd, 4318528.143, 95
Trd, 4318529.293, 96
Trd, 4318530.143, 96
Trd, 4318530.543, 95
Trd, 4318533.343, 96
Trd, 4318534.943, 96
Trd, 4318536.593, 95
Trd, 4318539.043, 99
Trd, 4318540.093, 99
Trd, 4318540.393, 100
Trd, 4318542.143, 99
Trd, 4318545.143, 98
Trd, 4318546.343, 97
Trd, 4318546.743, 98
Trd, 4318546.843, 97
Trd, 4318547.993, 98
Trd, 4318549.493, 102
Trd, 4318549.993, 102
Trd, 4318550.993, 94
Trd, 4318551.343, 95
Trd, 4318553.843, 99
Trd, 4318554.993, 94
Trd, 4318556.443, 95
Trd, 4318557.243, 96
Trd, 4318558.493, 96
Trd, 4318559.093, 96
Trd, 4318562.393, 97
Trd, 4318563.543, 97
Trd, 4318564.643, 97
Trd, 4318565.143, 96
Trd, 4318565.693, 95
Trd, 4318568.293, 98
Trd, 4318569.293, 97
Trd, 4318571.043, 97
Trd, 4318571.493, 97
Trd, 4318573.793, 98
Trd, 4318575.843, 97
Trd, 4318576.493, 96
Trd, 4318577.993, 86
Trd, 4318580.393, 95
Trd, 4318580.793, 94
Trd, 4318581.593, 95
Trd, 4318584.093, 93
Trd, 4318584.293, 95
Trd, 4318585.593, 94
Trd, 4318588.093, 94
Trd, 4318590.643, 94
Trd, 4318591.293, 96
Trd, 4318593.243, 96
Trd, 4318593.543, 96
Trd, 4318596.043, 95
Trd, 4318597.893, 96
Trd, 4318598.293, 97
Trd, 4318600.043, 98
Trd, 4318601.343, 98
Trd, 4318602.993, 102
Trd, 4318603.193, 102
Trd, 4318604.043, 102
Trd, 4318607.243, 95
Trd, 4318607.693, 98
Trd, 4318608.193, 97
Trd, 4318608.993, 98
Trd, 4318609.643, 96
Trd, 4318610.243, 98
Trd, 4318612.693, 97
Trd, 4318614.143, 94
Trd, 4318616.543, 95
Trd, 4318617.543, 95
Trd, 4318619.493, 96
Trd, 4318620.193, 98
Trd, 4318621.693, 98
Trd, 4318622.743, 101
Trd, 4318623.143, 99
Trd, 4318623.793, 94
Trd, 4318627.343, 98
Trd, 4318627.843, 99
Trd, 4318628.093, 98
Trd, 4318631.043, 98
Trd, 4318631.243, 99
Trd, 4318633.893, 100
Trd, 4318633.943, 99
Trd, 4318634.443, 99
Trd, 4318637.543, 99
Trd, 4318637.843, 98
Trd, 4318639.143, 97
Trd, 4318639.393, 98
Trd, 4318639.543, 94
Trd, 4318642.493, 96
Trd, 4318642.893, 96
Trd, 4318646.043, 94
Trd, 4318647.393, 96
Trd, 4318648.143, 96
Trd, 4318650.693, 96
Trd, 4318651.143, 95
Trd, 4318652.293, 96
Trd, 4318654.393, 96
Trd, 4318654.493, 95
Trd, 4318655.443, 96
Trd, 4318658.093, 96
Trd, 4318658.343, 96
Trd, 4318658.693, 94
Trd, 4318661.243, 96
Trd, 4318662.193, 96
Trd, 4318665.543, 96
Trd, 4318665.743, 95
Trd, 4318666.243, 95
Trd, 4318668.093, 95
Trd, 4318669.743, 95
Trd, 4318672.193, 94
Trd, 4318673.893, 96
Trd, 4318674.843, 95
Trd, 4318675.743, 95
Trd, 4318677.843, 94
Trd, 4318681.693, 95
Trd, 4318682.793, 95
Trd, 4318684.193, 95
Trd, 4318684.243, 94
Trd, 4318686.593, 96
Trd, 4318687.443, 95
Trd, 4318688.793, 97
Trd, 4318688.993, 95
Trd, 4318689.443, 94
Trd, 4318692.643, 97
Trd, 4318693.193, 96
Trd, 4318694.243, 96
Trd, 4318696.393, 96
Trd, 4318697.943, 96
Trd, 4318698.293, 96
Trd, 4318699.993, 95
Trd, 4318700.693, 95
Trd, 4318701.443, 94
Trd, 4318703.343, 95
Trd, 4318703.593, 95
Trd, 4318705.593, 96
Trd, 4318707.743, 95
Trd, 4318709.993, 95
Trd, 4318710.743, 97
Trd, 4318712.293, 96
Trd, 4318712.893, 95
Trd, 4318714.843, 96
Trd, 4318715.693, 96
Trd, 4318717.093, 95
Trd, 4318718.593, 94
Trd, 4318720.093, 95
Trd, 4318720.993, 93
Trd, 4318721.993, 95
Trd, 4318722.593, 96
Trd, 4318722.893, 95
Trd, 4318724.243, 94
Trd, 4318725.343, 96
Trd, 4318728.943, 95
Trd, 4318729.393, 96
Trd, 4318729.443, 96
Trd, 4318730.843, 96
Trd, 4318731.893, 94
Trd, 4318734.643, 101
Trd, 4318735.143, 98
Trd, 4318736.043, 99
Trd, 4318736.293, 99
Trd, 4318737.993, 100
Trd, 4318738.693, 101
Trd, 4318738.793, 101
Trd, 4318739.493, 100
Trd, 4318742.193, 100
Trd, 4318742.943, 101
Trd, 4318742.993, 99
Trd, 4318744.093, 99
Trd, 4318747.093, 100
Trd, 4318747.243, 100
Trd, 4318749.093, 99
Trd, 4318749.643, 98
Trd, 4318753.143, 96
Trd, 4318753.193, 95
Trd, 4318754.793, 95
Trd, 4318755.443, 97
Trd, 4318756.393, 96
Trd, 4318757.443, 95
Trd, 4318760.893, 95
Trd, 4318761.343, 95
Trd, 4318762.693, 95
Trd, 4318764.393, 95
Trd, 4318764.843, 94
Trd, 4318769.193, 95
Trd, 4318769.893, 94
Trd, 4318770.543, 94
Trd, 4318772.093, 92
Trd, 4318772.293, 93
Trd, 4318773.093, 94
Trd, 4318775.043, 95
Trd, 4318775.493, 95
Trd, 4318777.293, 95
Trd, 4318780.093, 96
Trd, 4318781.143, 95
Trd, 4318782.493, 95
Trd, 4318782.743, 95
Trd, 4318784.193, 95
Trd, 4318785.943, 96
Trd, 4318786.793, 95
Trd, 4318787.143, 95
Trd, 4318788.293, 94
Trd, 4318791.843, 96
Trd, 4318792.193, 95
Trd, 4318792.993, 97
Trd, 4318794.243, 98
Trd, 4318794.843, 96
Trd, 4318796.243, 95
Trd, 4318797.143, 95
Trd, 4318798.893, 97
Trd, 4318799.793, 96
Trd, 4318800.343, 95
Trd, 4318801.593, 96
Trd, 4318804.193, 97
Trd, 4318804.243, 95
Trd, 4318804.693, 95
Trd, 4318806.343, 96
Trd, 4318807.993, 103
Trd, 4318809.593, 102
Trd, 4318810.093, 95
Trd, 4318811.143, 100
Trd, 4318813.243, 100
Trd, 4318813.843, 100
Trd, 4318814.693, 98
Trd, 4318815.943, 98
Trd, 4318818.643, 101
Trd, 4318819.193, 101
Trd, 4318819.743, 99
Trd, 4318821.693, 101
Trd, 4318821.943, 102
Trd, 4318824.643, 100
Trd, 4318824.943, 98
Trd, 4318828.293, 101
Trd, 4318829.243, 102
Trd, 4318830.043, 102
Trd, 4318830.743, 103
Trd, 4318830.943, 102
Trd, 4318832.143, 105
Trd, 4318832.693, 105
Trd, 4318834.643, 106
Trd, 4318835.943, 104
Trd, 4318836.393, 103
Trd, 4318837.493, 104
Trd, 4318838.293, 104
Trd, 4318839.543, 104
Trd, 4318840.243, 104
Trd, 4318841.343, 103
Trd, 4318841.743, 104
Trd, 4318843.493, 106
Trd, 4318844.593, 103
Trd, 4318845.943, 102
Trd, 4318848.743, 100
Trd, 4318851.493, 103
Trd, 4318851.593, 102
Trd, 4318853.693, 103
Trd, 4318855.393, 103
Trd, 4318857.743, 101
Trd, 4318858.793, 100
Trd, 4318861.543, 94
Trd, 4318861.943, 85
Trd, 4318864.143, 91
Trd, 4318864.343, 91
Trd, 4318864.893, 91
Trd, 4318865.243, 90
Trd, 4318866.843, 91
Trd, 4318867.693, 92
Trd, 4318869.093, 92
Trd, 4318870.843, 92
Trd, 4318872.143, 93
Trd, 4318873.343, 94
Trd, 4318873.393, 93
Trd, 4318875.393, 94
Trd, 4318876.693, 93
Trd, 4318877.493, 94
Trd, 4318879.443, 95
Trd, 4318880.993, 94
Trd, 4318882.593, 96
Trd, 4318884.043, 94
Trd, 4318884.243, 94
Trd, 4318885.343, 94
Trd, 4318886.193, 93
Trd, 4318890.143, 95
Trd, 4318891.893, 95
Trd, 4318892.593, 95
Trd, 4318894.343, 96
Trd, 4318895.243, 94
Trd, 4318895.793, 95
Trd, 4318896.693, 93
Trd, 4318899.293, 95
Trd, 4318900.143, 95
Trd, 4318902.443, 94
Trd, 4318904.293, 95
Trd, 4318906.143, 94
Trd, 4318908.143, 94
Trd, 4318908.293, 94
Trd, 4318910.443, 94
Trd, 4318913.093, 94
Trd, 4318913.493, 93
Trd, 4318915.393, 93
Trd, 4318917.443, 94
Trd, 4318917.943, 94
Trd, 4318920.493, 94
Trd, 4318921.793, 93
Trd, 4318922.593, 94
Trd, 4318925.343, 94
Trd, 4318925.793, 93
Trd, 4318929.243, 95
Trd, 4318930.343, 93
Trd, 4318930.593, 94
Trd, 4318931.093, 94
Trd, 4318935.443, 94
Trd, 4318936.393, 95
Trd, 4318937.293, 95
Trd, 4318938.693, 95
Trd, 4318939.743, 95
Trd, 4318939.993, 95
Trd, 4318942.343, 95
Trd, 4318943.143, 94
Trd, 4318945.043, 95
Trd, 4318947.993, 93
Trd, 4318949.243, 95
Trd, 4318949.793, 95
Trd, 4318949.943, 95
Trd, 4318951.743, 94
Trd, 4318952.593, 94
Trd, 4318954.843, 95
Trd, 4318955.643, 96
Trd, 4318955.693, 95
Trd, 4318958.193, 102
Trd, 4318958.893, 99
Trd, 4318959.043, 99
Trd, 4318962.643, 97
Trd, 4318963.043, 99
Trd, 4318964.043, 97
Trd, 4318965.193, 98
Trd, 4318966.443, 99
Trd, 4318969.143, 98
Trd, 4318970.643, 98
Trd, 4318970.993, 98
Trd, 4318972.043, 98
Trd, 4318972.343, 99
Trd, 4318973.843, 96
Trd, 4318974.493, 101
Trd, 4318977.743, 93
Trd, 4318978.893, 89
Trd, 4318979.443, 92
Trd, 4318980.943, 92
Trd, 4318981.643, 93
Trd, 4318982.343, 93
Trd, 4318983.993, 96
Trd, 4318984.843, 95
Trd, 4318985.543, 92
Trd, 4318989.193, 94
Trd, 4318990.793, 95
Trd, 4318991.643, 95
Trd, 4318994.343, 94
Trd, 4318995.243, 95
Trd, 4318995.643, 95
Trd, 4318996.243, 95
Trd, 4318996.943, 95
Trd, 4319000.043, 95
Trd, 4319000.793, 94
Trd, 4319002.393, 95
Trd, 4319003.393, 94
Trd, 4319003.793, 96
Trd, 4319005.893, 95
Trd, 4319005.943, 94
Trd, 4319005.993, 86
Trd, 4319008.293, 99
Trd, 4319009.793, 98
Trd, 4319009.893, 97
Trd, 4319011.993, 96
Trd, 4319014.193, 98
Trd, 4319014.343, 96
Trd, 4319016.293, 95
Trd, 4319019.043, 95
Trd, 4319022.493, 97
Trd, 4319023.143, 97
Trd, 4319024.593, 97
Trd, 4319025.393, 98
Trd, 4319025.893, 97
Trd, 4319027.093, 97
Trd, 4319027.393, 94
Trd, 4319029.043, 95
Trd, 4319030.443, 95
Trd, 4319031.493, 94
Trd, 4319033.293, 96
Trd, 4319033.593, 95
Trd, 4319034.493, 99
Trd, 4319034.693, 99
Trd, 4319037.343, 98
Trd, 4319039.193, 100
Trd, 4319039.243, 99
Trd, 4319042.093, 99
Trd, 4319043.093, 98
Trd, 4319045.793, 98
Trd, 4319048.193, 99
Trd, 4319048.593, 98
Trd, 4319051.893, 99
Trd, 4319052.993, 98
Trd, 4319054.843, 99
Trd, 4319055.743, 99
Trd, 4319057.693, 97
Trd, 4319058.893, 98
Trd, 4319060.493, 96
Trd, 4319061.593, 96
Trd, 4319062.893, 98
Trd, 4319064.393, 99
Trd, 4319064.993, 100
Trd, 4319067.293, 97
Trd, 4319067.443, 94
Trd, 4319068.343, 76
Trd, 4319069.543, 94
Trd, 4319069.743, 94
Trd, 4319070.393, 95
Trd, 4319072.043, 96
Trd, 4319072.793, 96
Trd, 4319075.143, 98
Trd, 4319075.293, 98
Trd, 4319076.793, 98
Trd, 4319079.743, 94
Trd, 4319081.343, 98
Trd, 4319081.693, 99
Trd, 4319082.343, 98
Trd, 4319083.743, 98
Trd, 4319084.143, 96
Trd, 4319086.993, 97
Trd, 4319087.343, 96
Trd, 4319090.143, 98
Trd, 4319092.543, 103
Trd, 4319093.593, 102
Trd, 4319093.793, 102
Trd, 4319094.893, 94
Trd, 4319097.743, 98
Trd, 4319098.243, 99
Trd, 4319098.293, 98
Trd, 4319100.893, 97
Trd, 4319101.543, 93
Trd, 4319101.893, 93
Trd, 4319102.793, 93
Trd, 4319105.243, 99
Trd, 4319105.943, 98
Trd, 4319106.643, 98
Trd, 4319108.743, 96
Trd, 4319111.743, 97
Trd, 4319113.143, 96
Trd, 4319113.343, 97
Trd, 4319114.593, 96
Trd, 4319115.643, 97
Trd, 4319116.543, 96
Trd, 4319117.293, 97
Trd, 4319117.993, 96
Trd, 4319119.243, 97
Trd, 4319121.643, 97
Trd, 4319121.743, 95
Trd, 4319123.643, 97
Trd, 4319124.193, 98
Trd, 4319125.443, 97
Trd, 4319126.993, 98
Trd, 4319127.443, 95
Trd, 4319128.843, 95
Trd, 4319129.043, 94
Trd, 4319129.843, 94
Trd, 4319130.743, 95
Trd, 4319133.543, 96
Trd, 4319134.093, 94
Trd, 4319136.043, 92
Trd, 4319138.093, 94
Trd, 4319139.293, 97
Trd, 4319139.543, 96
Trd, 4319142.843, 95
Trd, 4319143.393, 95
Trd, 4319143.493, 96
Trd, 4319144.243, 95
Trd, 4319145.893, 98
Trd, 4319145.943, 98
Trd, 4319148.393, 100
Trd, 4319149.043, 100
Trd, 4319149.443, 99
Trd, 4319150.993, 98
Trd, 4319152.093, 100
Trd, 4319152.243, 100
Trd, 4319154.843, 101
Trd, 4319155.443, 101
Trd, 4319157.343, 101
Trd, 4319158.043, 100
Trd, 4319159.893, 99
Trd, 4319162.543, 99
Trd, 4319163.293, 98
Trd, 4319163.493, 98
Trd, 4319165.893, 99
Trd, 4319166.593, 96
Trd, 4319167.893, 95
Trd, 4319168.893, 103
Trd, 4319170.093, 102
Trd, 4319171.343, 102
Trd, 4319174.193, 103
Trd, 4319174.243, 101
Trd, 4319174.943, 102
Trd, 4319177.043, 104
Trd, 4319178.193, 102
Trd, 4319180.443, 102
Trd, 4319183.343, 94
Trd, 4319184.043, 95
Trd, 4319185.293, 100
Trd, 4319186.793, 101
Trd, 4319186.943, 100
Trd, 4319188.343, 101
Trd, 4319189.943, 101
Trd, 4319190.393, 101
Trd, 4319192.243, 102
Trd, 4319193.393, 104
Trd, 4319194.093, 103
Trd, 4319194.193, 103
Trd, 4319194.943, 103
Trd, 4319196.343, 102
Trd, 4319197.143, 103
Trd, 4319198.143, 104
Trd, 4319199.293, 94
Trd, 4319199.793, 96
Trd, 4319202.143, 93
Trd, 4319202.193, 93
Trd, 4319203.693, 95
Trd, 4319205.043, 93
Trd, 4319205.393, 83
Trd, 4319208.043, 92
Trd, 4319208.543, 91
Trd, 4319209.843, 91
Trd, 4319210.193, 91
Trd, 4319210.943, 92
Trd, 4319212.893, 100
Trd, 4319214.343, 100
Trd, 4319215.143, 94
Trd, 4319216.493, 88
Trd, 4319216.743, 93
Trd, 4319220.493, 94
Trd, 4319222.293, 96
Trd, 4319223.043, 95
Trd, 4319223.443, 95
Trd, 4319224.143, 94
Trd, 4319224.843, 99
Trd, 4319227.393, 102
Trd, 4319227.693, 99
Trd, 4319228.443, 98
Trd, 4319230.943, 99
Trd, 4319231.193, 99
Trd, 4319232.343, 95
Trd, 4319233.993, 97
Trd, 4319235.393, 97
Trd, 4319236.943, 96
Trd, 4319238.793, 98
Trd, 4319240.993, 98
Trd, 4319241.493, 98
Trd, 4319242.493, 98
Trd, 4319244.043, 96
Trd, 4319246.793, 97
Trd, 4319248.443, 97
Trd, 4319248.493, 97
Trd, 4319250.143, 98
Trd, 4319252.493, 97
Trd, 4319254.293, 97
Trd, 4319255.293, 97
Trd, 4319259.393, 97
Trd, 4319259.943, 96
Trd, 4319260.293, 96
Trd, 4319262.093, 97
Trd, 4319263.293, 96
Trd, 4319263.393, 94
Trd, 4319266.543, 95
Trd, 4319267.943, 97
Trd, 4319268.543, 97
Trd, 4319269.343, 94
Trd, 4319271.443, 97
Trd, 4319271.843, 96
Trd, 4319273.093, 94
Trd, 4319273.993, 96
Trd, 4319275.393, 97
Trd, 4319275.893, 97
Trd, 4319278.343, 97
Trd, 4319278.793, 94
Trd, 4319280.643, 97
Trd, 4319284.193, 97
Trd, 4319284.543, 97
Trd, 4319285.643, 99
Trd, 4319286.543, 98
Trd, 4319289.743, 97
Trd, 4319290.693, 98
Trd, 4319290.843, 96
Trd, 4319291.793, 95
Trd, 4319292.893, 97
Trd, 4319294.643, 94
Trd, 4319296.293, 95
Trd, 4319297.443, 97
Trd, 4319298.043, 95
Trd, 4319298.593, 97
Trd, 4319299.893, 96
Trd, 4319300.293, 96
Trd, 4319302.143, 96
Trd, 4319302.793, 95
Trd, 4319303.143, 97
Trd, 4319303.593, 97
Trd, 4319306.643, 97
Trd, 4319307.593, 96
Trd, 4319308.193, 96
Trd, 4319309.343, 96
Trd, 4319311.593, 97
Trd, 4319312.243, 98
Trd, 4319313.043, 100
Trd, 4319313.493, 99
Trd, 4319315.593, 97
Trd, 4319316.393, 97
Trd, 4319317.843, 97
Trd, 4319318.443, 97
Trd, 4319319.543, 97
Trd, 4319321.143, 98
Trd, 4319323.093, 100
Trd, 4319323.193, 100
Trd, 4319323.943, 95
Trd, 4319324.593, 95
Trd, 4319326.893, 95
Trd, 4319329.593, 97
Trd, 4319330.443, 97
Trd, 4319331.093, 97
Trd, 4319332.943, 98
Trd, 4319333.193, 97
Trd, 4319334.693, 96
Trd, 4319337.993, 98
Trd, 4319338.493, 97
Trd, 4319339.343, 95
Trd, 4319339.793, 94
Trd, 4319341.743, 96
Trd, 4319343.743, 95
Trd, 4319347.693, 95
Trd, 4319347.893, 93
Trd, 4319350.493, 97
Trd, 4319351.493, 96
Trd, 4319352.993, 95
Trd, 4319354.593, 95
Trd, 4319356.343, 94
Trd, 4319357.043, 95
Trd, 4319357.293, 94
Trd, 4319358.393, 93
Trd, 4319359.243, 95
Trd, 4319360.843, 96
Trd, 4319364.093, 95
Trd, 4319365.593, 94
Trd, 4319367.643, 95
Trd, 4319368.193, 94
Trd, 4319368.543, 95
Trd, 4319369.193, 95
Trd, 4319371.393, 95
Trd, 4319373.543, 95
Trd, 4319373.843, 95
Trd, 4319375.043, 95
Trd, 4319375.343, 94
Trd, 4319377.943, 95
Trd, 4319379.293, 96
Trd, 4319379.793, 95
Trd, 4319382.643, 96
Trd, 4319382.993, 99
Trd, 4319384.293, 98
Trd, 4319385.193, 97
Trd, 4319386.943, 96
Trd, 4319387.743, 97
Trd, 4319387.943, 96
Trd, 4319390.793, 97
Trd, 4319391.993, 97
Trd, 4319394.193, 102
Trd, 4319394.243, 102
Trd, 4319394.843, 101
Trd, 4319396.943, 99
Trd, 4319399.243, 105
Trd, 4319399.743, 104
Trd, 4319399.793, 103
Trd, 4319401.043, 105
Trd, 4319401.393, 102
Trd, 4319403.543, 102
Trd, 4319405.043, 102
Trd, 4319406.593, 102
Trd, 4319407.843, 102
Trd, 4319408.293, 101
Trd, 4319412.293, 102
Trd, 4319412.843, 102
Trd, 4319413.393, 101
Trd, 4319415.043, 101
Trd, 4319415.193, 102
Trd, 4319416.693, 101
Trd, 4319417.493, 94
Trd, 4319420.443, 100
Trd, 4319422.943, 100
Trd, 4319423.693, 101
Trd, 4319423.993, 101
Trd, 4319424.543, 102
Trd, 4319425.243, 105
Trd, 4319425.843, 108
Trd, 4319427.843, 112
Trd, 4319429.243, 113
Trd, 4319429.893, 111
Trd, 4319431.943, 110
Trd, 4319432.193, 103
Trd, 4319434.543, 101
Trd, 4319435.493, 103
Trd, 4319435.893, 103
Trd, 4319436.893, 104
Trd, 4319437.243, 104
Trd, 4319437.643, 100
Trd, 4319439.093, 99
Trd, 4319439.193, 94
Trd, 4319440.893, 89
Trd, 4319441.893, 100
Trd, 4319443.443, 103
Trd, 4319443.993, 102
Trd, 4319445.093, 102
Trd, 4319446.343, 101
Trd, 4319448.043, 98
Trd, 4319448.593, 101
Trd, 4319449.393, 100
Trd, 4319450.493, 101
Trd, 4319452.243, 101
Trd, 4319452.493, 99
Trd, 4319455.743, 97
Trd, 4319458.143, 102
Trd, 4319458.993, 103
Trd, 4319462.193, 99
Trd, 4319463.343, 101
Trd, 4319464.443, 102
Trd, 4319464.593, 98
Trd, 4319466.143, 100
Trd, 4319466.193, 100
Trd, 4319466.593, 100
Trd, 4319468.443, 96
Trd, 4319471.493, 100
Trd, 4319471.593, 99
Trd, 4319475.393, 100
Trd, 4319476.543, 100
Trd, 4319476.593, 100
Trd, 4319478.443, 99
Trd, 4319480.693, 99
Trd, 4319480.843, 97
Trd, 4319481.893, 97
Trd, 4319485.093, 100
Trd, 4319485.693, 100
Trd, 4319486.343, 100
Trd, 4319487.893, 101
Trd, 4319488.543, 102
Trd, 4319489.593, 100
Trd, 4319491.293, 103
Trd, 4319492.343, 100
Trd, 4319493.793, 99
Trd, 4319494.043, 97
Trd, 4319498.193, 97
Trd, 4319498.293, 96
Trd, 4319500.193, 95
Trd, 4319500.643, 94
Trd, 4319501.793, 95
Trd, 4319502.293, 96
Trd, 4319502.893, 96
Trd, 4319503.843, 96
Trd, 4319504.993, 98
Trd, 4319505.293, 97
Trd, 4319507.743, 97
Trd, 4319509.843, 97
Trd, 4319510.143, 97
Trd, 4319511.393, 96
Trd, 4319512.293, 94
Trd, 4319513.043, 94
Trd, 4319516.193, 98
Trd, 4319516.893, 99
Trd, 4319516.993, 98
Trd, 4319519.543, 99
Trd, 4319520.043, 100
Trd, 4319521.693, 103
Trd, 4319521.743, 102
Trd, 4319523.943, 104
Trd, 4319524.643, 104
Trd, 4319526.443, 105
Trd, 4319526.893, 104
Trd, 4319528.743, 103
Trd, 4319529.893, 105
Trd, 4319529.993, 105
Trd, 4319531.293, 103
Trd, 4319533.193, 104
Trd, 4319533.293, 103
Trd, 4319533.693, 100
Trd, 4319534.593, 101
Trd, 4319539.043, 97
Trd, 4319539.893, 86
Trd, 4319541.693, 91
Trd, 4319542.043, 87
Trd, 4319542.793, 96
Trd, 4319542.993, 94
Trd, 4319543.993, 90
Trd, 4319545.493, 89
Trd, 4319546.093, 87
Trd, 4319547.193, 88
Trd, 4319547.543, 89
Trd, 4319549.893, 92
Trd, 4319552.293, 96
Trd, 4319552.493, 95
Trd, 4319554.343, 97
Trd, 4319556.593, 97
Trd, 4319557.243, 98
Trd, 4319557.943, 99
Trd, 4319559.443, 97
Trd, 4319560.143, 95
Trd, 4319560.193, 96
Trd, 4319563.043, 97
Trd, 4319563.643, 98
Trd, 4319565.293, 97
Trd, 4319566.943, 97
Trd, 4319567.093, 97
Trd, 4319569.193, 99
Trd, 4319570.893, 104
Trd, 4319571.493, 105
Trd, 4319571.643, 103
Trd, 4319573.843, 105
Trd, 4319574.743, 105
Trd, 4319575.043, 104
Trd, 4319576.793, 103
Trd, 4319579.893, 102
Trd, 4319581.343, 95
Trd, 4319581.593, 102
Trd, 4319583.043, 94
Trd, 4319584.193, 90
Trd, 4319584.393, 83
Trd, 4319586.843, 88
Trd, 4319588.143, 89
Trd, 4319589.643, 94
Trd, 4319589.693, 93
Trd, 4319590.693, 90
Trd, 4319592.343, 93
Trd, 4319593.043, 96
Trd, 4319593.643, 94
Trd, 4319594.043, 93
Trd, 4319595.193, 92
Trd, 4319596.093, 92
Trd, 4319599.143, 92
Trd, 4319599.843, 92
Trd, 4319601.493, 92
Trd, 4319602.143, 93
Trd, 4319603.393, 93
Trd, 4319604.143, 93
Trd, 4319604.643, 92
Trd, 4319606.493, 93
Trd, 4319607.993, 95
Trd, 4319610.693, 94
Trd, 4319610.743, 94
Trd, 4319610.943, 93
Trd, 4319612.743, 94
Trd, 4319613.693, 93
Trd, 4319614.643, 95
Trd, 4319616.393, 100
Trd, 4319616.743, 96
Trd, 4319618.443, 97
Trd, 4319618.893, 96
Trd, 4319619.793, 96
Trd, 4319621.193, 100
Trd, 4319622.893, 102
Trd, 4319624.193, 101
Trd, 4319625.593, 96
Trd, 4319627.543, 99
Trd, 4319629.543, 99
Trd, 4319631.043, 95
Trd, 4319632.393, 99
Trd, 4319633.543, 99
Trd, 4319634.443, 98
Trd, 4319634.693, 97
Trd, 4319636.493, 96
Trd, 4319637.693, 96
Trd, 4319638.043, 95
Trd, 4319638.493, 96
Trd, 4319639.443, 94
Trd, 4319643.293, 95
Trd, 4319643.993, 94
Trd, 4319644.793, 94
Trd, 4319645.993, 94
Trd, 4319646.293, 94
Trd, 4319647.843, 95
Trd, 4319648.193, 95
Trd, 4319650.043, 94
Trd, 4319652.243, 95
Trd, 4319653.193, 96
Trd, 4319654.243, 96
Trd, 4319657.043, 96
Trd, 4319657.093, 96
Trd, 4319657.493, 95
Trd, 4319659.843, 96
Trd, 4319661.093, 95
Trd, 4319663.293, 103
Trd, 4319663.543, 102
Trd, 4319664.493, 103
Trd, 4319664.943, 103
Trd, 4319665.443, 96
Trd, 4319668.343, 101
Trd, 4319669.443, 101
Trd, 4319672.343, 97
Trd, 4319672.943, 101
Trd, 4319673.093, 102
Trd, 4319674.243, 101
Trd, 4319675.393, 101
Trd, 4319676.043, 102
Trd, 4319676.843, 101
Trd, 4319677.243, 100
Trd, 4319679.343, 98
Trd, 4319681.393, 98
Trd, 4319683.093, 100
Trd, 4319684.643, 101
Trd, 4319685.793, 101
Trd, 4319686.043, 100
Trd, 4319686.393, 100
Trd, 4319690.443, 101
Trd, 4319690.593, 99
Trd, 4319691.793, 100
Trd, 4319693.743, 99
Trd, 4319696.343, 101
Trd, 4319696.443, 101
Trd, 4319696.543, 99
Trd, 4319698.643, 97
Trd, 4319700.043, 99
Trd, 4319701.843, 100
Trd, 4319702.543, 100
Trd, 4319703.243, 98
Trd, 4319705.493, 100
Trd, 4319705.843, 101
Trd, 4319706.393, 100
Trd, 4319708.493, 101
Trd, 4319708.643, 100
Trd, 4319709.743, 100
Trd, 4319713.043, 101
Trd, 4319713.143, 98
Trd, 4319713.693, 99
Trd, 4319715.243, 100
Trd, 4319716.743, 100
Trd, 4319717.193, 99
Trd, 4319718.843, 100
Trd, 4319719.843, 98
Trd, 4319722.343, 97
Trd, 4319723.693, 94
Trd, 4319724.993, 99
Trd, 4319725.893, 99
Trd, 4319726.893, 98
Trd, 4319729.243, 99
Trd, 4319729.493, 98
Trd, 4319731.793, 97
Trd, 4319733.293, 98
Trd, 4319734.643, 97
Trd, 4319735.943, 99
Trd, 4319736.193, 98
Trd, 4319738.443, 99
Trd, 4319739.193, 99
Trd, 4319741.443, 98
Trd, 4319741.993, 96
Trd, 4319742.243, 97
Trd, 4319745.393, 97
Trd, 4319745.593, 97
Trd, 4319747.293, 96
Trd, 4319748.693, 97
Trd, 4319750.143, 97
Trd, 4319750.193, 94
Trd, 4319752.443, 96
Trd, 4319753.643, 95
Trd, 4319755.493, 97
Trd, 4319756.943, 98
Trd, 4319757.643, 99
Trd, 4319757.693, 98
Trd, 4319758.893, 98
Trd, 4319759.443, 98
Trd, 4319763.243, 99
Trd, 4319764.243, 98
Trd, 4319764.443, 94
Trd, 4319765.843, 87
Trd, 4319767.443, 87
Trd, 4319768.293, 89
Trd, 4319770.443, 95
Trd, 4319771.243, 95
Trd, 4319771.693, 97
Trd, 4319772.643, 97
Trd, 4319773.393, 97
Trd, 4319773.793, 94
Trd, 4319774.393, 97
Trd, 4319777.393, 100
Trd, 4319779.893, 99
Trd, 4319781.543, 101
Trd, 4319781.593, 101
Trd, 4319782.293, 87
Trd, 4319784.243, 103
Trd, 4319784.543, 102
Trd, 4319786.743, 106
Trd, 4319787.743, 105
Trd, 4319789.043, 102
Trd, 4319789.693, 102
Trd, 4319791.343, 103
Trd, 4319791.743, 102
Trd, 4319792.443, 103
Trd, 4319794.793, 102
Trd, 4319796.393, 96
Trd, 4319796.693, 98
Trd, 4319798.693, 99
Trd, 4319799.293, 99
Trd, 4319802.243, 98
Trd, 4319802.443, 98
Trd, 4319802.943, 99
Trd, 4319805.393, 99
Trd, 4319805.443, 99
Trd, 4319805.493, 98
Trd, 4319805.843, 97
Trd, 4319807.493, 96
Trd, 4319809.843, 95
Trd, 4319812.593, 98
Trd, 4319812.943, 99
Trd, 4319813.193, 98
Trd, 4319814.093, 95
Trd, 4319817.643, 99
Trd, 4319818.443, 99
Trd, 4319819.493, 96
Trd, 4319822.693, 98
Trd, 4319823.443, 97
Trd, 4319827.443, 96
Trd, 4319827.493, 95
Trd, 4319829.193, 97
Trd, 4319831.143, 96
Trd, 4319833.493, 96
Trd, 4319833.693, 95
Trd, 4319835.743, 96
Trd, 4319836.843, 95
Trd, 4319837.093, 95
Trd, 4319837.743, 94
Trd, 4319838.643, 96
Trd, 4319839.243, 96
Trd, 4319839.743, 95
Trd, 4319841.993, 96
Trd, 4319843.743, 97
Trd, 4319844.743, 97
Trd, 4319846.093, 97
Trd, 4319846.943, 95
Trd, 4319849.843, 96
Trd, 4319851.043, 95
Trd, 4319851.093, 93
Trd, 4319853.543, 95
Trd, 4319854.643, 96
Trd, 4319855.343, 96
Trd, 4319855.743, 95
Trd, 4319859.743, 95
Trd, 4319861.443, 96
Trd, 4319862.243, 95
Trd, 4319865.293, 96
Trd, 4319865.593, 94
Trd, 4319867.743, 96
Trd, 4319868.443, 97
Trd, 4319869.143, 97
Trd, 4319870.443, 96
Trd, 4319872.143, 96
Trd, 4319875.743, 97
Trd, 4319875.893, 96
Trd, 4319877.243, 95
Trd, 4319878.093, 96
Trd, 4319880.043, 95
Trd, 4319881.143, 95
Trd, 4319882.693, 95
Trd, 4319883.393, 94
Trd, 4319884.693, 95
Trd, 4319886.843, 95
Trd, 4319887.793, 95
Trd, 4319888.543, 96
Trd, 4319890.743, 105
Trd, 4319891.693, 105
Trd, 4319892.193, 103
Trd, 4319893.343, 103
Trd, 4319894.793, 102
Trd, 4319896.143, 102
Trd, 4319897.243, 101
Trd, 4319898.493, 103
Trd, 4319899.993, 103
Trd, 4319900.693, 103
Trd, 4319901.743, 105
Trd, 4319902.693, 107
Trd, 4319903.893, 106
Trd, 4319904.193, 101
Trd, 4319907.443, 106
Trd, 4319908.843, 106
Trd, 4319910.393, 106
Trd, 4319911.293, 106
Trd, 4319911.593, 103
Trd, 4319914.543, 105
Trd, 4319916.693, 104
Trd, 4319917.243, 105
Trd, 4319917.443, 103
Trd, 4319917.693, 102
Trd, 4319921.993, 101
Trd, 4319922.943, 102
Trd, 4319923.693, 101
Trd, 4319924.543, 102
Trd, 4319925.893, 102
Trd, 4319926.093, 101
Trd, 4319928.043, 97
Trd, 4319929.143, 97
Trd, 4319929.743, 86
Trd, 4319931.643, 97
Trd, 4319931.893, 97
Trd, 4319932.343, 96
Trd, 4319936.443, 96
Trd, 4319937.293, 96
Trd, 4319938.493, 96
Trd, 4319940.293, 97
Trd, 4319941.943, 95
Trd, 4319942.443, 96
Trd, 4319944.393, 96
Trd, 4319945.493, 95
Trd, 4319948.093, 97
Trd, 4319948.693, 98
Trd, 4319949.493, 95
Trd, 4319951.343, 95
Trd, 4319953.243, 97
Trd, 4319954.543, 86
Trd, 4319955.993, 97
Trd, 4319956.143, 97
Trd, 4319957.243, 93
Trd, 4319959.743, 95
Trd, 4319960.193, 95
Trd, 4319960.343, 95
Trd, 4319960.993, 96
Trd, 4319963.693, 99
Trd, 4319964.043, 95
Trd, 4319964.893, 98
Trd, 4319966.793, 97
Trd, 4319968.293, 102
Trd, 4319969.093, 102
Trd, 4319969.493, 99
Trd, 4319973.093, 98
Trd, 4319973.943, 99
Trd, 4319974.343, 99
Trd, 4319974.793, 98
Trd, 4319976.993, 95
Trd, 4319977.193, 94
Trd, 4319979.293, 96
Trd, 4319979.343, 96
Trd, 4319979.843, 95
Trd, 4319982.343, 95
Trd, 4319984.093, 95
Trd, 4319984.443, 94
Trd, 4319985.693, 92
Trd, 4319986.043, 93
Trd, 4319987.693, 94
Trd, 4319990.493, 93
Trd, 4319993.393, 94
Trd, 4319994.743, 96
Trd, 4319994.793, 95
Trd, 4319995.793, 99
Trd, 4319996.143, 100
Trd, 4319996.243, 99
Trd, 4319998.243, 103
Trd, 4319999.193, 103
