Trd, 4317904.393, 103
Trd, 4317904.943, 97
Trd, 4317905.993, 102
Trd, 4317906.843, 96
Trd, 4317909.043, 94
Trd, 4317909.343, 93
Trd, 4317909.493, 95
Trd, 4317911.343, 94
Trd, 4317912.043, 94
Trd, 4317912.793, 91
Trd, 4317914.543, 93
Trd, 4317915.193, 96
Trd, 4317916.993, 95
Trd, 4317918.993, 100
Trd, 4317920.743, 95
Trd, 4317921.693, 94
Trd, 4317922.443, 94
Trd, 4317924.243, 102
Trd, 4317927.393, 94
Trd, 4317927.643, 95
Trd, 4317928.893, 94
Trd, 4317929.993, 99
Trd, 4317932.393, 99
Trd, 4317932.893, 98
Trd, 4317933.693, 96
Trd, 4317933.843, 95
Trd, 4317935.143, 97
Trd, 4317938.043, 97
Trd, 4317938.393, 98
Trd, 4317940.493, 101
Trd, 4317941.043, 94
Trd, 4317941.493, 99
Trd, 4317944.443, 96
Trd, 4317945.143, 96
Trd, 4317945.493, 97
Trd, 4317945.943, 95
Trd, 4317946.143, 104
Trd, 4317948.143, 95
Trd, 4317949.943, 97
Trd, 4317949.993, 94
Trd, 4317954.043, 90
Trd, 4317954.543, 90
Trd, 4317955.193, 90
Trd, 4317955.543, 85
Trd, 4317956.343, 86
Trd, 4317956.793, 94
Trd, 4317960.843, 90
Trd, 4317960.893, 92
Trd, 4317964.693, 91
Trd, 4317964.793, 90
Trd, 4317968.793, 90
Trd, 4317969.243, 92
Trd, 4317970.243, 91
Trd, 4317970.893, 106
Trd, 4317971.593, 90
Trd, 4317972.343, 96
Trd, 4317974.843, 91
Trd, 4317974.943, 92
Trd, 4317976.693, 92
Trd, 4317976.793, 104
Trd, 4317977.843, 100
Trd, 4317978.893, 102
Trd, 4317979.743, 102
Trd, 4317980.893, 104
Trd, 4317980.993, 104
Trd, 4317984.493, 102
Trd, 4317984.743, 103
Trd, 4317985.743, 100
Trd, 4317987.143, 99
Trd, 4317987.543, 103
Trd, 4317988.743, 90
Trd, 4317990.143, 96
Trd, 4317991.943, 96
Trd, 4317993.493, 97
Trd, 4317996.543, 95
Trd, 4317996.593, 96
Trd, 4317996.843, 104
Trd, 4317998.043, 86
Trd, 4318001.193, 91
Trd, 4318001.443, 93
Trd, 4318002.743, 93
Trd, 4318004.593, 96
Trd, 4318006.093, 100
Trd, 4318006.393, 99
Trd, 4318008.343, 95
Trd, 4318010.293, 95
Trd, 4318010.393, 96
Trd, 4318011.343, 97
Trd, 4318014.393, 97
Trd, 4318015.543, 95
Trd, 4318016.493, 96
Trd, 4318018.193, 96
Trd, 4318018.293, 94
Trd, 4318019.493, 93
Trd, 4318021.243, 93
Trd, 4318023.043, 93
Trd, 4318023.143, 104
Trd, 4318025.843, 94
Trd, 4318027.843, 94
Trd, 4318028.093, 96
Trd, 4318028.593, 96
Trd, 4318029.043, 96
Trd, 4318030.043, 95
Trd, 4318032.293, 94
Trd, 4318033.293, 89
Trd, 4318035.443, 93
Trd, 4318037.743, 96
Trd, 4318038.843, 95
Trd, 4318039.643, 97
Trd, 4318040.343, 104
Trd, 4318042.743, 94
Trd, 4318043.093, 94
Trd, 4318043.743, 92
Trd, 4318043.793, 94
Trd, 4318045.693, 91
Trd, 4318047.243, 98
Trd, 4318048.693, 91
Trd, 4318049.593, 85
Trd, 4318050.293, 93
Trd, 4318050.743, 97
Trd, 4318053.093, 94
Trd, 4318054.043, 93
Trd, 4318055.243, 96
Trd, 4318055.343, 97
Trd, 4318057.843, 96
Trd, 4318058.193, 97
Trd, 4318060.743, 104
Trd, 4318061.343, 104
Trd, 4318061.793, 96
Trd, 4318062.993, 100
Trd, 4318063.343, 96
Trd, 4318064.243, 84
Trd, 4318065.043, 96
Trd, 4318068.193, 92
Trd, 4318068.443, 93
Trd, 4318070.443, 91
Trd, 4318071.793, 92
Trd, 4318072.443, 91
Trd, 4318072.643, 92
Trd, 4318074.143, 91
Trd, 4318076.143, 95
Trd, 4318077.193, 104
Trd, 4318078.343, 99
Trd, 4318078.993, 110
Trd, 4318079.743, 100
Trd, 4318081.443, 104
Trd, 4318081.893, 104
Trd, 4318082.893, 103
Trd, 4318085.143, 93
Trd, 4318086.143, 95
Trd, 4318086.243, 101
Trd, 4318087.393, 97
Trd, 4318088.593, 97
Trd, 4318089.243, 96
Trd, 4318089.493, 104
Trd, 4318091.243, 95
Trd, 4318091.443, 93
Trd, 4318092.043, 107
Trd, 4318096.693, 103
Trd, 4318097.243, 100
Trd, 4318097.643, 103
Trd, 4318099.243, 104
Trd, 4318099.593, 103
Trd, 4318100.843, 103
Trd, 4318102.393, 103
Trd, 4318102.843, 104
Trd, 4318105.693, 96
Trd, 4318105.943, 95
Trd, 4318107.993, 96
Trd, 4318108.493, 96
Trd, 4318109.493, 104
Trd, 4318110.793, 104
Trd, 4318111.193, 101
Trd, 4318111.243, 94
Trd, 4318114.093, 101
Trd, 4318114.893, 107
Trd, 4318116.893, 101
Trd, 4318117.643, 97
Trd, 4318119.543, 98
Trd, 4318120.293, 101
Trd, 4318122.193, 99
Trd, 4318122.643, 104
Trd, 4318123.693, 99
Trd, 4318123.993, 100
Trd, 4318125.343, 97
Trd, 4318125.943, 100
Trd, 4318126.193, 95
Trd, 4318128.943, 104
Trd, 4318130.893, 99
Trd, 4318131.993, 100
Trd, 4318133.343, 99
Trd, 4318134.493, 101
Trd, 4318136.743, 98
Trd, 4318137.743, 99
Trd, 4318137.793, 99
Trd, 4318138.193, 97
Trd, 4318141.493, 99
Trd, 4318141.793, 103
Trd, 4318141.943, 96
Trd, 4318145.043, 98
Trd, 4318146.693, 97
Trd, 4318147.543, 102
Trd, 4318147.693, 103
Trd, 4318149.443, 97
Trd, 4318149.743, 101
Trd, 4318152.343, 98
Trd, 4318153.743, 96
Trd, 4318154.643, 96
Trd, 4318154.943, 96
Trd, 4318155.243, 94
Trd, 4318159.293, 95
Trd, 4318159.793, 96
Trd, 4318160.043, 95
Trd, 4318161.143, 96
Trd, 4318161.943, 97
Trd, 4318163.543, 95
Trd, 4318163.843, 99
Trd, 4318165.343, 95
Trd, 4318166.893, 103
Trd, 4318166.993, 96
Trd, 4318169.293, 100
Trd, 4318170.393, 96
Trd, 4318170.443, 110
Trd, 4318171.643, 104
Trd, 4318172.243, 97
Trd, 4318176.693, 96
Trd, 4318176.943, 99
Trd, 4318177.643, 97
Trd, 4318181.443, 96
Trd, 4318181.493, 96
Trd, 4318181.593, 98
Trd, 4318182.543, 94
Trd, 4318183.343, 97
Trd, 4318184.593, 104
Trd, 4318186.893, 95
Trd, 4318189.693, 96
Trd, 4318190.143, 98
Trd, 4318191.393, 96
Trd, 4318194.143, 94
Trd, 4318196.343, 93
Trd, 4318196.843, 95
Trd, 4318198.193, 94
Trd, 4318198.643, 93
Trd, 4318199.093, 93
Trd, 4318202.043, 96
Trd, 4318202.443, 95
Trd, 4318205.093, 94
Trd, 4318205.193, 95
Trd, 4318205.593, 95
Trd, 4318206.543, 94
Trd, 4318207.543, 94
Trd, 4318209.393, 94
Trd, 4318210.593, 103
Trd, 4318211.493, 104
Trd, 4318212.793, 110
Trd, 4318213.193, 112
Trd, 4318215.193, 103
Trd, 4318215.993, 101
Trd, 4318217.043, 101
Trd, 4318218.393, 100
Trd, 4318218.493, 99
Trd, 4318220.493, 100
Trd, 4318221.993, 98
Trd, 4318222.543, 98
Trd, 4318223.943, 95
Trd, 4318224.693, 102
Trd, 4318227.293, 95
Trd, 4318228.543, 96
Trd, 4318228.693, 95
Trd, 4318229.543, 96
Trd, 4318231.193, 97
Trd, 4318231.443, 96
Trd, 4318232.293, 101
Trd, 4318232.393, 104
Trd, 4318232.793, 101
Trd, 4318235.893, 100
Trd, 4318237.343, 98
Trd, 4318237.993, 97
Trd, 4318238.293, 99
Trd, 4318238.843, 104
Trd, 4318239.193, 112
Trd, 4318240.693, 98
Trd, 4318243.093, 98
Trd, 4318244.143, 96
Trd, 4318244.743, 96
Trd, 4318245.043, 95
Trd, 4318246.593, 94
Trd, 4318248.443, 104
Trd, 4318249.643, 96
Trd, 4318250.693, 93
Trd, 4318252.043, 91
Trd, 4318252.843, 92
Trd, 4318253.143, 98
Trd, 4318254.943, 113
Trd, 4318256.343, 113
Trd, 4318257.093, 106
Trd, 4318258.343, 110
Trd, 4318258.843, 113
Trd, 4318259.843, 109
Trd, 4318260.793, 113
Trd, 4318263.293, 97
Trd, 4318263.743, 95
Trd, 4318264.843, 94
Trd, 4318264.893, 107
Trd, 4318267.693, 97
Trd, 4318269.443, 98
Trd, 4318270.393, 98
Trd, 4318271.593, 98
Trd, 4318272.793, 104
Trd, 4318274.493, 103
Trd, 4318274.693, 101
Trd, 4318274.943, 96
Trd, 4318275.843, 111
Trd, 4318277.793, 102
Trd, 4318280.043, 102
Trd, 4318281.043, 98
Trd, 4318281.293, 98
Trd, 4318282.043, 99
Trd, 4318282.343, 97
Trd, 4318283.793, 95
Trd, 4318283.843, 114
Trd, 4318286.093, 94
Trd, 4318286.393, 105
Trd, 4318287.843, 105
Trd, 4318288.943, 98
Trd, 4318289.293, 100
Trd, 4318289.493, 110
Trd, 4318292.843, 105
Trd, 4318294.793, 106
Trd, 4318296.543, 104
Trd, 4318296.643, 104
Trd, 4318296.843, 102
Trd, 4318299.193, 97
Trd, 4318300.593, 98
Trd, 4318302.493, 98
Trd, 4318303.043, 98
Trd, 4318303.543, 98
Trd, 4318304.043, 99
Trd, 4318304.393, 97
Trd, 4318306.843, 94
Trd, 4318309.393, 95
Trd, 4318311.243, 93
Trd, 4318312.243, 93
Trd, 4318312.943, 95
Trd, 4318314.043, 104
Trd, 4318316.243, 105
Trd, 4318316.543, 105
Trd, 4318317.843, 104
Trd, 4318318.693, 103
Trd, 4318319.943, 102
Trd, 4318320.143, 103
Trd, 4318321.243, 103
Trd, 4318322.143, 94
Trd, 4318323.093, 95
Trd, 4318323.843, 85
Trd, 4318324.843, 101
Trd, 4318325.793, 104
Trd, 4318329.943, 101
Trd, 4318331.693, 94
Trd, 4318331.743, 95
Trd, 4318332.993, 94
Trd, 4318335.243, 93
Trd, 4318336.343, 95
Trd, 4318336.593, 92
Trd, 4318336.993, 92
Trd, 4318337.443, 104
Trd, 4318341.943, 95
Trd, 4318342.143, 93
Trd, 4318342.743, 94
Trd, 4318344.393, 93
Trd, 4318345.693, 93
Trd, 4318347.043, 92
Trd, 4318348.593, 98
Trd, 4318349.093, 104
Trd, 4318350.793, 95
Trd, 4318351.143, 95
Trd, 4318352.193, 94
Trd, 4318352.743, 91
Trd, 4318353.493, 94
Trd, 4318355.243, 92
Trd, 4318355.693, 91
Trd, 4318356.593, 104
Trd, 4318356.743, 113
Trd, 4318358.393, 110
Trd, 4318360.043, 104
Trd, 4318361.093, 104
Trd, 4318361.693, 104
Trd, 4318361.793, 105
Trd, 4318364.293, 104
Trd, 4318366.393, 104
Trd, 4318366.743, 104
Trd, 4318367.093, 102
Trd, 4318368.293, 112
Trd, 4318368.943, 107
Trd, 4318370.343, 94
Trd, 4318370.793, 101
Trd, 4318371.143, 95
Trd, 4318372.593, 104
Trd, 4318373.393, 97
Trd, 4318374.293, 109
Trd, 4318375.793, 96
Trd, 4318376.443, 97
Trd, 4318378.443, 97
Trd, 4318378.643, 96
Trd, 4318379.243, 99
Trd, 4318382.843, 97
Trd, 4318384.793, 97
Trd, 4318385.443, 98
Trd, 4318386.043, 96
Trd, 4318387.943, 98
Trd, 4318388.693, 101
Trd, 4318389.643, 104
Trd, 4318390.993, 97
Trd, 4318392.143, 97
Trd, 4318392.393, 104
Trd, 4318394.293, 101
Trd, 4318395.793, 99
Trd, 4318398.343, 102
Trd, 4318399.093, 102
Trd, 4318400.143, 104
Trd, 4318401.543, 101
Trd, 4318404.143, 99
Trd, 4318404.543, 102
Trd, 4318405.193, 102
Trd, 4318406.643, 97
Trd, 4318407.443, 100
Trd, 4318408.643, 96
Trd, 4318409.293, 96
Trd, 4318411.643, 95
Trd, 4318411.893, 94
Trd, 4318414.593, 94
Trd, 4318414.743, 96
Trd, 4318415.043, 93
Trd, 4318417.193, 92
Trd, 4318417.893, 93
Trd, 4318418.693, 95
Trd, 4318420.443, 100
Trd, 4318420.993, 95
Trd, 4318421.793, 96
Trd, 4318424.293, 96
Trd, 4318424.343, 95
Trd, 4318424.793, 97
Trd, 4318427.193, 94
Trd, 4318427.493, 95
Trd, 4318428.443, 113
Trd, 4318429.893, 96
Trd, 4318429.943, 105
Trd, 4318431.893, 102
Trd, 4318431.943, 101
Trd, 4318434.493, 100
Trd, 4318434.793, 101
Trd, 4318437.293, 97
Trd, 4318437.343, 104
Trd, 4318438.893, 97
Trd, 4318440.293, 96
Trd, 4318441.243, 95
Trd, 4318441.743, 94
Trd, 4318441.843, 113
Trd, 4318442.843, 93
Trd, 4318446.343, 98
Trd, 4318446.693, 96
Trd, 4318447.443, 99
Trd, 4318450.293, 94
Trd, 4318450.343, 94
Trd, 4318450.943, 71
Trd, 4318452.793, 85
Trd, 4318453.643, 85
Trd, 4318455.743, 87
Trd, 4318456.143, 98
Trd, 4318456.693, 87
Trd, 4318458.643, 99
Trd, 4318459.593, 102
Trd, 4318459.843, 96
Trd, 4318461.843, 105
Trd, 4318462.543, 103
Trd, 4318462.893, 103
Trd, 4318463.693, 113
Trd, 4318467.443, 119
Trd, 4318468.543, 102
Trd, 4318468.793, 103
Trd, 4318470.743, 103
Trd, 4318471.443, 108
Trd, 4318473.443, 104
Trd, 4318473.993, 101
Trd, 4318474.743, 94
Trd, 4318476.893, 98
Trd, 4318477.893, 97
Trd, 4318478.443, 93
Trd, 4318479.143, 94
Trd, 4318479.993, 96
Trd, 4318481.643, 104
Trd, 4318482.793, 112
Trd, 4318484.293, 108
Trd, 4318485.893, 110
Trd, 4318486.493, 107
Trd, 4318487.243, 113
Trd, 4318488.843, 95
Trd, 4318489.093, 99
Trd, 4318490.243, 95
Trd, 4318494.493, 96
Trd, 4318494.643, 93
Trd, 4318494.993, 104
Trd, 4318495.943, 93
Trd, 4318496.443, 98
Trd, 4318496.593, 113
Trd, 4318498.093, 99
Trd, 4318500.843, 94
Trd, 4318502.043, 93
Trd, 4318503.243, 94
Trd, 4318503.943, 95
Trd, 4318506.543, 95
Trd, 4318507.093, 98
Trd, 4318508.943, 94
Trd, 4318509.643, 95
Trd, 4318509.943, 104
Trd, 4318510.743, 98
Trd, 4318512.943, 99
Trd, 4318514.043, 102
Trd, 4318515.693, 99
Trd, 4318518.693, 102
Trd, 4318519.493, 98
Trd, 4318521.593, 97
Trd, 4318522.293, 96
Trd, 4318522.593, 97
Trd, 4318524.343, 96
Trd, 4318525.693, 94
Trd, 4318526.393, 99
Trd, 4318527.193, 104
Trd, 4318527.493, 93
Trd, 4318531.543, 97
Trd, 4318531.893, 97
Trd, 4318531.993, 99
Trd, 4318533.493, 98
Trd, 4318535.143, 97
Trd, 4318537.543, 97
Trd, 4318539.643, 99
Trd, 4318541.343, 97
Trd, 4318541.843, 95
Trd, 4318542.593, 95
Trd, 4318544.293, 94
Trd, 4318545.043, 96
Trd, 4318545.393, 101
Trd, 4318545.793, 83
Trd, 4318548.293, 91
Trd, 4318550.093, 94
Trd, 4318551.243, 94
Trd, 4318554.393, 94
Trd, 4318554.493, 99
Trd, 4318555.643, 99
Trd, 4318557.543, 97
Trd, 4318558.893, 96
Trd, 4318559.843, 86
Trd, 4318560.693, 90
Trd, 4318562.893, 90
Trd, 4318563.143, 92
Trd, 4318563.643, 96
Trd, 4318567.443, 92
Trd, 4318567.543, 93
Trd, 4318570.643, 92
Trd, 4318571.493, 92
Trd, 4318573.343, 91
Trd, 4318573.543, 93
Trd, 4318574.243, 100
Trd, 4318574.793, 85
Trd, 4318576.643, 92
Trd, 4318577.093, 92
Trd, 4318577.543, 92
Trd, 4318578.393, 104
Trd, 4318581.943, 91
Trd, 4318582.393, 94
Trd, 4318582.493, 91
Trd, 4318584.893, 96
Trd, 4318585.393, 96
Trd, 4318586.943, 99
Trd, 4318588.243, 102
Trd, 4318589.793, 95
Trd, 4318591.493, 98
Trd, 4318593.093, 95
Trd, 4318593.543, 96
Trd, 4318595.893, 95
Trd, 4318595.993, 96
Trd, 4318597.393, 94
Trd, 4318599.893, 94
Trd, 4318599.943, 95
Trd, 4318601.343, 93
Trd, 4318601.393, 98
Trd, 4318604.293, 100
Trd, 4318605.343, 93
Trd, 4318606.643, 103
Trd, 4318607.043, 96
Trd, 4318608.393, 99
Trd, 4318609.843, 95
Trd, 4318611.543, 98
Trd, 4318612.543, 94
Trd, 4318613.393, 99
Trd, 4318614.293, 98
Trd, 4318615.443, 113
Trd, 4318615.993, 109
Trd, 4318616.443, 109
Trd, 4318616.743, 94
Trd, 4318620.693, 97
Trd, 4318621.143, 100
Trd, 4318623.493, 99
Trd, 4318624.393, 98
Trd, 4318625.593, 97
Trd, 4318626.943, 99
Trd, 4318627.493, 101
Trd, 4318627.893, 98
Trd, 4318629.393, 98
Trd, 4318632.443, 98
Trd, 4318632.943, 98
Trd, 4318633.343, 97
Trd, 4318634.093, 103
Trd, 4318634.543, 95
Trd, 4318635.693, 99
Trd, 4318638.943, 99
Trd, 4318640.993, 94
Trd, 4318641.593, 93
Trd, 4318643.293, 95
Trd, 4318643.643, 104
Trd, 4318644.593, 93
Trd, 4318647.043, 98
Trd, 4318648.243, 103
Trd, 4318648.493, 100
Trd, 4318648.543, 99
Trd, 4318650.193, 99
Trd, 4318650.243, 98
Trd, 4318650.393, 102
Trd, 4318652.343, 99
Trd, 4318652.443, 96
Trd, 4318656.143, 94
Trd, 4318657.943, 92
Trd, 4318658.543, 93
Trd, 4318658.693, 95
Trd, 4318660.193, 104
Trd, 4318662.143, 96
Trd, 4318662.743, 94
Trd, 4318665.243, 94
Trd, 4318666.793, 94
Trd, 4318667.593, 94
Trd, 4318668.993, 96
Trd, 4318672.243, 95
Trd, 4318672.543, 95
Trd, 4318673.193, 95
Trd, 4318673.593, 85
Trd, 4318676.293, 98
Trd, 4318678.293, 96
Trd, 4318679.443, 99
Trd, 4318680.843, 96
Trd, 4318680.893, 95
Trd, 4318683.643, 94
Trd, 4318684.093, 95
Trd, 4318684.443, 93
Trd, 4318685.093, 94
Trd, 4318685.643, 91
Trd, 4318688.093, 91
Trd, 4318689.543, 91
Trd, 4318690.143, 91
Trd, 4318690.593, 95
Trd, 4318690.693, 90
Trd, 4318690.943, 104
Trd, 4318693.893, 96
Trd, 4318696.043, 94
Trd, 4318697.293, 94
Trd, 4318697.643, 93
Trd, 4318697.993, 100
Trd, 4318699.793, 104
Trd, 4318702.493, 101
Trd, 4318703.043, 96
Trd, 4318703.593, 103
Trd, 4318706.093, 99
Trd, 4318706.793, 95
Trd, 4318708.043, 94
Trd, 4318709.643, 97
Trd, 4318712.243, 97
Trd, 4318712.543, 96
Trd, 4318713.093, 102
Trd, 4318713.493, 77
Trd, 4318714.943, 103
Trd, 4318717.843, 107
Trd, 4318718.043, 113
Trd, 4318718.893, 106
Trd, 4318719.593, 104
Trd, 4318720.093, 121
Trd, 4318720.893, 94
Trd, 4318722.443, 80
Trd, 4318724.793, 99
Trd, 4318725.543, 96
Trd, 4318725.643, 100
Trd, 4318727.143, 100
Trd, 4318727.343, 95
Trd, 4318728.543, 115
Trd, 4318731.343, 103
Trd, 4318733.543, 104
Trd, 4318734.893, 103
Trd, 4318735.143, 103
Trd, 4318735.493, 102
Trd, 4318736.293, 102
Trd, 4318739.693, 102
Trd, 4318739.793, 103
Trd, 4318740.443, 101
Trd, 4318741.743, 100
Trd, 4318744.043, 102
Trd, 4318744.893, 103
Trd, 4318745.393, 103
Trd, 4318745.443, 100
Trd, 4318748.093, 101
Trd, 4318749.043, 104
Trd, 4318749.393, 98
Trd, 4318751.693, 104
Trd, 4318751.743, 108
Trd, 4318753.643, 96
Trd, 4318756.443, 95
Trd, 4318756.993, 95
Trd, 4318759.743, 95
Trd, 4318760.093, 94
Trd, 4318760.493, 94
Trd, 4318760.593, 95
Trd, 4318761.693, 95
Trd, 4318763.843, 111
Trd, 4318764.893, 105
Trd, 4318766.143, 95
Trd, 4318767.093, 98
Trd, 4318768.093, 102
Trd, 4318768.443, 100
Trd, 4318771.093, 104
Trd, 4318772.043, 103
Trd, 4318773.343, 102
Trd, 4318774.443, 104
Trd, 4318775.943, 102
Trd, 4318776.093, 103
Trd, 4318777.393, 101
Trd, 4318779.043, 112
Trd, 4318780.143, 106
Trd, 4318782.943, 95
Trd, 4318783.493, 95
Trd, 4318784.343, 104
Trd, 4318784.943, 110
Trd, 4318786.943, 104
Trd, 4318787.593, 90
Trd, 4318788.443, 98
Trd, 4318791.243, 100
Trd, 4318791.543, 100
Trd, 4318792.043, 100
Trd, 4318792.643, 98
Trd, 4318793.443, 98
Trd, 4318795.793, 101
Trd, 4318796.993, 103
Trd, 4318797.143, 104
Trd, 4318797.743, 100
Trd, 4318797.893, 101
Trd, 4318798.643, 98
Trd, 4318802.193, 96
Trd, 4318802.693, 96
Trd, 4318802.943, 95
Trd, 4318803.743, 95
Trd, 4318807.743, 96
Trd, 4318808.093, 95
Trd, 4318808.793, 95
Trd, 4318810.643, 95
Trd, 4318811.443, 94
Trd, 4318812.293, 96
Trd, 4318814.793, 98
Trd, 4318816.493, 93
Trd, 4318817.243, 94
Trd, 4318817.493, 94
Trd, 4318817.943, 104
Trd, 4318818.093, 92
Trd, 4318821.093, 93
Trd, 4318822.093, 93
Trd, 4318822.543, 104
Trd, 4318822.593, 92
Trd, 4318824.343, 98
Trd, 4318827.443, 92
Trd, 4318827.843, 93
Trd, 4318828.593, 94
Trd, 4318829.843, 93
Trd, 4318829.993, 93
Trd, 4318830.543, 95
Trd, 4318831.593, 91
Trd, 4318833.893, 100
Trd, 4318836.443, 102
Trd, 4318836.493, 109
Trd, 4318839.593, 103
Trd, 4318840.743, 104
Trd, 4318841.593, 104
Trd, 4318842.643, 104
Trd, 4318843.343, 100
Trd, 4318844.093, 102
Trd, 4318844.243, 104
Trd, 4318846.593, 104
Trd, 4318848.293, 96
Trd, 4318848.543, 98
Trd, 4318850.343, 94
Trd, 4318851.843, 97
Trd, 4318852.493, 98
Trd, 4318854.493, 97
Trd, 4318854.943, 96
Trd, 4318855.893, 98
Trd, 4318856.093, 98
Trd, 4318858.793, 96
Trd, 4318858.843, 95
Trd, 4318861.443, 96
Trd, 4318861.543, 104
Trd, 4318861.943, 113
Trd, 4318863.793, 105
Trd, 4318864.193, 103
Trd, 4318864.543, 100
Trd, 4318865.243, 87
Trd, 4318867.043, 103
Trd, 4318868.243, 103
Trd, 4318868.943, 104
Trd, 4318870.243, 105
Trd, 4318871.043, 103
Trd, 4318872.793, 113
Trd, 4318873.893, 107
Trd, 4318874.693, 113
Trd, 4318876.243, 110
Trd, 4318878.193, 106
Trd, 4318878.243, 108
Trd, 4318879.243, 96
Trd, 4318881.643, 105
Trd, 4318883.293, 103
Trd, 4318884.643, 104
Trd, 4318885.593, 104
Trd, 4318885.743, 101
Trd, 4318887.693, 100
Trd, 4318887.793, 104
Trd, 4318889.193, 96
Trd, 4318890.043, 94
Trd, 4318891.343, 84
Trd, 4318892.443, 94
Trd, 4318892.593, 95
Trd, 4318895.743, 97
Trd, 4318896.393, 96
Trd, 4318896.443, 94
Trd, 4318897.343, 102
Trd, 4318899.743, 95
Trd, 4318901.793, 96
Trd, 4318902.093, 95
Trd, 4318902.193, 103
Trd, 4318905.743, 98
Trd, 4318906.043, 99
Trd, 4318906.993, 99
Trd, 4318908.643, 100
Trd, 4318909.943, 101
Trd, 4318911.193, 100
Trd, 4318911.243, 103
Trd, 4318915.143, 99
Trd, 4318915.293, 99
Trd, 4318915.943, 101
Trd, 4318916.393, 101
Trd, 4318917.793, 100
Trd, 4318919.743, 98
Trd, 4318923.193, 93
Trd, 4318923.393, 94
Trd, 4318923.793, 98
Trd, 4318924.193, 104
Trd, 4318925.293, 104
Trd, 4318925.343, 99
Trd, 4318927.593, 102
Trd, 4318927.993, 102
Trd, 4318928.293, 94
Trd, 4318928.543, 110
Trd, 4318932.893, 94
Trd, 4318933.893, 95
Trd, 4318934.543, 95
Trd, 4318935.793, 93
Trd, 4318937.543, 94
Trd, 4318939.393, 95
Trd, 4318939.943, 113
Trd, 4318941.043, 99
Trd, 4318942.243, 99
Trd, 4318942.493, 100
Trd, 4318943.243, 93
Trd, 4318943.743, 100
Trd, 4318944.293, 104
Trd, 4318947.143, 94
Trd, 4318949.043, 96
Trd, 4318949.393, 101
Trd, 4318951.643, 99
Trd, 4318952.093, 94
Trd, 4318952.343, 103
Trd, 4318955.093, 95
Trd, 4318956.593, 95
Trd, 4318958.543, 94
Trd, 4318958.593, 101
Trd, 4318959.743, 97
Trd, 4318960.193, 104
Trd, 4318960.493, 93
Trd, 4318961.943, 102
Trd, 4318963.343, 96
Trd, 4318964.793, 99
Trd, 4318966.293, 98
Trd, 4318966.793, 97
Trd, 4318968.893, 99
Trd, 4318969.443, 98
Trd, 4318971.493, 97
Trd, 4318974.193, 96
Trd, 4318974.843, 96
Trd, 4318975.143, 95
Trd, 4318975.493, 94
Trd, 4318976.843, 112
Trd, 4318976.993, 105
Trd, 4318978.343, 113
Trd, 4318979.993, 94
Trd, 4318981.143, 93
Trd, 4318983.743, 94
Trd, 4318983.843, 92
Trd, 4318985.643, 95
Trd, 4318989.143, 93
Trd, 4318990.393, 92
Trd, 4318990.893, 91
Trd, 4318990.943, 97
Trd, 4318991.193, 91
Trd, 4318993.343, 96
Trd, 4318997.743, 92
Trd, 4318997.943, 92
Trd, 4318998.243, 92
Trd, 4318999.943, 91
Trd, 4319000.993, 91
Trd, 4319001.093, 92
Trd, 4319002.443, 97
Trd, 4319003.743, 99
Trd, 4319005.843, 92
Trd, 4319006.543, 92
Trd, 4319006.993, 92
Trd, 4319009.243, 91
Trd, 4319009.393, 91
Trd, 4319009.493, 92
Trd, 4319010.493, 104
Trd, 4319012.843, 93
Trd, 4319014.343, 92
Trd, 4319014.543, 93
Trd, 4319015.043, 102
Trd, 4319017.343, 94
Trd, 4319017.593, 113
Trd, 4319020.093, 113
Trd, 4319020.693, 110
Trd, 4319021.343, 109
Trd, 4319022.743, 93
Trd, 4319023.943, 93
Trd, 4319024.093, 86
Trd, 4319026.043, 95
Trd, 4319027.143, 96
Trd, 4319028.943, 94
Trd, 4319029.093, 95
Trd, 4319030.743, 93
Trd, 4319032.043, 93
Trd, 4319032.843, 94
Trd, 4319034.093, 94
Trd, 4319034.443, 103
Trd, 4319035.693, 104
Trd, 4319035.793, 98
Trd, 4319038.393, 100
Trd, 4319038.443, 94
Trd, 4319040.343, 99
Trd, 4319041.293, 99
Trd, 4319041.593, 98
Trd, 4319041.643, 100
Trd, 4319043.743, 104
Trd, 4319045.193, 104
Trd, 4319045.793, 113
Trd, 4319046.393, 111
Trd, 4319047.393, 112
Trd, 4319048.593, 113
Trd, 4319049.543, 110
Trd, 4319050.893, 113
Trd, 4319052.793, 107
Trd, 4319053.343, 107
Trd, 4319056.243, 103
Trd, 4319056.593, 104
Trd, 4319058.143, 95
Trd, 4319058.443, 96
Trd, 4319059.343, 94
Trd, 4319060.793, 93
Trd, 4319062.143, 94
Trd, 4319063.593, 93
Trd, 4319064.043, 113
Trd, 4319064.443, 105
Trd, 4319065.143, 112
Trd, 4319066.193, 110
Trd, 4319067.743, 109
Trd, 4319069.393, 93
Trd, 4319070.843, 102
Trd, 4319071.493, 103
Trd, 4319072.893, 105
Trd, 4319073.893, 100
Trd, 4319076.043, 102
Trd, 4319076.993, 101
Trd, 4319077.343, 102
Trd, 4319078.443, 102
Trd, 4319078.493, 84
Trd, 4319081.093, 100
Trd, 4319082.493, 96
Trd, 4319083.743, 96
Trd, 4319083.993, 97
Trd, 4319084.493, 104
Trd, 4319086.343, 104
Trd, 4319086.593, 104
Trd, 4319086.843, 113
Trd, 4319088.793, 103
Trd, 4319088.943, 111
Trd, 4319089.743, 108
Trd, 4319093.843, 103
Trd, 4319094.293, 106
Trd, 4319095.143, 104
Trd, 4319095.293, 106
Trd, 4319097.443, 105
Trd, 4319097.493, 104
Trd, 4319098.993, 103
Trd, 4319100.943, 95
Trd, 4319102.243, 96
Trd, 4319102.593, 97
Trd, 4319102.843, 99
Trd, 4319105.343, 97
Trd, 4319105.693, 97
Trd, 4319108.643, 99
Trd, 4319109.693, 99
Trd, 4319110.393, 97
Trd, 4319110.743, 99
Trd, 4319112.193, 96
Trd, 4319112.893, 103
Trd, 4319112.943, 95
Trd, 4319114.693, 113
Trd, 4319115.643, 96
Trd, 4319117.493, 100
Trd, 4319118.643, 99
Trd, 4319118.843, 100
Trd, 4319119.893, 99
Trd, 4319121.543, 99
Trd, 4319121.643, 94
Trd, 4319124.393, 99
Trd, 4319127.293, 100
Trd, 4319129.443, 97
Trd, 4319129.693, 95
Trd, 4319130.393, 95
Trd, 4319132.343, 104
Trd, 4319133.243, 99
Trd, 4319134.143, 100
Trd, 4319135.293, 96
Trd, 4319137.393, 101
Trd, 4319138.143, 97
Trd, 4319139.593, 97
Trd, 4319140.443, 103
Trd, 4319141.693, 104
Trd, 4319141.993, 101
Trd, 4319142.393, 98
Trd, 4319144.793, 101
Trd, 4319145.093, 101
Trd, 4319146.443, 100
Trd, 4319147.143, 100
Trd, 4319148.693, 95
Trd, 4319148.993, 96
Trd, 4319152.043, 96
Trd, 4319152.243, 94
Trd, 4319154.143, 95
Trd, 4319154.193, 95
Trd, 4319155.743, 94
Trd, 4319156.493, 101
Trd, 4319157.043, 79
Trd, 4319157.593, 91
Trd, 4319159.843, 92
Trd, 4319163.743, 89
Trd, 4319164.593, 90
Trd, 4319165.043, 88
Trd, 4319165.193, 87
Trd, 4319167.743, 88
Trd, 4319168.743, 89
Trd, 4319169.243, 89
Trd, 4319170.843, 95
Trd, 4319171.143, 103
Trd, 4319171.643, 96
Trd, 4319173.993, 95
Trd, 4319176.443, 97
Trd, 4319177.443, 104
Trd, 4319179.693, 98
Trd, 4319180.693, 97
Trd, 4319180.743, 98
Trd, 4319181.143, 95
Trd, 4319182.693, 95
Trd, 4319183.943, 96
Trd, 4319185.893, 103
Trd, 4319186.543, 98
Trd, 4319188.193, 98
Trd, 4319190.443, 96
Trd, 4319191.243, 99
Trd, 4319191.293, 94
Trd, 4319191.743, 100
Trd, 4319194.043, 100
Trd, 4319194.143, 98
Trd, 4319196.143, 100
Trd, 4319196.643, 100
Trd, 4319198.493, 99
Trd, 4319199.943, 99
Trd, 4319200.343, 101
Trd, 4319202.643, 101
Trd, 4319204.393, 100
Trd, 4319204.593, 101
Trd, 4319204.843, 99
Trd, 4319206.293, 99
Trd, 4319207.943, 100
Trd, 4319208.493, 98
Trd, 4319210.193, 100
Trd, 4319211.293, 100
Trd, 4319212.843, 100
Trd, 4319212.893, 97
Trd, 4319215.343, 97
Trd, 4319216.643, 95
Trd, 4319216.993, 96
Trd, 4319219.043, 95
Trd, 4319220.693, 94
Trd, 4319220.843, 94
Trd, 4319222.593, 98
Trd, 4319223.343, 96
Trd, 4319223.943, 95
Trd, 4319224.593, 94
Trd, 4319225.343, 95
Trd, 4319225.993, 99
Trd, 4319226.543, 94
Trd, 4319226.843, 104
Trd, 4319229.443, 94
Trd, 4319229.843, 95
Trd, 4319231.343, 95
Trd, 4319231.893, 94
Trd, 4319235.343, 95
Trd, 4319235.843, 96
Trd, 4319235.893, 95
Trd, 4319237.443, 97
Trd, 4319238.743, 96
Trd, 4319240.343, 97
Trd, 4319241.643, 95
Trd, 4319242.993, 94
Trd, 4319244.293, 97
Trd, 4319245.343, 96
Trd, 4319247.143, 95
Trd, 4319247.493, 96
Trd, 4319247.843, 113
Trd, 4319249.293, 101
Trd, 4319249.593, 97
Trd, 4319251.693, 101
Trd, 4319253.643, 99
Trd, 4319255.093, 96
Trd, 4319255.243, 96
Trd, 4319256.593, 94
Trd, 4319257.643, 96
Trd, 4319260.143, 96
Trd, 4319260.193, 95
Trd, 4319261.193, 96
Trd, 4319263.193, 101
Trd, 4319264.093, 104
Trd, 4319265.043, 101
Trd, 4319267.543, 102
Trd, 4319267.743, 101
Trd, 4319269.343, 103
Trd, 4319271.743, 102
Trd, 4319271.993, 101
Trd, 4319273.343, 100
Trd, 4319273.893, 103
Trd, 4319274.793, 94
Trd, 4319278.043, 98
Trd, 4319278.193, 100
Trd, 4319279.093, 103
Trd, 4319280.193, 104
Trd, 4319280.243, 103
Trd, 4319283.193, 122
Trd, 4319283.693, 115
Trd, 4319284.743, 116
Trd, 4319285.443, 113
Trd, 4319288.293, 104
Trd, 4319290.093, 98
Trd, 4319290.143, 99
Trd, 4319291.543, 100
Trd, 4319292.443, 104
Trd, 4319292.993, 114
Trd, 4319293.193, 98
Trd, 4319297.443, 98
Trd, 4319297.543, 106
Trd, 4319299.493, 102
Trd, 4319301.493, 101
Trd, 4319301.543, 102
Trd, 4319303.493, 101
Trd, 4319303.593, 98
Trd, 4319306.443, 101
Trd, 4319306.743, 98
Trd, 4319308.093, 94
Trd, 4319310.343, 99
Trd, 4319312.293, 99
Trd, 4319313.093, 99
Trd, 4319314.293, 97
Trd, 4319314.743, 98
Trd, 4319315.393, 96
Trd, 4319316.543, 94
Trd, 4319316.743, 104
Trd, 4319317.243, 101
Trd, 4319318.893, 92
Trd, 4319321.343, 95
Trd, 4319322.093, 95
Trd, 4319323.343, 98
Trd, 4319326.043, 97
Trd, 4319327.293, 96
Trd, 4319327.943, 96
Trd, 4319328.143, 97
Trd, 4319329.793, 94
Trd, 4319330.493, 93
Trd, 4319331.443, 95
Trd, 4319332.843, 93
Trd, 4319334.943, 95
Trd, 4319336.943, 100
Trd, 4319339.193, 103
Trd, 4319339.993, 98
Trd, 4319340.593, 96
Trd, 4319340.743, 98
Trd, 4319341.193, 99
Trd, 4319343.793, 96
Trd, 4319344.593, 97
Trd, 4319345.343, 104
Trd, 4319346.793, 100
Trd, 4319347.993, 96
Trd, 4319348.493, 98
Trd, 4319351.393, 97
Trd, 4319352.193, 98
Trd, 4319352.243, 101
Trd, 4319353.593, 103
Trd, 4319356.093, 98
Trd, 4319356.343, 98
Trd, 4319357.693, 95
Trd, 4319357.943, 95
Trd, 4319358.993, 94
Trd, 4319360.793, 93
Trd, 4319361.943, 92
Trd, 4319362.343, 95
Trd, 4319363.193, 113
Trd, 4319367.643, 96
Trd, 4319368.643, 95
Trd, 4319368.743, 94
Trd, 4319369.293, 93
Trd, 4319369.343, 97
Trd, 4319371.793, 100
Trd, 4319376.093, 92
Trd, 4319376.343, 95
Trd, 4319378.143, 95
Trd, 4319379.593, 99
Trd, 4319381.143, 98
Trd, 4319381.193, 98
Trd, 4319381.643, 98
Trd, 4319383.193, 95
Trd, 4319383.493, 96
Trd, 4319384.293, 96
Trd, 4319385.293, 97
Trd, 4319385.393, 95
Trd, 4319386.693, 94
Trd, 4319388.693, 98
Trd, 4319389.643, 98
Trd, 4319393.593, 98
Trd, 4319393.943, 99
Trd, 4319394.193, 97
Trd, 4319395.043, 99
Trd, 4319395.893, 98
Trd, 4319396.243, 100
Trd, 4319398.693, 104
Trd, 4319399.843, 98
Trd, 4319402.643, 100
Trd, 4319402.793, 109
Trd, 4319404.043, 106
Trd, 4319406.593, 102
Trd, 4319407.143, 102
Trd, 4319407.843, 104
Trd, 4319409.993, 101
Trd, 4319411.543, 99
Trd, 4319411.693, 97
Trd, 4319411.793, 102
Trd, 4319414.593, 98
Trd, 4319416.293, 96
Trd, 4319416.543, 94
Trd, 4319417.693, 104
Trd, 4319419.643, 100
Trd, 4319421.143, 99
Trd, 4319423.093, 96
Trd, 4319423.943, 97
Trd, 4319424.843, 96
Trd, 4319425.143, 97
Trd, 4319425.293, 104
Trd, 4319428.193, 99
Trd, 4319429.943, 98
Trd, 4319431.043, 99
Trd, 4319431.293, 99
Trd, 4319432.543, 99
Trd, 4319433.293, 85
Trd, 4319433.393, 103
Trd, 4319435.843, 97
Trd, 4319437.943, 94
Trd, 4319438.093, 104
Trd, 4319438.343, 105
Trd, 4319439.893, 100
Trd, 4319441.743, 98
Trd, 4319442.443, 98
Trd, 4319446.743, 104
Trd, 4319447.143, 102
Trd, 4319448.493, 105
Trd, 4319448.743, 103
Trd, 4319449.393, 104
Trd, 4319450.043, 110
Trd, 4319452.193, 112
Trd, 4319452.343, 94
Trd, 4319453.893, 98
Trd, 4319456.793, 94
Trd, 4319457.093, 99
Trd, 4319458.793, 96
Trd, 4319459.443, 104
Trd, 4319460.193, 99
Trd, 4319460.443, 112
Trd, 4319462.043, 111
Trd, 4319463.343, 104
Trd, 4319464.443, 105
Trd, 4319466.443, 104
Trd, 4319469.193, 104
Trd, 4319469.643, 105
Trd, 4319470.793, 104
Trd, 4319471.843, 103
Trd, 4319472.393, 105
Trd, 4319473.893, 103
Trd, 4319474.293, 102
Trd, 4319474.743, 105
Trd, 4319476.243, 104
Trd, 4319477.843, 103
Trd, 4319478.743, 104
Trd, 4319480.443, 98
Trd, 4319481.143, 98
Trd, 4319481.393, 98
Trd, 4319481.543, 94
Trd, 4319483.593, 95
Trd, 4319483.843, 96
Trd, 4319486.443, 95
Trd, 4319488.243, 95
Trd, 4319488.893, 95
Trd, 4319489.343, 95
Trd, 4319491.493, 113
Trd, 4319493.943, 96
Trd, 4319494.093, 95
Trd, 4319495.193, 98
Trd, 4319496.793, 95
Trd, 4319497.843, 96
Trd, 4319499.393, 95
Trd, 4319499.693, 94
Trd, 4319500.643, 92
Trd, 4319501.393, 95
Trd, 4319502.543, 91
Trd, 4319503.943, 95
Trd, 4319506.593, 92
Trd, 4319507.093, 92
Trd, 4319507.193, 90
Trd, 4319507.543, 93
Trd, 4319507.943, 95
Trd, 4319511.343, 94
Trd, 4319511.493, 94
Trd, 4319513.543, 95
Trd, 4319514.493, 96
Trd, 4319514.743, 104
Trd, 4319516.243, 113
Trd, 4319516.743, 113
Trd, 4319517.293, 108
Trd, 4319520.493, 106
Trd, 4319521.393, 105
Trd, 4319522.193, 95
Trd, 4319522.443, 94
Trd, 4319524.593, 91
Trd, 4319524.893, 92
Trd, 4319525.643, 92
Trd, 4319526.593, 97
Trd, 4319526.843, 104
Trd, 4319528.443, 113
Trd, 4319529.793, 109
Trd, 4319530.793, 108
Trd, 4319532.593, 111
Trd, 4319533.193, 108
Trd, 4319534.293, 107
Trd, 4319535.843, 93
Trd, 4319537.243, 100
Trd, 4319539.993, 97
Trd, 4319540.593, 95
Trd, 4319540.943, 95
Trd, 4319541.193, 94
Trd, 4319542.143, 113
Trd, 4319543.343, 95
Trd, 4319544.193, 105
Trd, 4319546.943, 98
Trd, 4319547.193, 97
Trd, 4319547.243, 98
Trd, 4319548.293, 94
Trd, 4319551.143, 96
Trd, 4319551.543, 94
Trd, 4319552.743, 94
Trd, 4319552.843, 95
Trd, 4319553.943, 94
Trd, 4319555.143, 96
Trd, 4319556.793, 96
Trd, 4319556.993, 92
Trd, 4319557.943, 104
Trd, 4319560.493, 98
Trd, 4319562.243, 111
Trd, 4319563.143, 102
Trd, 4319563.743, 104
Trd, 4319565.293, 102
Trd, 4319565.793, 101
Trd, 4319566.043, 101
Trd, 4319567.293, 101
Trd, 4319568.343, 85
Trd, 4319569.693, 104
Trd, 4319571.693, 96
Trd, 4319572.293, 102
Trd, 4319573.143, 100
Trd, 4319575.143, 100
Trd, 4319575.293, 100
Trd, 4319575.793, 102
Trd, 4319579.043, 100
Trd, 4319579.493, 100
Trd, 4319580.043, 102
Trd, 4319581.293, 100
Trd, 4319581.993, 102
Trd, 4319582.693, 100
Trd, 4319583.543, 94
Trd, 4319584.943, 84
Trd, 4319586.893, 95
Trd, 4319588.393, 95
Trd, 4319589.743, 94
Trd, 4319590.943, 99
Trd, 4319593.243, 94
Trd, 4319594.293, 94
Trd, 4319594.793, 94
Trd, 4319594.843, 102
Trd, 4319596.443, 95
Trd, 4319596.993, 95
Trd, 4319598.593, 94
Trd, 4319600.093, 97
Trd, 4319603.093, 93
Trd, 4319603.643, 94
Trd, 4319604.393, 93
Trd, 4319604.643, 93
Trd, 4319605.293, 95
Trd, 4319607.443, 94
Trd, 4319608.143, 101
Trd, 4319609.393, 104
Trd, 4319609.543, 106
Trd, 4319609.793, 96
Trd, 4319611.993, 103
Trd, 4319612.693, 98
Trd, 4319613.193, 96
Trd, 4319615.143, 101
Trd, 4319615.643, 102
Trd, 4319616.643, 98
Trd, 4319619.143, 97
Trd, 4319619.593, 97
Trd, 4319621.443, 96
Trd, 4319623.143, 95
Trd, 4319623.493, 97
Trd, 4319624.693, 94
Trd, 4319624.843, 95
Trd, 4319625.493, 113
Trd, 4319627.643, 95
Trd, 4319628.343, 96
Trd, 4319628.393, 95
Trd, 4319631.043, 96
Trd, 4319632.143, 102
Trd, 4319633.143, 98
Trd, 4319633.343, 99
Trd, 4319633.443, 96
Trd, 4319635.843, 96
Trd, 4319637.943, 99
Trd, 4319638.693, 100
Trd, 4319640.143, 99
Trd, 4319643.343, 98
Trd, 4319643.743, 97
Trd, 4319646.843, 97
Trd, 4319646.993, 102
Trd, 4319647.843, 96
Trd, 4319648.143, 104
Trd, 4319651.743, 98
Trd, 4319652.643, 96
Trd, 4319652.843, 97
Trd, 4319653.343, 97
Trd, 4319653.993, 103
Trd, 4319656.593, 95
Trd, 4319656.893, 102
Trd, 4319658.393, 101
Trd, 4319659.543, 97
Trd, 4319661.893, 97
Trd, 4319662.493, 104
Trd, 4319664.443, 96
Trd, 4319665.443, 109
Trd, 4319665.743, 110
Trd, 4319666.543, 95
Trd, 4319667.343, 103
Trd, 4319669.943, 82
Trd, 4319671.143, 99
Trd, 4319671.893, 97
Trd, 4319672.943, 95
Trd, 4319676.343, 94
Trd, 4319677.593, 94
Trd, 4319677.993, 93
Trd, 4319679.093, 97
Trd, 4319680.493, 96
Trd, 4319680.843, 94
Trd, 4319681.493, 95
Trd, 4319684.893, 93
Trd, 4319685.093, 93
Trd, 4319686.093, 99
Trd, 4319687.443, 104
Trd, 4319688.843, 99
Trd, 4319690.893, 98
Trd, 4319691.693, 95
Trd, 4319692.893, 96
Trd, 4319694.143, 94
Trd, 4319694.343, 98
Trd, 4319694.743, 100
Trd, 4319696.393, 103
Trd, 4319696.743, 93
Trd, 4319697.093, 102
Trd, 4319701.343, 97
Trd, 4319702.443, 97
Trd, 4319704.443, 101
Trd, 4319704.693, 104
Trd, 4319704.743, 99
Trd, 4319706.143, 100
Trd, 4319706.893, 98
Trd, 4319707.393, 104
Trd, 4319709.193, 112
Trd, 4319710.493, 98
Trd, 4319712.743, 98
Trd, 4319713.943, 100
Trd, 4319715.143, 101
Trd, 4319715.643, 99
Trd, 4319716.543, 100
Trd, 4319719.193, 102
Trd, 4319720.993, 100
Trd, 4319721.093, 99
Trd, 4319721.543, 101
Trd, 4319721.793, 104
Trd, 4319724.293, 103
Trd, 4319725.843, 99
Trd, 4319726.043, 99
Trd, 4319726.743, 98
Trd, 4319729.393, 99
Trd, 4319729.843, 97
Trd, 4319731.393, 97
Trd, 4319734.393, 102
Trd, 4319734.943, 95
Trd, 4319736.393, 95
Trd, 4319738.743, 95
Trd, 4319738.943, 82
Trd, 4319739.793, 96
Trd, 4319740.143, 104
Trd, 4319741.243, 110
Trd, 4319743.093, 106
Trd, 4319743.493, 100
Trd, 4319746.293, 101
Trd, 4319748.843, 100
Trd, 4319749.243, 101
Trd, 4319750.293, 98
Trd, 4319750.793, 94
Trd, 4319750.943, 98
Trd, 4319752.893, 98
Trd, 4319755.043, 99
Trd, 4319755.693, 97
Trd, 4319755.743, 98
Trd, 4319758.143, 100
Trd, 4319759.843, 99
Trd, 4319761.543, 101
Trd, 4319761.643, 104
Trd, 4319763.043, 103
Trd, 4319764.243, 103
Trd, 4319764.943, 103
Trd, 4319765.743, 104
Trd, 4319766.593, 102
Trd, 4319766.843, 122
Trd, 4319770.043, 103
Trd, 4319770.993, 103
Trd, 4319771.193, 103
Trd, 4319771.893, 103
Trd, 4319773.093, 103
Trd, 4319774.893, 104
Trd, 4319775.343, 102
Trd, 4319776.343, 101
Trd, 4319777.593, 103
Trd, 4319778.693, 101
Trd, 4319779.843, 101
Trd, 4319779.893, 99
Trd, 4319780.793, 98
Trd, 4319782.493, 101
Trd, 4319785.443, 98
Trd, 4319786.093, 101
Trd, 4319786.243, 103
Trd, 4319786.493, 97
Trd, 4319788.243, 97
Trd, 4319789.593, 98
Trd, 4319790.293, 98
Trd, 4319791.293, 97
Trd, 4319792.543, 98
Trd, 4319793.943, 104
Trd, 4319794.743, 100
Trd, 4319795.793, 94
Trd, 4319796.193, 96
Trd, 4319796.493, 104
Trd, 4319797.143, 112
Trd, 4319798.443, 102
Trd, 4319798.893, 113
Trd, 4319799.243, 85
Trd, 4319802.093, 104
Trd, 4319802.443, 103
Trd, 4319802.893, 104
Trd, 4319803.143, 105
Trd, 4319806.543, 103
Trd, 4319807.743, 102
Trd, 4319807.893, 101
Trd, 4319808.343, 96
Trd, 4319809.643, 100
Trd, 4319813.093, 98
Trd, 4319813.393, 96
Trd, 4319814.493, 98
Trd, 4319817.193, 96
Trd, 4319818.443, 96
Trd, 4319819.793, 95
Trd, 4319819.993, 96
Trd, 4319821.193, 94
Trd, 4319821.943, 101
Trd, 4319822.843, 104
Trd, 4319823.643, 113
Trd, 4319824.943, 112
Trd, 4319826.193, 112
Trd, 4319826.843, 109
Trd, 4319828.743, 109
Trd, 4319829.493, 110
Trd, 4319829.993, 96
Trd, 4319832.493, 104
Trd, 4319833.543, 104
Trd, 4319833.993, 93
Trd, 4319834.243, 104
Trd, 4319835.093, 94
Trd, 4319835.343, 94
Trd, 4319836.143, 84
Trd, 4319837.043, 95
Trd, 4319839.543, 94
Trd, 4319839.993, 95
Trd, 4319841.093, 97
Trd, 4319842.393, 94
Trd, 4319842.893, 103
Trd, 4319846.943, 101
Trd, 4319848.443, 97
Trd, 4319848.593, 97
Trd, 4319848.643, 104
Trd, 4319849.543, 97
Trd, 4319850.743, 96
Trd, 4319851.743, 101
Trd, 4319852.593, 99
Trd, 4319854.193, 97
Trd, 4319854.843, 96
Trd, 4319858.393, 95
Trd, 4319859.393, 95
Trd, 4319860.293, 99
Trd, 4319860.843, 95
Trd, 4319863.543, 94
Trd, 4319865.593, 93
Trd, 4319866.293, 92
Trd, 4319867.243, 91
Trd, 4319868.143, 92
Trd, 4319868.993, 97
Trd, 4319871.743, 98
Trd, 4319872.593, 95
Trd, 4319873.243, 95
Trd, 4319873.593, 95
Trd, 4319874.643, 113
Trd, 4319875.793, 95
Trd, 4319877.043, 96
Trd, 4319877.693, 95
Trd, 4319880.443, 103
Trd, 4319881.243, 94
Trd, 4319882.443, 96
Trd, 4319885.493, 99
Trd, 4319885.543, 95
Trd, 4319889.343, 101
Trd, 4319889.443, 95
Trd, 4319890.043, 113
Trd, 4319890.693, 94
Trd, 4319891.643, 95
Trd, 4319893.493, 101
Trd, 4319893.893, 94
Trd, 4319895.243, 101
Trd, 4319895.743, 99
Trd, 4319897.143, 95
Trd, 4319897.743, 112
Trd, 4319900.193, 102
Trd, 4319900.243, 106
Trd, 4319901.643, 102
Trd, 4319902.093, 103
Trd, 4319902.293, 122
Trd, 4319903.343, 101
Trd, 4319906.993, 104
Trd, 4319907.443, 105
Trd, 4319907.743, 104
Trd, 4319909.693, 103
Trd, 4319910.393, 113
Trd, 4319912.093, 104
Trd, 4319912.193, 106
Trd, 4319912.693, 103
Trd, 4319913.443, 122
Trd, 4319913.493, 101
Trd, 4319915.493, 99
Trd, 4319915.943, 113
Trd, 4319916.043, 93
Trd, 4319916.593, 119
Trd, 4319920.243, 104
Trd, 4319920.343, 101
Trd, 4319923.343, 98
Trd, 4319923.593, 99
Trd, 4319926.543, 115
Trd, 4319927.093, 126
Trd, 4319930.393, 125
Trd, 4319931.943, 121
Trd, 4319931.993, 124
Trd, 4319933.293, 119
Trd, 4319933.743, 112
Trd, 4319936.043, 113
Trd, 4319936.743, 104
Trd, 4319938.343, 112
Trd, 4319939.193, 108
Trd, 4319941.043, 105
Trd, 4319941.193, 93
Trd, 4319941.443, 94
Trd, 4319942.893, 111
Trd, 4319945.393, 97
Trd, 4319945.543, 122
Trd, 4319946.293, 113
Trd, 4319948.593, 108
Trd, 4319949.093, 107
Trd, 4319949.193, 104
Trd, 4319951.343, 108
Trd, 4319951.893, 108
Trd, 4319953.943, 105
Trd, 4319954.293, 104
Trd, 4319955.993, 108
Trd, 4319956.593, 104
Trd, 4319959.143, 105
Trd, 4319959.793, 104
Trd, 4319960.543, 103
Trd, 4319963.093, 101
Trd, 4319963.143, 101
Trd, 4319964.943, 97
Trd, 4319965.393, 94
Trd, 4319966.643, 96
Trd, 4319966.793, 95
Trd, 4319967.443, 96
Trd, 4319968.893, 95
Trd, 4319970.043, 95
Trd, 4319970.093, 96
Trd, 4319970.543, 104
Trd, 4319974.043, 113
Trd, 4319974.143, 99
Trd, 4319975.243, 105
Trd, 4319976.893, 104
Trd, 4319978.793, 103
Trd, 4319979.943, 102
Trd, 4319981.143, 102
Trd, 4319981.893, 95
Trd, 4319984.493, 77
Trd, 4319985.793, 94
Trd, 4319985.843, 96
Trd, 4319987.293, 94
Trd, 4319987.393, 89
Trd, 4319990.643, 90
Trd, 4319992.093, 90
Trd, 4319992.893, 89
Trd, 4319993.343, 89
Trd, 4319993.693, 90
Trd, 4319996.793, 91
Trd, 4319997.993, 90
Trd, 4319998.543, 91
Trd, 4319998.843, 91
Trd, 4319999.243, 90
