Trd, 4317834.343, 97
Trd, 4317834.693, 113
Trd, 4317836.593, 97
Trd, 4317839.493, 98
Trd, 4317840.393, 95
Trd, 4317842.643, 93
Trd, 4317842.693, 94
Trd, 4317846.393, 98
Trd, 4317846.993, 92
Trd, 4317847.393, 97
Trd, 4317849.493, 97
Trd, 4317850.693, 95
Trd, 4317853.443, 95
Trd, 4317853.543, 95
Trd, 4317854.243, 94
Trd, 4317854.693, 95
Trd, 4317858.443, 96
Trd, 4317862.393, 94
Trd, 4317862.843, 104
Trd, 4317864.443, 99
Trd, 4317865.593, 93
Trd, 4317865.943, 98
Trd, 4317870.093, 93
Trd, 4317870.143, 92
Trd, 4317870.343, 93
Trd, 4317872.093, 104
Trd, 4317873.743, 101
Trd, 4317874.793, 104
Trd, 4317876.743, 102
Trd, 4317877.043, 102
Trd, 4317879.093, 100
Trd, 4317880.943, 88
Trd, 4317881.493, 88
Trd, 4317881.543, 76
Trd, 4317883.443, 88
Trd, 4317883.993, 93
Trd, 4317887.043, 90
Trd, 4317888.743, 89
Trd, 4317889.443, 90
Trd, 4317890.893, 88
Trd, 4317892.893, 90
Trd, 4317894.593, 88
Trd, 4317895.193, 97
Trd, 4317896.693, 95
Trd, 4317898.443, 94
Trd, 4317899.993, 96
Trd, 4317900.243, 97
Trd, 4317904.093, 97
Trd, 4317904.893, 96
Trd, 4317904.943, 97
Trd, 4317904.993, 98
Trd, 4317907.393, 102
Trd, 4317908.543, 101
Trd, 4317909.743, 104
Trd, 4317912.243, 99
Trd, 4317913.393, 104
Trd, 4317915.293, 102
Trd, 4317916.943, 93
Trd, 4317917.193, 102
Trd, 4317917.343, 104
Trd, 4317918.793, 112
Trd, 4317920.493, 108
Trd, 4317922.443, 103
Trd, 4317922.493, 105
Trd, 4317924.843, 104
Trd, 4317925.343, 112
Trd, 4317927.193, 102
Trd, 4317931.293, 100
Trd, 4317931.343, 101
Trd, 4317931.543, 101
Trd, 4317933.943, 99
Trd, 4317937.243, 98
Trd, 4317937.443, 99
Trd, 4317937.593, 83
Trd, 4317940.993, 94
Trd, 4317941.443, 95
Trd, 4317943.993, 95
Trd, 4317944.443, 92
Trd, 4317945.293, 90
Trd, 4317945.593, 94
Trd, 4317945.893, 92
Trd, 4317947.193, 99
Trd, 4317948.193, 96
Trd, 4317949.193, 94
Trd, 4317950.543, 94
Trd, 4317950.993, 96
Trd, 4317953.743, 96
Trd, 4317955.643, 93
Trd, 4317956.643, 93
Trd, 4317958.993, 92
Trd, 4317962.443, 98
Trd, 4317963.443, 97
Trd, 4317963.743, 96
Trd, 4317964.093, 103
Trd, 4317966.143, 100
Trd, 4317967.043, 96
Trd, 4317970.443, 95
Trd, 4317970.843, 103
Trd, 4317972.693, 99
Trd, 4317973.643, 98
Trd, 4317974.993, 94
Trd, 4317977.843, 95
Trd, 4317979.093, 93
Trd, 4317979.293, 93
Trd, 4317979.593, 96
Trd, 4317979.643, 104
Trd, 4317983.893, 99
Trd, 4317984.443, 99
Trd, 4317985.043, 98
Trd, 4317985.193, 99
Trd, 4317988.643, 99
Trd, 4317992.643, 98
Trd, 4317992.943, 97
Trd, 4317995.543, 103
Trd, 4317998.443, 99
Trd, 4317999.093, 98
Trd, 4317999.143, 99
Trd, 4317999.393, 104
Trd, 4318002.593, 97
Trd, 4318004.043, 113
Trd, 4318006.193, 107
Trd, 4318008.043, 103
Trd, 4318009.293, 104
Trd, 4318010.643, 104
Trd, 4318011.793, 103
Trd, 4318012.343, 103
Trd, 4318012.443, 104
Trd, 4318013.543, 100
Trd, 4318014.843, 95
Trd, 4318017.393, 94
Trd, 4318020.443, 96
Trd, 4318021.643, 95
Trd, 4318023.043, 93
Trd, 4318023.193, 94
Trd, 4318024.743, 103
Trd, 4318025.243, 104
Trd, 4318028.943, 98
Trd, 4318030.893, 97
Trd, 4318031.143, 96
Trd, 4318031.243, 99
Trd, 4318032.093, 104
Trd, 4318033.693, 94
Trd, 4318035.293, 101
Trd, 4318037.093, 99
Trd, 4318038.793, 102
Trd, 4318039.493, 97
Trd, 4318042.893, 95
Trd, 4318042.943, 94
Trd, 4318043.643, 94
Trd, 4318046.193, 92
Trd, 4318046.493, 94
Trd, 4318048.443, 91
Trd, 4318049.593, 90
Trd, 4318051.193, 104
Trd, 4318052.643, 105
Trd, 4318056.693, 97
Trd, 4318057.543, 96
Trd, 4318059.643, 95
Trd, 4318059.693, 95
Trd, 4318063.093, 94
Trd, 4318063.193, 92
Trd, 4318064.143, 95
Trd, 4318064.943, 106
Trd, 4318068.843, 93
Trd, 4318069.293, 91
Trd, 4318069.443, 93
Trd, 4318072.693, 90
Trd, 4318074.343, 92
Trd, 4318075.143, 88
Trd, 4318075.893, 89
Trd, 4318077.793, 104
Trd, 4318081.243, 103
Trd, 4318082.193, 93
Trd, 4318083.993, 97
Trd, 4318085.943, 97
Trd, 4318088.093, 97
Trd, 4318089.543, 95
Trd, 4318089.743, 94
Trd, 4318090.143, 94
Trd, 4318091.693, 95
Trd, 4318092.443, 96
Trd, 4318094.393, 103
Trd, 4318094.693, 97
Trd, 4318094.943, 113
Trd, 4318096.393, 99
Trd, 4318100.343, 99
Trd, 4318102.543, 96
Trd, 4318106.543, 96
Trd, 4318106.993, 94
Trd, 4318107.493, 95
Trd, 4318108.243, 103
Trd, 4318108.793, 99
Trd, 4318111.343, 98
Trd, 4318111.693, 96
Trd, 4318112.593, 95
Trd, 4318112.643, 93
Trd, 4318115.293, 92
Trd, 4318116.793, 92
Trd, 4318117.193, 113
Trd, 4318118.193, 97
Trd, 4318120.243, 96
Trd, 4318122.143, 93
Trd, 4318123.843, 96
Trd, 4318125.043, 96
Trd, 4318125.293, 107
Trd, 4318125.693, 102
Trd, 4318127.993, 102
Trd, 4318128.043, 103
Trd, 4318130.543, 102
Trd, 4318130.743, 100
Trd, 4318132.243, 102
Trd, 4318134.093, 103
Trd, 4318136.593, 100
Trd, 4318136.793, 113
Trd, 4318140.893, 100
Trd, 4318141.543, 98
Trd, 4318144.243, 97
Trd, 4318144.743, 98
Trd, 4318145.043, 97
Trd, 4318148.043, 96
Trd, 4318148.393, 97
Trd, 4318149.593, 96
Trd, 4318150.493, 98
Trd, 4318151.093, 104
Trd, 4318154.943, 95
Trd, 4318155.943, 96
Trd, 4318156.143, 95
Trd, 4318156.243, 94
Trd, 4318156.893, 105
Trd, 4318161.143, 96
Trd, 4318161.693, 99
Trd, 4318163.843, 94
Trd, 4318163.943, 96
Trd, 4318165.143, 94
Trd, 4318165.443, 95
Trd, 4318165.743, 105
Trd, 4318168.043, 101
Trd, 4318169.143, 97
Trd, 4318170.643, 96
Trd, 4318171.493, 96
Trd, 4318172.393, 96
Trd, 4318175.943, 95
Trd, 4318176.243, 95
Trd, 4318176.293, 96
Trd, 4318176.793, 109
Trd, 4318178.293, 103
Trd, 4318180.143, 103
Trd, 4318181.343, 97
Trd, 4318183.193, 99
Trd, 4318183.643, 94
Trd, 4318183.993, 100
Trd, 4318185.143, 102
Trd, 4318187.843, 100
Trd, 4318188.793, 100
Trd, 4318192.043, 100
Trd, 4318193.693, 98
Trd, 4318193.793, 94
Trd, 4318195.043, 91
Trd, 4318195.243, 90
Trd, 4318197.193, 96
Trd, 4318197.543, 94
Trd, 4318197.743, 104
Trd, 4318200.043, 100
Trd, 4318200.843, 100
Trd, 4318203.293, 98
Trd, 4318205.493, 97
Trd, 4318208.443, 98
Trd, 4318209.693, 101
Trd, 4318210.943, 101
Trd, 4318211.243, 102
Trd, 4318211.743, 113
Trd, 4318213.993, 101
Trd, 4318214.043, 100
Trd, 4318214.743, 94
Trd, 4318215.943, 90
Trd, 4318217.193, 97
Trd, 4318219.793, 92
Trd, 4318220.943, 93
Trd, 4318221.643, 93
Trd, 4318221.743, 91
Trd, 4318223.043, 95
Trd, 4318224.343, 105
Trd, 4318226.993, 110
Trd, 4318228.943, 100
Trd, 4318229.643, 98
Trd, 4318235.193, 90
Trd, 4318236.243, 92
Trd, 4318236.793, 91
Trd, 4318236.843, 89
Trd, 4318239.893, 98
Trd, 4318241.293, 92
Trd, 4318242.043, 88
Trd, 4318242.293, 88
Trd, 4318242.543, 90
Trd, 4318245.843, 87
Trd, 4318247.043, 89
Trd, 4318247.943, 88
Trd, 4318249.293, 88
Trd, 4318249.443, 89
Trd, 4318253.193, 91
Trd, 4318254.343, 90
Trd, 4318254.893, 91
Trd, 4318255.393, 89
Trd, 4318256.393, 91
Trd, 4318258.393, 88
Trd, 4318263.843, 88
Trd, 4318265.393, 89
Trd, 4318266.143, 88
Trd, 4318266.843, 90
Trd, 4318268.893, 87
Trd, 4318269.393, 89
Trd, 4318270.343, 101
Trd, 4318272.893, 100
Trd, 4318273.643, 98
Trd, 4318275.293, 97
Trd, 4318276.293, 96
Trd, 4318277.593, 97
Trd, 4318279.443, 95
Trd, 4318281.343, 94
Trd, 4318281.993, 98
Trd, 4318285.343, 93
Trd, 4318285.593, 93
Trd, 4318285.693, 95
Trd, 4318286.493, 94
Trd, 4318286.693, 95
Trd, 4318290.243, 95
Trd, 4318291.943, 100
Trd, 4318293.543, 104
Trd, 4318296.743, 95
Trd, 4318297.443, 95
Trd, 4318297.843, 96
Trd, 4318298.243, 95
Trd, 4318298.943, 92
Trd, 4318300.043, 92
Trd, 4318301.243, 103
Trd, 4318303.243, 103
Trd, 4318305.743, 92
Trd, 4318306.393, 99
Trd, 4318308.693, 92
Trd, 4318310.493, 93
Trd, 4318310.643, 93
Trd, 4318311.443, 104
Trd, 4318312.593, 113
Trd, 4318315.143, 110
Trd, 4318315.593, 110
Trd, 4318316.943, 105
Trd, 4318317.143, 108
Trd, 4318318.743, 104
Trd, 4318321.093, 104
Trd, 4318321.643, 111
Trd, 4318323.043, 102
Trd, 4318327.143, 92
Trd, 4318327.343, 95
Trd, 4318327.393, 97
Trd, 4318329.793, 96
Trd, 4318332.143, 95
Trd, 4318333.443, 93
Trd, 4318333.643, 95
Trd, 4318333.743, 97
Trd, 4318336.343, 97
Trd, 4318338.443, 97
Trd, 4318339.393, 100
Trd, 4318340.543, 97
Trd, 4318340.843, 97
Trd, 4318340.993, 93
Trd, 4318341.243, 98
Trd, 4318345.193, 97
Trd, 4318346.893, 88
Trd, 4318347.193, 95
Trd, 4318348.943, 95
Trd, 4318349.143, 103
Trd, 4318352.543, 97
Trd, 4318353.843, 97
Trd, 4318354.293, 96
Trd, 4318355.243, 96
Trd, 4318359.093, 96
Trd, 4318359.443, 95
Trd, 4318360.893, 93
Trd, 4318362.393, 94
Trd, 4318363.943, 92
Trd, 4318364.193, 104
Trd, 4318367.393, 93
Trd, 4318367.643, 93
Trd, 4318368.493, 91
Trd, 4318371.693, 92
Trd, 4318372.943, 92
Trd, 4318373.643, 91
Trd, 4318373.843, 90
Trd, 4318375.243, 89
Trd, 4318376.943, 88
Trd, 4318377.543, 89
Trd, 4318378.743, 89
Trd, 4318380.943, 88
Trd, 4318381.243, 87
Trd, 4318382.693, 87
Trd, 4318383.793, 89
Trd, 4318387.443, 94
Trd, 4318387.743, 98
Trd, 4318388.193, 97
Trd, 4318389.593, 96
Trd, 4318393.043, 98
Trd, 4318394.093, 97
Trd, 4318394.843, 97
Trd, 4318394.893, 98
Trd, 4318395.593, 93
Trd, 4318397.193, 99
Trd, 4318401.843, 99
Trd, 4318403.543, 99
Trd, 4318409.243, 94
Trd, 4318409.343, 94
Trd, 4318410.243, 95
Trd, 4318410.643, 93
Trd, 4318411.293, 94
Trd, 4318411.993, 97
Trd, 4318415.343, 93
Trd, 4318415.943, 92
Trd, 4318416.593, 93
Trd, 4318416.643, 92
Trd, 4318418.993, 92
Trd, 4318421.243, 92
Trd, 4318422.493, 93
Trd, 4318423.143, 113
Trd, 4318426.243, 98
Trd, 4318429.143, 95
Trd, 4318430.693, 93
Trd, 4318431.143, 94
Trd, 4318431.593, 107
Trd, 4318432.193, 94
Trd, 4318435.193, 94
Trd, 4318437.993, 92
Trd, 4318439.293, 91
Trd, 4318441.093, 90
Trd, 4318441.143, 95
Trd, 4318442.843, 93
Trd, 4318443.493, 94
Trd, 4318445.243, 94
Trd, 4318447.843, 92
Trd, 4318450.243, 91
Trd, 4318450.693, 91
Trd, 4318452.543, 90
Trd, 4318452.793, 92
Trd, 4318455.093, 89
Trd, 4318455.693, 95
Trd, 4318457.993, 91
Trd, 4318459.143, 94
Trd, 4318460.743, 89
Trd, 4318461.743, 89
Trd, 4318462.043, 89
Trd, 4318462.493, 89
Trd, 4318464.293, 88
Trd, 4318466.793, 95
Trd, 4318469.293, 94
Trd, 4318470.493, 102
Trd, 4318471.243, 94
Trd, 4318472.443, 96
Trd, 4318472.693, 99
Trd, 4318476.643, 94
Trd, 4318478.193, 99
Trd, 4318478.843, 104
Trd, 4318480.443, 100
Trd, 4318483.743, 98
Trd, 4318485.093, 97
Trd, 4318485.843, 96
Trd, 4318488.243, 95
Trd, 4318488.793, 94
Trd, 4318489.043, 95
Trd, 4318489.843, 94
Trd, 4318491.843, 104
Trd, 4318495.143, 93
Trd, 4318495.343, 96
Trd, 4318497.093, 92
Trd, 4318497.193, 95
Trd, 4318498.543, 98
Trd, 4318498.893, 99
Trd, 4318500.343, 104
Trd, 4318502.293, 105
Trd, 4318502.843, 104
Trd, 4318505.193, 99
Trd, 4318505.243, 92
Trd, 4318505.593, 100
Trd, 4318509.293, 94
Trd, 4318510.993, 95
Trd, 4318511.593, 96
Trd, 4318514.593, 95
Trd, 4318515.993, 95
Trd, 4318518.093, 95
Trd, 4318519.643, 94
Trd, 4318520.243, 95
Trd, 4318520.993, 97
Trd, 4318522.593, 95
Trd, 4318522.843, 96
Trd, 4318525.293, 95
Trd, 4318527.843, 95
Trd, 4318528.493, 93
Trd, 4318528.593, 95
Trd, 4318528.843, 104
Trd, 4318536.593, 98
Trd, 4318537.143, 95
Trd, 4318539.243, 95
Trd, 4318539.993, 94
Trd, 4318540.393, 95
Trd, 4318541.543, 95
Trd, 4318544.293, 101
Trd, 4318547.593, 96
Trd, 4318548.043, 96
Trd, 4318548.293, 97
Trd, 4318549.843, 103
Trd, 4318550.693, 94
Trd, 4318552.143, 94
Trd, 4318552.743, 92
Trd, 4318553.343, 96
Trd, 4318553.843, 105
Trd, 4318553.943, 80
Trd, 4318554.643, 113
Trd, 4318556.743, 105
Trd, 4318559.743, 99
Trd, 4318559.843, 97
Trd, 4318560.093, 97
Trd, 4318561.493, 104
Trd, 4318562.093, 102
Trd, 4318563.343, 102
Trd, 4318566.043, 102
Trd, 4318566.693, 101
Trd, 4318566.793, 94
Trd, 4318567.943, 105
Trd, 4318568.343, 103
Trd, 4318572.093, 100
Trd, 4318572.293, 102
Trd, 4318573.393, 102
Trd, 4318575.043, 104
Trd, 4318578.193, 100
Trd, 4318578.393, 101
Trd, 4318578.593, 102
Trd, 4318580.793, 99
Trd, 4318581.643, 99
Trd, 4318581.943, 101
Trd, 4318585.643, 97
Trd, 4318585.793, 99
Trd, 4318586.243, 97
Trd, 4318589.143, 100
Trd, 4318593.043, 95
Trd, 4318594.343, 104
Trd, 4318594.593, 93
Trd, 4318595.893, 96
Trd, 4318597.043, 98
Trd, 4318597.643, 97
Trd, 4318598.343, 98
Trd, 4318599.493, 94
Trd, 4318600.093, 88
Trd, 4318600.593, 87
Trd, 4318601.843, 87
Trd, 4318603.043, 103
Trd, 4318607.093, 97
Trd, 4318609.543, 96
Trd, 4318609.593, 95
Trd, 4318610.243, 97
Trd, 4318613.043, 103
Trd, 4318614.643, 94
Trd, 4318615.093, 101
Trd, 4318620.643, 94
Trd, 4318620.843, 95
Trd, 4318623.193, 93
Trd, 4318626.043, 94
Trd, 4318626.343, 94
Trd, 4318626.893, 94
Trd, 4318627.143, 95
Trd, 4318629.543, 93
Trd, 4318629.943, 94
Trd, 4318630.393, 95
Trd, 4318633.243, 92
Trd, 4318633.793, 91
Trd, 4318634.293, 92
Trd, 4318634.843, 104
Trd, 4318636.943, 96
Trd, 4318637.143, 98
Trd, 4318638.643, 90
Trd, 4318641.193, 104
Trd, 4318642.493, 95
Trd, 4318643.393, 86
Trd, 4318644.543, 84
Trd, 4318644.743, 86
Trd, 4318649.593, 90
Trd, 4318652.593, 85
Trd, 4318652.693, 86
Trd, 4318653.393, 85
Trd, 4318653.693, 86
Trd, 4318655.193, 105
Trd, 4318656.893, 110
Trd, 4318657.793, 105
Trd, 4318658.193, 105
Trd, 4318661.143, 104
Trd, 4318662.293, 104
Trd, 4318663.293, 104
Trd, 4318664.293, 103
Trd, 4318665.343, 102
Trd, 4318667.443, 103
Trd, 4318668.493, 99
Trd, 4318669.443, 99
Trd, 4318671.193, 99
Trd, 4318671.343, 97
Trd, 4318671.993, 99
Trd, 4318672.193, 104
Trd, 4318674.593, 96
Trd, 4318675.243, 109
Trd, 4318678.393, 97
Trd, 4318679.393, 97
Trd, 4318681.343, 96
Trd, 4318683.143, 96
Trd, 4318683.343, 94
Trd, 4318684.243, 95
Trd, 4318687.243, 105
Trd, 4318688.343, 106
Trd, 4318694.043, 99
Trd, 4318694.543, 98
Trd, 4318694.843, 99
Trd, 4318695.693, 98
Trd, 4318696.793, 100
Trd, 4318698.093, 104
Trd, 4318700.593, 100
Trd, 4318700.843, 100
Trd, 4318702.993, 99
Trd, 4318705.593, 98
Trd, 4318706.493, 94
Trd, 4318706.793, 102
Trd, 4318709.143, 95
Trd, 4318709.693, 103
Trd, 4318712.643, 97
Trd, 4318714.993, 94
Trd, 4318717.293, 95
Trd, 4318718.493, 95
Trd, 4318718.993, 95
Trd, 4318721.043, 93
Trd, 4318721.743, 94
Trd, 4318722.693, 92
Trd, 4318728.243, 93
Trd, 4318730.843, 91
Trd, 4318732.943, 94
Trd, 4318732.993, 95
Trd, 4318735.193, 95
Trd, 4318739.143, 92
Trd, 4318739.843, 91
Trd, 4318740.843, 92
Trd, 4318744.643, 91
Trd, 4318744.743, 90
Trd, 4318744.943, 95
Trd, 4318746.043, 101
Trd, 4318748.493, 103
Trd, 4318749.243, 104
Trd, 4318750.043, 101
Trd, 4318750.893, 103
Trd, 4318752.743, 96
Trd, 4318753.493, 96
Trd, 4318754.243, 96
Trd, 4318755.343, 97
Trd, 4318756.843, 97
Trd, 4318759.443, 98
Trd, 4318759.793, 95
Trd, 4318762.943, 95
Trd, 4318763.793, 95
Trd, 4318765.693, 94
Trd, 4318765.743, 104
Trd, 4318767.543, 94
Trd, 4318769.543, 97
Trd, 4318772.093, 97
Trd, 4318773.093, 96
Trd, 4318774.643, 96
Trd, 4318775.193, 96
Trd, 4318775.893, 94
Trd, 4318777.643, 94
Trd, 4318779.893, 94
Trd, 4318780.043, 95
Trd, 4318784.943, 94
Trd, 4318786.143, 93
Trd, 4318787.093, 92
Trd, 4318789.843, 90
Trd, 4318792.293, 93
Trd, 4318793.293, 94
Trd, 4318794.993, 94
Trd, 4318796.393, 95
Trd, 4318797.543, 89
Trd, 4318798.993, 104
Trd, 4318802.093, 95
Trd, 4318804.493, 93
Trd, 4318806.443, 103
Trd, 4318806.793, 95
Trd, 4318807.243, 92
Trd, 4318808.843, 93
Trd, 4318808.893, 95
Trd, 4318809.293, 104
Trd, 4318811.443, 101
Trd, 4318814.493, 101
Trd, 4318815.193, 100
Trd, 4318815.743, 101
Trd, 4318818.943, 94
Trd, 4318820.843, 87
Trd, 4318821.093, 88
Trd, 4318822.343, 90
Trd, 4318824.293, 90
Trd, 4318826.593, 92
Trd, 4318829.143, 91
Trd, 4318829.443, 92
Trd, 4318831.643, 95
Trd, 4318834.493, 95
Trd, 4318837.593, 96
Trd, 4318841.143, 93
Trd, 4318841.693, 92
Trd, 4318842.493, 91
Trd, 4318844.593, 91
Trd, 4318845.443, 110
Trd, 4318847.893, 111
Trd, 4318849.893, 106
Trd, 4318853.193, 107
Trd, 4318854.693, 101
Trd, 4318854.993, 76
Trd, 4318858.343, 91
Trd, 4318859.093, 91
Trd, 4318859.243, 90
Trd, 4318861.243, 90
Trd, 4318861.443, 102
Trd, 4318863.093, 104
Trd, 4318864.343, 100
Trd, 4318865.293, 110
Trd, 4318868.843, 103
Trd, 4318869.443, 102
Trd, 4318869.793, 101
Trd, 4318871.943, 101
Trd, 4318874.393, 103
Trd, 4318875.593, 99
Trd, 4318876.643, 98
Trd, 4318878.193, 97
Trd, 4318880.093, 95
Trd, 4318881.343, 94
Trd, 4318881.443, 95
Trd, 4318884.193, 96
Trd, 4318887.443, 96
Trd, 4318888.243, 94
Trd, 4318889.093, 94
Trd, 4318890.743, 93
Trd, 4318893.393, 94
Trd, 4318895.543, 93
Trd, 4318895.793, 92
Trd, 4318896.893, 92
Trd, 4318897.143, 91
Trd, 4318897.943, 95
Trd, 4318899.343, 94
Trd, 4318901.043, 96
Trd, 4318902.593, 104
Trd, 4318903.643, 103
Trd, 4318906.593, 102
Trd, 4318908.243, 93
Trd, 4318909.093, 104
Trd, 4318909.843, 98
Trd, 4318909.993, 96
Trd, 4318913.393, 97
Trd, 4318913.843, 94
Trd, 4318914.843, 103
Trd, 4318915.843, 102
Trd, 4318918.093, 97
Trd, 4318919.793, 95
Trd, 4318921.093, 94
Trd, 4318921.843, 94
Trd, 4318926.393, 95
Trd, 4318927.893, 93
Trd, 4318929.193, 93
Trd, 4318929.393, 92
Trd, 4318931.693, 99
Trd, 4318932.443, 104
Trd, 4318933.593, 91
Trd, 4318934.293, 94
Trd, 4318936.093, 94
Trd, 4318937.893, 100
Trd, 4318939.693, 99
Trd, 4318941.993, 93
Trd, 4318942.043, 93
Trd, 4318942.093, 93
Trd, 4318942.843, 93
Trd, 4318944.243, 102
Trd, 4318945.393, 93
Trd, 4318947.093, 100
Trd, 4318949.293, 99
Trd, 4318949.743, 98
Trd, 4318949.843, 99
Trd, 4318952.843, 98
Trd, 4318953.043, 97
Trd, 4318953.993, 95
Trd, 4318955.593, 95
Trd, 4318957.643, 96
Trd, 4318958.493, 95
Trd, 4318959.543, 101
Trd, 4318960.893, 99
Trd, 4318961.543, 94
Trd, 4318964.343, 99
Trd, 4318964.543, 102
Trd, 4318967.293, 94
Trd, 4318968.793, 97
Trd, 4318971.393, 95
Trd, 4318971.743, 94
Trd, 4318972.943, 94
Trd, 4318973.743, 91
Trd, 4318975.693, 94
Trd, 4318977.243, 95
Trd, 4318977.843, 94
Trd, 4318978.093, 94
Trd, 4318978.543, 94
Trd, 4318980.793, 93
Trd, 4318981.743, 95
Trd, 4318983.743, 94
Trd, 4318985.843, 94
Trd, 4318987.193, 94
Trd, 4318987.443, 94
Trd, 4318991.443, 94
Trd, 4318992.393, 94
Trd, 4318995.393, 98
Trd, 4318996.043, 100
Trd, 4318998.193, 98
Trd, 4318999.043, 96
Trd, 4318999.543, 94
Trd, 4318999.943, 97
Trd, 4319001.343, 94
Trd, 4319003.493, 95
Trd, 4319005.493, 93
Trd, 4319006.943, 93
Trd, 4319007.293, 95
Trd, 4319007.943, 104
Trd, 4319009.493, 97
Trd, 4319010.193, 91
Trd, 4319011.393, 92
Trd, 4319013.743, 94
Trd, 4319013.893, 95
Trd, 4319016.343, 91
Trd, 4319019.543, 93
Trd, 4319020.843, 91
Trd, 4319021.793, 90
Trd, 4319023.293, 111
Trd, 4319024.243, 100
Trd, 4319025.743, 98
Trd, 4319026.093, 99
Trd, 4319028.693, 97
Trd, 4319030.493, 94
Trd, 4319031.343, 94
Trd, 4319031.843, 93
Trd, 4319033.143, 94
Trd, 4319034.493, 95
Trd, 4319037.643, 95
Trd, 4319038.743, 95
Trd, 4319041.143, 94
Trd, 4319041.943, 93
Trd, 4319042.293, 92
Trd, 4319044.943, 93
Trd, 4319045.443, 93
Trd, 4319049.843, 92
Trd, 4319050.043, 91
Trd, 4319050.393, 91
Trd, 4319052.643, 89
Trd, 4319053.643, 103
Trd, 4319053.793, 105
Trd, 4319055.793, 101
Trd, 4319057.893, 101
Trd, 4319058.493, 94
Trd, 4319062.243, 97
Trd, 4319064.743, 94
Trd, 4319065.343, 95
Trd, 4319066.843, 96
Trd, 4319067.243, 97
Trd, 4319069.393, 100
Trd, 4319071.393, 95
Trd, 4319072.443, 94
Trd, 4319072.843, 94
Trd, 4319073.293, 93
Trd, 4319074.193, 104
Trd, 4319076.493, 97
Trd, 4319077.093, 96
Trd, 4319078.443, 94
Trd, 4319079.693, 94
Trd, 4319080.393, 92
Trd, 4319081.393, 93
Trd, 4319085.793, 94
Trd, 4319088.043, 94
Trd, 4319088.093, 94
Trd, 4319088.193, 93
Trd, 4319089.343, 102
Trd, 4319091.643, 96
Trd, 4319091.893, 93
Trd, 4319092.493, 95
Trd, 4319093.243, 96
Trd, 4319095.343, 93
Trd, 4319099.093, 92
Trd, 4319099.893, 94
Trd, 4319099.993, 95
Trd, 4319102.743, 95
Trd, 4319104.393, 95
Trd, 4319105.043, 94
Trd, 4319108.743, 91
Trd, 4319109.343, 91
Trd, 4319109.543, 91
Trd, 4319110.793, 89
Trd, 4319112.043, 91
Trd, 4319113.093, 89
Trd, 4319113.543, 88
Trd, 4319115.693, 88
Trd, 4319116.893, 89
Trd, 4319120.343, 92
Trd, 4319121.243, 94
Trd, 4319123.643, 93
Trd, 4319126.943, 92
Trd, 4319127.393, 92
Trd, 4319128.193, 93
Trd, 4319128.243, 93
Trd, 4319130.693, 95
Trd, 4319132.343, 92
Trd, 4319132.893, 91
Trd, 4319134.343, 92
Trd, 4319135.543, 90
Trd, 4319137.443, 92
Trd, 4319139.943, 102
Trd, 4319141.693, 100
Trd, 4319143.343, 97
Trd, 4319143.693, 96
Trd, 4319144.343, 91
Trd, 4319146.743, 94
Trd, 4319146.793, 97
Trd, 4319147.843, 97
Trd, 4319150.693, 94
Trd, 4319153.443, 95
Trd, 4319154.243, 93
Trd, 4319154.943, 93
Trd, 4319155.393, 76
Trd, 4319156.843, 94
Trd, 4319160.043, 89
Trd, 4319160.093, 87
Trd, 4319160.393, 86
Trd, 4319160.593, 88
Trd, 4319165.543, 97
Trd, 4319165.893, 98
Trd, 4319168.443, 92
Trd, 4319169.343, 91
Trd, 4319173.093, 91
Trd, 4319173.243, 92
Trd, 4319174.993, 95
Trd, 4319177.493, 93
Trd, 4319178.143, 93
Trd, 4319180.743, 90
Trd, 4319180.843, 99
Trd, 4319184.243, 95
Trd, 4319185.343, 103
Trd, 4319186.443, 101
Trd, 4319186.993, 101
Trd, 4319188.793, 113
Trd, 4319191.493, 101
Trd, 4319192.143, 103
Trd, 4319193.843, 93
Trd, 4319194.693, 95
Trd, 4319195.243, 96
Trd, 4319195.793, 98
Trd, 4319197.093, 98
Trd, 4319198.693, 102
Trd, 4319199.743, 100
Trd, 4319200.043, 101
Trd, 4319202.543, 102
Trd, 4319203.193, 104
Trd, 4319205.243, 99
Trd, 4319206.093, 103
Trd, 4319207.593, 97
Trd, 4319208.193, 96
Trd, 4319208.893, 97
Trd, 4319210.593, 93
Trd, 4319213.743, 95
Trd, 4319216.393, 93
Trd, 4319216.893, 94
Trd, 4319217.393, 95
Trd, 4319220.543, 92
Trd, 4319220.593, 92
Trd, 4319222.143, 93
Trd, 4319222.643, 92
Trd, 4319222.893, 103
Trd, 4319224.343, 92
Trd, 4319225.643, 96
Trd, 4319227.793, 90
Trd, 4319229.443, 93
Trd, 4319230.643, 93
Trd, 4319232.643, 92
Trd, 4319234.043, 92
Trd, 4319234.593, 91
Trd, 4319236.543, 91
Trd, 4319237.243, 91
Trd, 4319239.443, 89
Trd, 4319242.643, 88
Trd, 4319243.493, 95
Trd, 4319245.743, 93
Trd, 4319246.343, 93
Trd, 4319248.043, 93
Trd, 4319248.293, 99
Trd, 4319250.043, 102
Trd, 4319250.543, 100
Trd, 4319250.643, 104
Trd, 4319251.643, 103
Trd, 4319252.293, 94
Trd, 4319253.793, 104
Trd, 4319254.643, 67
Trd, 4319256.043, 94
Trd, 4319256.543, 91
Trd, 4319258.093, 102
Trd, 4319259.693, 96
Trd, 4319262.443, 95
Trd, 4319262.893, 97
Trd, 4319264.643, 94
Trd, 4319264.893, 93
Trd, 4319265.043, 105
Trd, 4319266.443, 92
Trd, 4319268.393, 97
Trd, 4319271.393, 95
Trd, 4319274.493, 96
Trd, 4319275.943, 93
Trd, 4319276.693, 95
Trd, 4319277.243, 95
Trd, 4319281.643, 94
Trd, 4319282.093, 95
Trd, 4319282.843, 94
Trd, 4319282.893, 95
Trd, 4319284.643, 96
Trd, 4319286.643, 93
Trd, 4319287.293, 106
Trd, 4319289.693, 98
Trd, 4319291.893, 97
Trd, 4319292.143, 94
Trd, 4319294.993, 95
Trd, 4319295.093, 96
Trd, 4319296.793, 97
Trd, 4319302.993, 94
Trd, 4319304.393, 93
Trd, 4319304.443, 94
Trd, 4319307.193, 92
Trd, 4319307.593, 93
Trd, 4319309.993, 92
Trd, 4319311.243, 91
Trd, 4319316.093, 92
Trd, 4319316.193, 91
Trd, 4319317.643, 91
Trd, 4319318.393, 91
Trd, 4319318.793, 90
Trd, 4319319.793, 106
Trd, 4319321.043, 99
Trd, 4319321.543, 95
Trd, 4319322.093, 112
Trd, 4319323.843, 105
Trd, 4319327.293, 99
Trd, 4319327.993, 102
Trd, 4319330.893, 95
Trd, 4319331.293, 98
Trd, 4319332.643, 96
Trd, 4319334.443, 94
Trd, 4319336.743, 94
Trd, 4319338.493, 94
Trd, 4319340.043, 103
Trd, 4319340.543, 93
Trd, 4319343.043, 99
Trd, 4319344.843, 99
Trd, 4319345.793, 93
Trd, 4319346.643, 104
Trd, 4319348.193, 102
Trd, 4319349.293, 101
Trd, 4319350.893, 105
Trd, 4319352.393, 104
Trd, 4319353.143, 109
Trd, 4319353.443, 110
Trd, 4319355.343, 102
Trd, 4319356.343, 97
Trd, 4319357.143, 100
Trd, 4319358.643, 98
Trd, 4319360.593, 98
Trd, 4319362.343, 97
Trd, 4319363.843, 96
Trd, 4319363.993, 95
Trd, 4319366.543, 96
Trd, 4319366.593, 96
Trd, 4319368.293, 101
Trd, 4319370.343, 98
Trd, 4319371.193, 96
Trd, 4319373.793, 95
Trd, 4319374.443, 96
Trd, 4319375.343, 95
Trd, 4319375.493, 96
Trd, 4319376.443, 110
Trd, 4319378.643, 100
Trd, 4319378.943, 101
Trd, 4319381.043, 102
Trd, 4319382.393, 102
Trd, 4319382.593, 112
Trd, 4319383.993, 105
Trd, 4319385.493, 106
Trd, 4319386.993, 101
Trd, 4319387.643, 102
Trd, 4319387.943, 99
Trd, 4319390.743, 99
Trd, 4319392.743, 97
Trd, 4319394.193, 97
Trd, 4319394.443, 98
Trd, 4319395.743, 105
Trd, 4319398.843, 101
Trd, 4319399.293, 98
Trd, 4319399.793, 98
Trd, 4319400.843, 89
Trd, 4319402.193, 87
Trd, 4319403.293, 93
Trd, 4319403.743, 90
Trd, 4319405.143, 102
Trd, 4319406.893, 104
Trd, 4319409.143, 103
Trd, 4319410.393, 105
Trd, 4319412.793, 104
Trd, 4319413.293, 104
Trd, 4319415.693, 103
Trd, 4319415.843, 104
Trd, 4319417.043, 105
Trd, 4319419.343, 102
Trd, 4319422.393, 100
Trd, 4319423.943, 100
Trd, 4319424.893, 99
Trd, 4319425.143, 100
Trd, 4319427.193, 99
Trd, 4319427.993, 98
Trd, 4319428.693, 97
Trd, 4319430.143, 98
Trd, 4319431.893, 96
Trd, 4319432.243, 97
Trd, 4319436.943, 95
Trd, 4319437.243, 94
Trd, 4319438.743, 95
Trd, 4319440.593, 102
Trd, 4319442.643, 94
Trd, 4319445.093, 94
Trd, 4319445.493, 93
Trd, 4319448.643, 98
Trd, 4319450.493, 97
Trd, 4319451.393, 93
Trd, 4319451.593, 99
Trd, 4319452.443, 99
Trd, 4319453.443, 83
Trd, 4319454.493, 87
Trd, 4319454.993, 85
Trd, 4319456.493, 102
Trd, 4319457.443, 104
Trd, 4319458.893, 98
Trd, 4319459.243, 99
Trd, 4319459.293, 91
Trd, 4319461.693, 99
Trd, 4319464.993, 97
Trd, 4319466.743, 94
Trd, 4319467.893, 93
Trd, 4319467.943, 95
Trd, 4319468.093, 95
Trd, 4319472.843, 95
Trd, 4319473.143, 96
Trd, 4319476.643, 93
Trd, 4319477.493, 93
Trd, 4319477.893, 95
Trd, 4319478.193, 112
Trd, 4319482.893, 98
Trd, 4319483.493, 96
Trd, 4319483.693, 95
Trd, 4319485.593, 94
Trd, 4319487.143, 92
Trd, 4319487.443, 93
Trd, 4319488.943, 98
Trd, 4319489.193, 104
Trd, 4319491.393, 112
Trd, 4319491.543, 113
Trd, 4319491.693, 92
Trd, 4319496.493, 101
Trd, 4319497.543, 102
Trd, 4319498.143, 101
Trd, 4319498.343, 104
Trd, 4319499.743, 100
Trd, 4319500.393, 93
Trd, 4319501.393, 102
Trd, 4319501.793, 94
Trd, 4319504.593, 101
Trd, 4319506.743, 98
Trd, 4319509.543, 95
Trd, 4319510.093, 96
Trd, 4319513.493, 95
Trd, 4319514.043, 94
Trd, 4319514.593, 90
Trd, 4319515.743, 94
Trd, 4319516.243, 104
Trd, 4319518.793, 91
Trd, 4319520.193, 95
Trd, 4319521.743, 93
Trd, 4319524.493, 92
Trd, 4319525.693, 90
Trd, 4319526.043, 89
Trd, 4319527.393, 90
Trd, 4319528.843, 95
Trd, 4319529.793, 93
Trd, 4319531.293, 94
Trd, 4319532.443, 95
Trd, 4319534.343, 102
Trd, 4319537.443, 97
Trd, 4319538.193, 99
Trd, 4319540.643, 99
Trd, 4319542.543, 95
Trd, 4319544.093, 74
Trd, 4319544.393, 83
Trd, 4319545.293, 87
Trd, 4319547.743, 86
Trd, 4319548.843, 95
Trd, 4319551.293, 88
Trd, 4319553.293, 86
Trd, 4319554.493, 113
Trd, 4319558.593, 91
Trd, 4319560.193, 89
Trd, 4319561.493, 91
Trd, 4319564.443, 90
Trd, 4319565.693, 89
Trd, 4319567.343, 90
Trd, 4319568.143, 90
Trd, 4319570.793, 90
Trd, 4319571.443, 93
Trd, 4319574.243, 93
Trd, 4319576.493, 93
Trd, 4319576.943, 95
Trd, 4319580.043, 94
Trd, 4319580.493, 93
Trd, 4319582.343, 89
Trd, 4319583.593, 95
Trd, 4319587.743, 90
Trd, 4319588.143, 90
Trd, 4319588.543, 89
Trd, 4319588.793, 90
Trd, 4319588.943, 95
Trd, 4319592.193, 116
Trd, 4319593.643, 99
Trd, 4319593.893, 104
Trd, 4319596.543, 100
Trd, 4319597.693, 100
Trd, 4319598.143, 100
Trd, 4319602.093, 99
Trd, 4319603.193, 99
Trd, 4319603.343, 100
Trd, 4319603.543, 101
Trd, 4319604.293, 102
Trd, 4319605.093, 102
Trd, 4319608.493, 99
Trd, 4319608.593, 101
Trd, 4319610.693, 99
Trd, 4319610.893, 100
Trd, 4319614.943, 97
Trd, 4319614.993, 98
Trd, 4319616.093, 94
Trd, 4319616.943, 99
Trd, 4319620.793, 96
Trd, 4319622.143, 95
Trd, 4319622.543, 96
Trd, 4319627.593, 94
Trd, 4319627.943, 96
Trd, 4319628.543, 95
Trd, 4319631.793, 95
Trd, 4319632.993, 93
Trd, 4319635.293, 92
Trd, 4319635.793, 92
Trd, 4319637.343, 90
Trd, 4319638.793, 91
Trd, 4319640.743, 93
Trd, 4319641.143, 92
Trd, 4319641.393, 97
Trd, 4319645.143, 91
Trd, 4319646.043, 92
Trd, 4319646.393, 89
Trd, 4319647.943, 94
Trd, 4319649.593, 93
Trd, 4319652.643, 89
Trd, 4319653.493, 89
Trd, 4319655.493, 89
Trd, 4319655.543, 88
Trd, 4319657.293, 92
Trd, 4319660.543, 95
Trd, 4319661.543, 92
Trd, 4319663.443, 93
Trd, 4319664.543, 104
Trd, 4319668.793, 97
Trd, 4319669.293, 96
Trd, 4319669.693, 96
Trd, 4319671.893, 94
Trd, 4319672.893, 95
Trd, 4319674.093, 93
Trd, 4319675.843, 93
Trd, 4319675.943, 92
Trd, 4319679.493, 92
Trd, 4319679.693, 96
Trd, 4319683.043, 91
Trd, 4319683.693, 94
Trd, 4319684.243, 100
Trd, 4319687.443, 97
Trd, 4319688.943, 97
Trd, 4319689.343, 98
Trd, 4319690.143, 102
Trd, 4319690.493, 94
Trd, 4319693.543, 96
Trd, 4319693.743, 93
Trd, 4319695.093, 94
Trd, 4319697.193, 94
Trd, 4319697.593, 93
Trd, 4319697.793, 95
Trd, 4319700.393, 98
Trd, 4319702.493, 99
Trd, 4319703.143, 100
Trd, 4319705.443, 98
Trd, 4319706.193, 98
Trd, 4319707.093, 97
Trd, 4319707.543, 97
Trd, 4319707.693, 104
Trd, 4319710.493, 76
Trd, 4319715.793, 93
Trd, 4319715.943, 95
Trd, 4319716.693, 95
Trd, 4319718.343, 94
Trd, 4319718.393, 93
Trd, 4319718.543, 95
Trd, 4319720.293, 94
Trd, 4319720.593, 92
Trd, 4319721.393, 103
Trd, 4319724.093, 99
Trd, 4319724.993, 98
Trd, 4319727.243, 97
Trd, 4319728.893, 98
Trd, 4319732.843, 96
Trd, 4319732.943, 95
Trd, 4319733.693, 97
Trd, 4319734.243, 98
Trd, 4319735.893, 104
Trd, 4319737.893, 93
Trd, 4319740.293, 95
Trd, 4319741.043, 95
Trd, 4319744.043, 94
Trd, 4319744.843, 93
Trd, 4319745.593, 94
Trd, 4319746.043, 95
Trd, 4319748.193, 95
Trd, 4319749.393, 110
Trd, 4319751.343, 91
Trd, 4319751.593, 90
Trd, 4319753.793, 94
Trd, 4319755.693, 93
Trd, 4319755.793, 94
Trd, 4319756.193, 94
Trd, 4319757.593, 92
Trd, 4319758.343, 92
Trd, 4319761.143, 90
Trd, 4319761.593, 90
Trd, 4319763.143, 95
Trd, 4319763.243, 107
Trd, 4319767.543, 93
Trd, 4319767.993, 93
Trd, 4319769.993, 94
Trd, 4319771.143, 94
Trd, 4319771.593, 95
Trd, 4319772.493, 90
Trd, 4319774.243, 89
Trd, 4319776.843, 91
Trd, 4319777.243, 89
Trd, 4319777.443, 89
Trd, 4319782.043, 90
Trd, 4319782.593, 90
Trd, 4319784.293, 89
Trd, 4319785.043, 88
Trd, 4319785.843, 81
Trd, 4319787.243, 95
Trd, 4319789.743, 106
Trd, 4319790.643, 95
Trd, 4319791.143, 100
Trd, 4319793.343, 96
Trd, 4319795.343, 104
Trd, 4319798.493, 98
Trd, 4319798.643, 100
Trd, 4319801.893, 96
Trd, 4319804.143, 96
Trd, 4319805.693, 96
Trd, 4319807.943, 95
Trd, 4319808.693, 94
Trd, 4319811.443, 95
Trd, 4319811.593, 93
Trd, 4319816.143, 92
Trd, 4319816.193, 94
Trd, 4319819.493, 94
Trd, 4319820.193, 91
Trd, 4319823.443, 93
Trd, 4319824.343, 92
Trd, 4319825.193, 91
Trd, 4319826.743, 100
Trd, 4319827.393, 96
Trd, 4319828.293, 98
Trd, 4319831.343, 95
Trd, 4319831.493, 95
Trd, 4319833.243, 94
Trd, 4319833.743, 95
Trd, 4319835.543, 96
Trd, 4319836.243, 97
Trd, 4319839.193, 95
Trd, 4319839.743, 95
Trd, 4319840.443, 94
Trd, 4319841.143, 93
Trd, 4319844.443, 93
Trd, 4319844.793, 92
Trd, 4319845.693, 105
Trd, 4319847.593, 97
Trd, 4319849.443, 94
Trd, 4319849.543, 95
Trd, 4319850.243, 93
Trd, 4319851.143, 94
Trd, 4319851.693, 93
Trd, 4319852.343, 77
Trd, 4319852.493, 84
Trd, 4319856.893, 100
Trd, 4319857.043, 92
Trd, 4319857.693, 100
Trd, 4319861.343, 94
Trd, 4319861.443, 94
Trd, 4319861.793, 95
Trd, 4319863.143, 95
Trd, 4319865.493, 97
Trd, 4319868.743, 98
Trd, 4319871.243, 97
Trd, 4319871.993, 95
Trd, 4319872.843, 94
Trd, 4319875.393, 94
Trd, 4319875.593, 96
Trd, 4319878.593, 94
Trd, 4319879.343, 91
Trd, 4319881.243, 92
Trd, 4319881.543, 93
Trd, 4319881.843, 95
Trd, 4319882.643, 94
Trd, 4319883.193, 104
Trd, 4319885.593, 100
Trd, 4319888.593, 94
Trd, 4319889.093, 93
Trd, 4319889.693, 94
Trd, 4319893.043, 95
Trd, 4319894.043, 98
Trd, 4319895.193, 94
Trd, 4319896.143, 103
Trd, 4319898.493, 98
Trd, 4319902.893, 97
Trd, 4319903.193, 97
Trd, 4319903.793, 96
Trd, 4319903.943, 97
Trd, 4319907.393, 94
Trd, 4319908.943, 95
Trd, 4319909.443, 95
Trd, 4319910.493, 105
Trd, 4319914.993, 98
Trd, 4319915.393, 93
Trd, 4319918.643, 97
Trd, 4319918.943, 105
Trd, 4319919.093, 94
Trd, 4319922.993, 100
Trd, 4319923.643, 99
Trd, 4319925.693, 97
Trd, 4319927.293, 96
Trd, 4319928.143, 94
Trd, 4319929.543, 94
Trd, 4319929.593, 93
Trd, 4319931.393, 92
Trd, 4319931.443, 91
Trd, 4319935.493, 90
Trd, 4319935.643, 92
Trd, 4319936.893, 88
Trd, 4319938.443, 92
Trd, 4319943.243, 88
Trd, 4319947.343, 90
Trd, 4319948.293, 89
Trd, 4319948.343, 88
Trd, 4319951.843, 93
Trd, 4319952.493, 90
Trd, 4319952.893, 91
Trd, 4319953.793, 106
Trd, 4319954.743, 94
Trd, 4319958.043, 108
Trd, 4319959.093, 104
Trd, 4319959.343, 103
Trd, 4319960.143, 102
Trd, 4319960.893, 102
Trd, 4319961.143, 93
Trd, 4319961.493, 103
Trd, 4319963.943, 95
Trd, 4319965.993, 94
Trd, 4319967.393, 93
Trd, 4319969.243, 93
Trd, 4319969.593, 104
Trd, 4319971.993, 96
Trd, 4319973.593, 97
Trd, 4319973.643, 95
Trd, 4319974.293, 98
Trd, 4319976.593, 96
Trd, 4319980.143, 96
Trd, 4319980.293, 95
Trd, 4319981.593, 95
Trd, 4319983.643, 95
Trd, 4319985.643, 95
Trd, 4319985.993, 94
Trd, 4319989.443, 101
Trd, 4319990.493, 98
Trd, 4319990.743, 99
Trd, 4319991.393, 97
Trd, 4319995.593, 97
Trd, 4319995.943, 97
Trd, 4319996.743, 96
Trd, 4319997.043, 78
Trd, 4319998.043, 95
