Trd, 4317829.193, 96
Trd, 4317832.043, 95
Trd, 4317832.893, 94
Trd, 4317836.543, 94
Trd, 4317838.393, 93
Trd, 4317838.843, 93
Trd, 4317840.493, 93
Trd, 4317842.143, 94
Trd, 4317842.793, 95
Trd, 4317844.243, 92
Trd, 4317844.343, 92
Trd, 4317845.843, 94
Trd, 4317848.043, 94
Trd, 4317848.293, 93
Trd, 4317849.493, 92
Trd, 4317851.143, 93
Trd, 4317852.743, 92
Trd, 4317853.393, 92
Trd, 4317855.293, 92
Trd, 4317856.193, 95
Trd, 4317857.593, 93
Trd, 4317860.393, 95
Trd, 4317860.893, 93
Trd, 4317865.543, 93
Trd, 4317866.043, 95
Trd, 4317867.493, 93
Trd, 4317868.593, 92
Trd, 4317869.293, 93
Trd, 4317870.493, 92
Trd, 4317870.893, 93
Trd, 4317873.593, 94
Trd, 4317874.293, 93
Trd, 4317878.943, 92
Trd, 4317879.243, 93
Trd, 4317880.193, 93
Trd, 4317881.443, 93
Trd, 4317883.943, 92
Trd, 4317884.743, 93
Trd, 4317885.393, 94
Trd, 4317887.293, 93
Trd, 4317889.393, 93
Trd, 4317890.093, 95
Trd, 4317891.643, 93
Trd, 4317891.743, 92
Trd, 4317893.743, 92
Trd, 4317895.643, 93
Trd, 4317898.343, 93
Trd, 4317899.443, 92
Trd, 4317899.643, 94
Trd, 4317902.343, 92
Trd, 4317902.493, 93
Trd, 4317902.993, 92
Trd, 4317906.893, 93
Trd, 4317907.443, 92
Trd, 4317909.143, 92
Trd, 4317910.243, 91
Trd, 4317910.743, 92
Trd, 4317912.593, 95
Trd, 4317913.443, 95
Trd, 4317916.443, 95
Trd, 4317918.393, 95
Trd, 4317918.543, 95
Trd, 4317920.193, 94
Trd, 4317920.693, 94
Trd, 4317923.143, 93
Trd, 4317923.443, 93
Trd, 4317923.543, 93
Trd, 4317926.893, 92
Trd, 4317927.693, 92
Trd, 4317928.343, 93
Trd, 4317929.443, 95
Trd, 4317931.293, 93
Trd, 4317932.843, 92
Trd, 4317935.043, 92
Trd, 4317939.243, 92
Trd, 4317939.343, 92
Trd, 4317940.643, 91
Trd, 4317940.793, 92
Trd, 4317941.743, 91
Trd, 4317943.093, 90
Trd, 4317943.493, 90
Trd, 4317944.693, 92
Trd, 4317946.543, 92
Trd, 4317948.693, 91
Trd, 4317950.593, 90
Trd, 4317951.543, 90
Trd, 4317955.093, 89
Trd, 4317955.193, 90
Trd, 4317957.093, 91
Trd, 4317958.243, 91
Trd, 4317959.393, 92
Trd, 4317959.693, 91
Trd, 4317964.193, 92
Trd, 4317965.743, 91
Trd, 4317965.793, 92
Trd, 4317969.343, 90
Trd, 4317969.393, 92
Trd, 4317971.443, 91
Trd, 4317972.793, 90
Trd, 4317973.843, 91
Trd, 4317977.643, 89
Trd, 4317981.193, 90
Trd, 4317982.343, 90
Trd, 4317984.593, 94
Trd, 4317985.493, 92
Trd, 4317989.093, 92
Trd, 4317991.143, 94
Trd, 4317992.093, 92
Trd, 4317992.393, 93
Trd, 4317993.543, 93
Trd, 4317997.043, 92
Trd, 4317997.993, 92
Trd, 4317999.043, 92
Trd, 4317999.543, 92
Trd, 4318002.193, 92
Trd, 4318004.643, 92
Trd, 4318006.793, 91
Trd, 4318007.243, 91
Trd, 4318008.993, 92
Trd, 4318009.643, 92
Trd, 4318011.143, 91
Trd, 4318012.093, 91
Trd, 4318012.643, 92
Trd, 4318014.443, 92
Trd, 4318016.543, 91
Trd, 4318017.393, 90
Trd, 4318018.543, 90
Trd, 4318019.243, 91
Trd, 4318019.493, 95
Trd, 4318021.543, 93
Trd, 4318024.093, 100
Trd, 4318024.293, 101
Trd, 4318025.143, 99
Trd, 4318027.193, 89
Trd, 4318027.393, 92
Trd, 4318027.743, 91
Trd, 4318029.793, 95
Trd, 4318033.093, 101
Trd, 4318033.343, 98
Trd, 4318034.243, 98
Trd, 4318035.443, 98
Trd, 4318035.593, 97
Trd, 4318036.243, 98
Trd, 4318037.443, 96
Trd, 4318038.293, 96
Trd, 4318041.493, 96
Trd, 4318042.293, 96
Trd, 4318043.393, 95
Trd, 4318044.943, 93
Trd, 4318045.693, 95
Trd, 4318046.993, 95
Trd, 4318047.943, 93
Trd, 4318048.293, 94
Trd, 4318048.593, 93
Trd, 4318050.743, 95
Trd, 4318052.543, 95
Trd, 4318054.343, 95
Trd, 4318055.043, 95
Trd, 4318057.293, 95
Trd, 4318057.493, 95
Trd, 4318060.093, 94
Trd, 4318060.143, 95
Trd, 4318062.993, 94
Trd, 4318064.793, 95
Trd, 4318066.943, 94
Trd, 4318068.043, 95
Trd, 4318069.043, 94
Trd, 4318071.443, 93
Trd, 4318071.743, 94
Trd, 4318072.643, 94
Trd, 4318074.693, 93
Trd, 4318076.143, 93
Trd, 4318077.193, 91
Trd, 4318078.143, 95
Trd, 4318078.693, 94
Trd, 4318080.393, 94
Trd, 4318082.243, 94
Trd, 4318082.643, 93
Trd, 4318083.943, 93
Trd, 4318084.943, 95
Trd, 4318086.243, 95
Trd, 4318086.593, 94
Trd, 4318088.843, 95
Trd, 4318091.643, 93
Trd, 4318093.593, 93
Trd, 4318095.093, 94
Trd, 4318098.193, 94
Trd, 4318098.693, 93
Trd, 4318099.243, 94
Trd, 4318100.243, 93
Trd, 4318101.243, 94
Trd, 4318102.093, 95
Trd, 4318103.793, 94
Trd, 4318104.993, 93
Trd, 4318105.543, 93
Trd, 4318106.293, 93
Trd, 4318107.443, 93
Trd, 4318109.393, 95
Trd, 4318110.343, 95
Trd, 4318110.793, 95
Trd, 4318114.443, 95
Trd, 4318114.793, 95
Trd, 4318115.993, 96
Trd, 4318117.393, 95
Trd, 4318117.743, 95
Trd, 4318122.043, 95
Trd, 4318122.293, 96
Trd, 4318123.843, 95
Trd, 4318124.443, 94
Trd, 4318125.593, 94
Trd, 4318126.943, 93
Trd, 4318127.443, 93
Trd, 4318130.143, 93
Trd, 4318130.493, 94
Trd, 4318132.793, 93
Trd, 4318134.293, 93
Trd, 4318135.543, 92
Trd, 4318138.093, 92
Trd, 4318139.693, 93
Trd, 4318141.093, 93
Trd, 4318142.843, 92
Trd, 4318143.143, 96
Trd, 4318144.993, 96
Trd, 4318146.893, 96
Trd, 4318148.193, 96
Trd, 4318149.593, 96
Trd, 4318150.343, 96
Trd, 4318152.093, 95
Trd, 4318152.493, 94
Trd, 4318152.993, 93
Trd, 4318153.293, 93
Trd, 4318154.443, 96
Trd, 4318155.043, 97
Trd, 4318155.543, 95
Trd, 4318157.593, 103
Trd, 4318160.443, 105
Trd, 4318160.843, 107
Trd, 4318161.893, 108
Trd, 4318163.293, 110
Trd, 4318163.943, 109
Trd, 4318166.793, 101
Trd, 4318168.293, 98
Trd, 4318168.943, 100
Trd, 4318169.093, 99
Trd, 4318170.043, 99
Trd, 4318173.293, 100
Trd, 4318174.243, 100
Trd, 4318174.643, 99
Trd, 4318175.293, 99
Trd, 4318178.643, 98
Trd, 4318180.393, 97
Trd, 4318180.743, 98
Trd, 4318185.843, 96
Trd, 4318188.793, 97
Trd, 4318189.243, 96
Trd, 4318191.043, 97
Trd, 4318193.293, 97
Trd, 4318194.893, 98
Trd, 4318195.243, 97
Trd, 4318198.043, 96
Trd, 4318198.793, 97
Trd, 4318200.943, 96
Trd, 4318203.143, 97
Trd, 4318206.193, 96
Trd, 4318208.993, 96
Trd, 4318210.293, 95
Trd, 4318211.693, 95
Trd, 4318211.843, 96
Trd, 4318214.643, 95
Trd, 4318215.743, 94
Trd, 4318216.293, 95
Trd, 4318217.093, 98
Trd, 4318217.993, 97
Trd, 4318220.543, 96
Trd, 4318221.793, 96
Trd, 4318224.943, 95
Trd, 4318230.893, 95
Trd, 4318231.143, 94
Trd, 4318231.343, 94
Trd, 4318231.893, 94
Trd, 4318232.343, 94
Trd, 4318232.993, 94
Trd, 4318233.243, 95
Trd, 4318234.093, 94
Trd, 4318236.643, 96
Trd, 4318237.843, 95
Trd, 4318239.393, 95
Trd, 4318241.993, 95
Trd, 4318243.193, 95
Trd, 4318244.993, 95
Trd, 4318246.193, 95
Trd, 4318248.043, 95
Trd, 4318248.443, 95
Trd, 4318248.943, 94
Trd, 4318249.843, 94
Trd, 4318251.343, 95
Trd, 4318252.893, 93
Trd, 4318253.693, 94
Trd, 4318255.493, 94
Trd, 4318256.393, 94
Trd, 4318257.093, 94
Trd, 4318260.393, 93
Trd, 4318262.943, 93
Trd, 4318263.243, 92
Trd, 4318263.343, 92
Trd, 4318264.093, 92
Trd, 4318267.093, 94
Trd, 4318267.943, 93
Trd, 4318269.643, 93
Trd, 4318270.293, 93
Trd, 4318272.243, 94
Trd, 4318274.443, 93
Trd, 4318277.993, 92
Trd, 4318279.143, 92
Trd, 4318279.943, 92
Trd, 4318282.493, 94
Trd, 4318283.893, 94
Trd, 4318284.643, 94
Trd, 4318286.293, 92
Trd, 4318286.943, 93
Trd, 4318290.143, 92
Trd, 4318291.093, 91
Trd, 4318291.143, 93
Trd, 4318293.043, 92
Trd, 4318295.493, 93
Trd, 4318295.693, 95
Trd, 4318297.893, 96
Trd, 4318299.643, 96
Trd, 4318299.743, 95
Trd, 4318300.193, 95
Trd, 4318300.943, 94
Trd, 4318302.743, 94
Trd, 4318304.993, 95
Trd, 4318306.193, 95
Trd, 4318308.043, 95
Trd, 4318309.293, 94
Trd, 4318310.643, 93
Trd, 4318311.293, 93
Trd, 4318311.593, 93
Trd, 4318313.343, 94
Trd, 4318317.043, 92
Trd, 4318318.043, 94
Trd, 4318318.143, 94
Trd, 4318318.793, 94
Trd, 4318320.943, 94
Trd, 4318322.343, 93
Trd, 4318326.543, 93
Trd, 4318328.493, 93
Trd, 4318328.843, 92
Trd, 4318329.143, 92
Trd, 4318330.493, 93
Trd, 4318332.343, 92
Trd, 4318333.543, 93
Trd, 4318336.043, 93
Trd, 4318337.343, 92
Trd, 4318339.543, 91
Trd, 4318339.893, 91
Trd, 4318341.393, 91
Trd, 4318341.693, 91
Trd, 4318342.693, 90
Trd, 4318345.343, 89
Trd, 4318346.443, 90
Trd, 4318348.343, 90
Trd, 4318349.493, 89
Trd, 4318349.793, 89
Trd, 4318352.293, 88
Trd, 4318354.143, 87
Trd, 4318354.793, 88
Trd, 4318355.793, 87
Trd, 4318356.543, 88
Trd, 4318358.543, 89
Trd, 4318362.243, 92
Trd, 4318363.093, 95
Trd, 4318363.543, 93
Trd, 4318366.493, 93
Trd, 4318366.693, 92
Trd, 4318367.893, 92
Trd, 4318368.193, 93
Trd, 4318370.793, 93
Trd, 4318371.443, 92
Trd, 4318372.543, 91
Trd, 4318374.443, 91
Trd, 4318375.893, 91
Trd, 4318377.843, 90
Trd, 4318378.343, 91
Trd, 4318382.243, 91
Trd, 4318383.743, 90
Trd, 4318384.643, 91
Trd, 4318385.393, 91
Trd, 4318386.143, 91
Trd, 4318389.893, 89
Trd, 4318392.943, 88
Trd, 4318392.993, 89
Trd, 4318395.643, 89
Trd, 4318396.593, 89
Trd, 4318397.393, 89
Trd, 4318398.043, 95
Trd, 4318402.593, 103
Trd, 4318403.693, 103
Trd, 4318403.843, 103
Trd, 4318404.943, 102
Trd, 4318405.743, 100
Trd, 4318406.893, 100
Trd, 4318409.843, 99
Trd, 4318409.993, 99
Trd, 4318413.143, 100
Trd, 4318413.743, 99
Trd, 4318414.493, 98
Trd, 4318418.343, 98
Trd, 4318418.943, 97
Trd, 4318419.443, 97
Trd, 4318421.443, 96
Trd, 4318422.193, 96
Trd, 4318426.593, 95
Trd, 4318427.043, 96
Trd, 4318427.993, 96
Trd, 4318429.743, 96
Trd, 4318431.443, 96
Trd, 4318432.843, 95
Trd, 4318433.193, 96
Trd, 4318435.193, 96
Trd, 4318436.493, 95
Trd, 4318437.143, 94
Trd, 4318437.543, 95
Trd, 4318442.243, 95
Trd, 4318443.643, 95
Trd, 4318444.793, 95
Trd, 4318445.643, 94
Trd, 4318447.943, 94
Trd, 4318448.143, 94
Trd, 4318449.443, 93
Trd, 4318450.993, 95
Trd, 4318455.693, 92
Trd, 4318458.193, 92
Trd, 4318459.193, 93
Trd, 4318459.793, 92
Trd, 4318460.593, 93
Trd, 4318462.143, 92
Trd, 4318463.843, 94
Trd, 4318465.643, 92
Trd, 4318468.593, 91
Trd, 4318468.943, 93
Trd, 4318469.943, 93
Trd, 4318471.393, 92
Trd, 4318473.293, 93
Trd, 4318476.393, 93
Trd, 4318477.243, 95
Trd, 4318479.193, 92
Trd, 4318480.193, 92
Trd, 4318481.093, 92
Trd, 4318483.343, 92
Trd, 4318485.343, 91
Trd, 4318486.893, 92
Trd, 4318489.343, 91
Trd, 4318490.243, 91
Trd, 4318490.293, 92
Trd, 4318494.293, 97
Trd, 4318495.593, 97
Trd, 4318496.443, 95
Trd, 4318497.393, 96
Trd, 4318497.793, 95
Trd, 4318498.043, 95
Trd, 4318498.643, 94
Trd, 4318500.693, 95
Trd, 4318502.943, 94
Trd, 4318504.793, 92
Trd, 4318504.993, 92
Trd, 4318505.393, 92
Trd, 4318506.593, 93
Trd, 4318509.143, 91
Trd, 4318509.293, 92
Trd, 4318510.943, 92
Trd, 4318513.143, 96
Trd, 4318514.493, 101
Trd, 4318516.093, 102
Trd, 4318516.643, 101
Trd, 4318517.493, 101
Trd, 4318518.693, 98
Trd, 4318519.693, 96
Trd, 4318520.643, 96
Trd, 4318521.443, 96
Trd, 4318523.543, 95
Trd, 4318525.493, 95
Trd, 4318527.193, 95
Trd, 4318528.793, 94
Trd, 4318530.143, 93
Trd, 4318530.993, 94
Trd, 4318531.993, 95
Trd, 4318535.193, 96
Trd, 4318536.993, 95
Trd, 4318537.443, 95
Trd, 4318537.643, 95
Trd, 4318538.093, 95
Trd, 4318540.743, 94
Trd, 4318541.893, 95
Trd, 4318544.043, 94
Trd, 4318545.443, 94
Trd, 4318547.193, 95
Trd, 4318551.743, 94
Trd, 4318552.443, 93
Trd, 4318553.143, 93
Trd, 4318553.293, 95
Trd, 4318554.793, 97
Trd, 4318556.143, 96
Trd, 4318557.893, 95
Trd, 4318558.443, 96
Trd, 4318560.443, 97
Trd, 4318561.493, 97
Trd, 4318563.793, 97
Trd, 4318564.793, 97
Trd, 4318567.843, 96
Trd, 4318569.443, 95
Trd, 4318572.243, 96
Trd, 4318574.093, 96
Trd, 4318574.193, 96
Trd, 4318575.193, 96
Trd, 4318575.443, 96
Trd, 4318578.343, 95
Trd, 4318578.543, 95
Trd, 4318583.143, 95
Trd, 4318585.693, 94
Trd, 4318586.943, 95
Trd, 4318587.493, 94
Trd, 4318589.443, 95
Trd, 4318592.993, 94
Trd, 4318594.143, 93
Trd, 4318594.243, 93
Trd, 4318595.543, 94
Trd, 4318600.343, 94
Trd, 4318600.993, 95
Trd, 4318602.243, 93
Trd, 4318605.093, 93
Trd, 4318606.593, 93
Trd, 4318607.643, 91
Trd, 4318608.143, 92
Trd, 4318610.293, 94
Trd, 4318611.593, 93
Trd, 4318613.693, 94
Trd, 4318615.243, 94
Trd, 4318618.343, 93
Trd, 4318619.643, 93
Trd, 4318620.793, 94
Trd, 4318621.243, 94
Trd, 4318622.093, 94
Trd, 4318623.843, 93
Trd, 4318624.693, 93
Trd, 4318627.193, 93
Trd, 4318628.193, 93
Trd, 4318629.943, 94
Trd, 4318630.293, 95
Trd, 4318632.043, 95
Trd, 4318633.943, 94
Trd, 4318634.493, 93
Trd, 4318635.893, 94
Trd, 4318638.243, 94
Trd, 4318639.543, 95
Trd, 4318640.543, 94
Trd, 4318643.343, 95
Trd, 4318643.893, 95
Trd, 4318645.343, 95
Trd, 4318648.493, 95
Trd, 4318650.193, 94
Trd, 4318651.493, 94
Trd, 4318652.393, 94
Trd, 4318653.093, 95
Trd, 4318653.943, 95
Trd, 4318656.943, 97
Trd, 4318658.093, 96
Trd, 4318658.293, 97
Trd, 4318661.093, 97
Trd, 4318662.693, 99
Trd, 4318663.143, 99
Trd, 4318663.643, 99
Trd, 4318663.993, 99
Trd, 4318666.293, 99
Trd, 4318667.243, 99
Trd, 4318670.643, 99
Trd, 4318670.843, 98
Trd, 4318672.893, 97
Trd, 4318673.243, 98
Trd, 4318673.343, 97
Trd, 4318676.093, 96
Trd, 4318677.793, 95
Trd, 4318677.993, 95
Trd, 4318679.143, 97
Trd, 4318681.593, 97
Trd, 4318682.593, 97
Trd, 4318682.893, 97
Trd, 4318684.393, 97
Trd, 4318684.543, 97
Trd, 4318685.793, 96
Trd, 4318688.993, 97
Trd, 4318690.143, 96
Trd, 4318690.993, 96
Trd, 4318691.643, 96
Trd, 4318692.143, 96
Trd, 4318694.193, 95
Trd, 4318695.293, 95
Trd, 4318698.243, 94
Trd, 4318698.443, 95
Trd, 4318698.693, 95
Trd, 4318700.743, 94
Trd, 4318704.743, 95
Trd, 4318705.843, 95
Trd, 4318707.293, 94
Trd, 4318708.093, 95
Trd, 4318709.193, 95
Trd, 4318711.343, 96
Trd, 4318713.343, 96
Trd, 4318714.943, 95
Trd, 4318715.293, 96
Trd, 4318717.343, 95
Trd, 4318721.143, 94
Trd, 4318722.893, 93
Trd, 4318723.593, 94
Trd, 4318723.743, 95
Trd, 4318725.343, 92
Trd, 4318726.143, 92
Trd, 4318727.093, 91
Trd, 4318729.343, 92
Trd, 4318732.693, 91
Trd, 4318733.443, 90
Trd, 4318733.643, 90
Trd, 4318734.443, 90
Trd, 4318735.943, 90
Trd, 4318737.443, 91
Trd, 4318738.993, 95
Trd, 4318742.043, 98
Trd, 4318742.793, 98
Trd, 4318745.143, 98
Trd, 4318745.393, 97
Trd, 4318747.993, 97
Trd, 4318748.193, 96
Trd, 4318750.343, 95
Trd, 4318751.093, 95
Trd, 4318754.793, 95
Trd, 4318755.943, 94
Trd, 4318756.093, 95
Trd, 4318758.343, 94
Trd, 4318758.743, 94
Trd, 4318758.843, 95
Trd, 4318761.343, 102
Trd, 4318762.043, 102
Trd, 4318762.293, 101
Trd, 4318763.343, 101
Trd, 4318766.193, 102
Trd, 4318767.543, 103
Trd, 4318768.493, 103
Trd, 4318769.743, 102
Trd, 4318775.293, 103
Trd, 4318775.693, 102
Trd, 4318776.093, 102
Trd, 4318777.493, 102
Trd, 4318781.343, 101
Trd, 4318783.243, 101
Trd, 4318788.893, 100
Trd, 4318788.943, 100
Trd, 4318790.493, 100
Trd, 4318791.943, 100
Trd, 4318792.693, 99
Trd, 4318793.093, 100
Trd, 4318796.793, 98
Trd, 4318799.193, 97
Trd, 4318799.593, 97
Trd, 4318801.093, 98
Trd, 4318801.193, 98
Trd, 4318803.143, 97
Trd, 4318806.793, 96
Trd, 4318807.093, 96
Trd, 4318807.693, 97
Trd, 4318810.243, 97
Trd, 4318811.843, 96
Trd, 4318812.743, 95
Trd, 4318817.143, 94
Trd, 4318817.893, 95
Trd, 4318817.943, 94
Trd, 4318818.793, 95
Trd, 4318819.443, 95
Trd, 4318821.443, 96
Trd, 4318823.693, 96
Trd, 4318824.643, 96
Trd, 4318826.343, 97
Trd, 4318827.893, 96
Trd, 4318829.143, 95
Trd, 4318830.193, 97
Trd, 4318832.443, 96
Trd, 4318835.243, 96
Trd, 4318837.093, 96
Trd, 4318840.993, 96
Trd, 4318842.543, 97
Trd, 4318843.743, 96
Trd, 4318844.543, 97
Trd, 4318847.093, 97
Trd, 4318848.843, 96
Trd, 4318848.943, 97
Trd, 4318850.493, 97
Trd, 4318852.643, 96
Trd, 4318855.943, 95
Trd, 4318856.893, 94
Trd, 4318857.493, 95
Trd, 4318859.093, 102
Trd, 4318859.593, 102
Trd, 4318860.893, 102
Trd, 4318861.643, 101
Trd, 4318862.293, 102
Trd, 4318862.493, 102
Trd, 4318864.193, 102
Trd, 4318865.493, 101
Trd, 4318865.893, 101
Trd, 4318867.693, 101
Trd, 4318869.093, 100
Trd, 4318869.143, 100
Trd, 4318872.393, 100
Trd, 4318874.543, 100
Trd, 4318876.193, 100
Trd, 4318876.993, 101
Trd, 4318881.193, 99
Trd, 4318881.893, 99
Trd, 4318882.193, 99
Trd, 4318885.943, 98
Trd, 4318887.443, 98
Trd, 4318889.393, 97
Trd, 4318892.643, 96
Trd, 4318894.643, 96
Trd, 4318895.643, 95
Trd, 4318898.293, 95
Trd, 4318899.443, 94
Trd, 4318900.643, 94
Trd, 4318901.943, 94
Trd, 4318902.543, 94
Trd, 4318903.093, 94
Trd, 4318903.543, 94
Trd, 4318904.493, 95
Trd, 4318908.043, 95
Trd, 4318908.093, 94
Trd, 4318912.593, 95
Trd, 4318912.743, 95
Trd, 4318914.243, 97
Trd, 4318914.543, 95
Trd, 4318916.443, 94
Trd, 4318917.643, 94
Trd, 4318918.893, 95
Trd, 4318920.493, 94
Trd, 4318921.843, 95
Trd, 4318922.993, 96
Trd, 4318926.093, 100
Trd, 4318926.293, 98
Trd, 4318928.443, 103
Trd, 4318928.993, 103
Trd, 4318930.643, 102
Trd, 4318930.843, 101
Trd, 4318934.143, 100
Trd, 4318934.593, 100
Trd, 4318935.543, 99
Trd, 4318935.943, 99
Trd, 4318939.193, 98
Trd, 4318939.593, 97
Trd, 4318940.643, 98
Trd, 4318944.293, 97
Trd, 4318945.893, 97
Trd, 4318946.843, 96
Trd, 4318949.843, 96
Trd, 4318951.393, 95
Trd, 4318952.293, 95
Trd, 4318953.593, 95
Trd, 4318954.693, 96
Trd, 4318956.343, 96
Trd, 4318956.693, 95
Trd, 4318956.793, 95
Trd, 4318958.543, 96
Trd, 4318960.443, 95
Trd, 4318960.493, 95
Trd, 4318963.493, 95
Trd, 4318966.493, 96
Trd, 4318967.643, 95
Trd, 4318968.393, 95
Trd, 4318968.743, 95
Trd, 4318971.693, 95
Trd, 4318972.093, 95
Trd, 4318974.193, 95
Trd, 4318975.543, 95
Trd, 4318976.343, 94
Trd, 4318977.343, 94
Trd, 4318979.993, 95
Trd, 4318980.443, 94
Trd, 4318982.193, 93
Trd, 4318983.443, 95
Trd, 4318986.643, 93
Trd, 4318987.493, 92
Trd, 4318989.393, 92
Trd, 4318989.893, 93
Trd, 4318991.543, 92
Trd, 4318993.543, 92
Trd, 4318994.443, 93
Trd, 4318996.643, 93
Trd, 4318997.543, 95
Trd, 4318999.143, 96
Trd, 4319001.043, 95
Trd, 4319001.593, 96
Trd, 4319002.993, 95
Trd, 4319004.293, 95
Trd, 4319006.293, 94
Trd, 4319006.343, 95
Trd, 4319007.193, 94
Trd, 4319009.043, 93
Trd, 4319009.093, 94
Trd, 4319014.093, 93
Trd, 4319014.743, 94
Trd, 4319016.143, 94
Trd, 4319018.143, 93
Trd, 4319018.943, 94
Trd, 4319020.643, 95
Trd, 4319021.293, 96
Trd, 4319023.443, 100
Trd, 4319024.943, 99
Trd, 4319025.193, 99
Trd, 4319028.793, 98
Trd, 4319029.593, 98
Trd, 4319030.243, 97
Trd, 4319032.443, 97
Trd, 4319033.093, 97
Trd, 4319036.743, 96
Trd, 4319039.543, 95
Trd, 4319040.043, 95
Trd, 4319043.193, 97
Trd, 4319043.793, 97
Trd, 4319044.293, 98
Trd, 4319047.143, 97
Trd, 4319047.793, 96
Trd, 4319049.843, 95
Trd, 4319053.043, 94
Trd, 4319054.293, 93
Trd, 4319054.793, 95
Trd, 4319056.493, 95
Trd, 4319057.493, 95
Trd, 4319060.643, 95
Trd, 4319061.643, 94
Trd, 4319062.343, 95
Trd, 4319063.893, 94
Trd, 4319065.643, 93
Trd, 4319065.843, 94
Trd, 4319066.443, 93
Trd, 4319069.443, 94
Trd, 4319070.543, 92
Trd, 4319072.893, 93
Trd, 4319074.543, 91
Trd, 4319077.143, 93
Trd, 4319077.693, 93
Trd, 4319079.543, 97
Trd, 4319081.593, 96
Trd, 4319081.643, 96
Trd, 4319083.743, 103
Trd, 4319084.893, 98
Trd, 4319085.893, 99
Trd, 4319087.293, 98
Trd, 4319089.243, 97
Trd, 4319089.793, 96
Trd, 4319090.443, 95
Trd, 4319093.993, 96
Trd, 4319096.093, 96
Trd, 4319096.843, 95
Trd, 4319097.093, 95
Trd, 4319098.493, 95
Trd, 4319101.743, 98
Trd, 4319103.543, 97
Trd, 4319103.593, 97
Trd, 4319103.993, 97
Trd, 4319107.343, 99
Trd, 4319108.493, 98
Trd, 4319109.243, 95
Trd, 4319109.443, 95
Trd, 4319109.993, 94
Trd, 4319111.243, 95
Trd, 4319114.743, 93
Trd, 4319116.293, 95
Trd, 4319117.593, 93
Trd, 4319117.993, 92
Trd, 4319119.343, 92
Trd, 4319119.893, 91
Trd, 4319122.043, 94
Trd, 4319124.893, 90
Trd, 4319125.293, 91
Trd, 4319129.093, 91
Trd, 4319131.243, 90
Trd, 4319131.693, 91
Trd, 4319134.743, 90
Trd, 4319136.843, 89
Trd, 4319138.993, 89
Trd, 4319140.693, 90
Trd, 4319142.493, 89
Trd, 4319143.493, 88
Trd, 4319144.193, 89
Trd, 4319148.543, 89
Trd, 4319148.943, 88
Trd, 4319149.093, 88
Trd, 4319149.493, 89
Trd, 4319150.493, 94
Trd, 4319152.593, 91
Trd, 4319153.843, 90
Trd, 4319156.893, 98
Trd, 4319157.293, 97
Trd, 4319158.693, 97
Trd, 4319160.893, 92
Trd, 4319162.893, 96
Trd, 4319163.093, 95
Trd, 4319164.493, 95
Trd, 4319165.143, 94
Trd, 4319167.743, 95
Trd, 4319170.943, 93
Trd, 4319171.543, 94
Trd, 4319172.493, 92
Trd, 4319173.693, 93
Trd, 4319175.493, 92
Trd, 4319177.243, 93
Trd, 4319179.743, 92
Trd, 4319180.343, 93
Trd, 4319182.793, 93
Trd, 4319184.893, 92
Trd, 4319185.993, 95
Trd, 4319190.093, 92
Trd, 4319191.443, 91
Trd, 4319192.343, 92
Trd, 4319193.693, 93
Trd, 4319195.393, 93
Trd, 4319196.093, 92
Trd, 4319199.043, 92
Trd, 4319199.293, 92
Trd, 4319200.243, 93
Trd, 4319202.543, 97
Trd, 4319202.643, 96
Trd, 4319204.393, 96
Trd, 4319207.593, 96
Trd, 4319207.693, 96
Trd, 4319207.793, 96
Trd, 4319208.443, 96
Trd, 4319212.443, 96
Trd, 4319212.643, 95
Trd, 4319213.093, 95
Trd, 4319214.893, 94
Trd, 4319216.443, 95
Trd, 4319220.993, 94
Trd, 4319221.093, 95
Trd, 4319221.243, 95
Trd, 4319223.943, 93
Trd, 4319225.443, 94
Trd, 4319228.243, 94
Trd, 4319228.893, 93
Trd, 4319229.843, 94
Trd, 4319233.993, 94
Trd, 4319234.543, 94
Trd, 4319235.693, 93
Trd, 4319236.543, 92
Trd, 4319237.643, 91
Trd, 4319240.643, 95
Trd, 4319241.693, 98
Trd, 4319242.093, 97
Trd, 4319244.693, 96
Trd, 4319246.443, 96
Trd, 4319247.793, 95
Trd, 4319248.243, 96
Trd, 4319248.893, 95
Trd, 4319251.993, 95
Trd, 4319253.743, 94
Trd, 4319254.593, 93
Trd, 4319254.993, 93
Trd, 4319256.143, 92
Trd, 4319260.593, 100
Trd, 4319260.843, 100
Trd, 4319260.943, 100
Trd, 4319262.443, 99
Trd, 4319264.393, 98
Trd, 4319265.793, 98
Trd, 4319266.293, 99
Trd, 4319268.243, 99
Trd, 4319269.443, 98
Trd, 4319270.193, 96
Trd, 4319271.393, 96
Trd, 4319272.393, 95
Trd, 4319272.893, 95
Trd, 4319275.093, 95
Trd, 4319276.743, 94
Trd, 4319277.993, 95
Trd, 4319279.393, 95
Trd, 4319280.593, 94
Trd, 4319280.843, 95
Trd, 4319283.043, 93
Trd, 4319283.943, 95
Trd, 4319284.393, 93
Trd, 4319287.343, 93
Trd, 4319287.393, 94
Trd, 4319290.793, 94
Trd, 4319291.293, 93
Trd, 4319291.543, 94
Trd, 4319295.093, 93
Trd, 4319295.693, 94
Trd, 4319297.343, 95
Trd, 4319298.393, 94
Trd, 4319300.243, 94
Trd, 4319301.243, 94
Trd, 4319302.793, 94
Trd, 4319303.743, 95
Trd, 4319303.943, 94
Trd, 4319306.893, 94
Trd, 4319308.593, 95
Trd, 4319309.493, 94
Trd, 4319311.093, 94
Trd, 4319311.843, 93
Trd, 4319312.593, 92
Trd, 4319314.643, 95
Trd, 4319315.543, 95
Trd, 4319315.843, 94
Trd, 4319319.143, 94
Trd, 4319319.993, 93
Trd, 4319322.493, 94
Trd, 4319323.243, 93
Trd, 4319324.293, 94
Trd, 4319326.293, 95
Trd, 4319328.393, 93
Trd, 4319329.943, 94
Trd, 4319330.893, 94
Trd, 4319331.743, 94
Trd, 4319333.393, 94
Trd, 4319334.593, 95
Trd, 4319335.643, 97
Trd, 4319335.743, 96
Trd, 4319336.643, 98
Trd, 4319340.293, 98
Trd, 4319341.643, 101
Trd, 4319342.943, 99
Trd, 4319342.993, 99
Trd, 4319343.993, 101
Trd, 4319345.343, 104
Trd, 4319346.743, 101
Trd, 4319347.843, 101
Trd, 4319349.193, 101
Trd, 4319351.843, 99
Trd, 4319351.943, 100
Trd, 4319353.043, 100
Trd, 4319354.293, 99
Trd, 4319357.943, 98
Trd, 4319358.143, 98
Trd, 4319358.443, 99
Trd, 4319362.943, 97
Trd, 4319365.743, 97
Trd, 4319365.943, 96
Trd, 4319367.743, 96
Trd, 4319371.193, 95
Trd, 4319372.693, 96
Trd, 4319373.793, 96
Trd, 4319378.593, 95
Trd, 4319378.843, 95
Trd, 4319381.543, 95
Trd, 4319381.693, 96
Trd, 4319383.343, 95
Trd, 4319387.193, 94
Trd, 4319387.643, 95
Trd, 4319389.543, 95
Trd, 4319389.993, 95
Trd, 4319390.843, 95
Trd, 4319392.043, 95
Trd, 4319393.093, 95
Trd, 4319395.893, 97
Trd, 4319396.843, 97
Trd, 4319399.293, 96
Trd, 4319400.293, 96
Trd, 4319401.243, 97
Trd, 4319401.743, 95
Trd, 4319401.943, 95
Trd, 4319406.343, 94
Trd, 4319407.343, 95
Trd, 4319407.643, 96
Trd, 4319409.643, 97
Trd, 4319411.543, 97
Trd, 4319412.643, 96
Trd, 4319415.393, 95
Trd, 4319416.243, 95
Trd, 4319417.693, 96
Trd, 4319418.093, 96
Trd, 4319421.993, 95
Trd, 4319423.243, 95
Trd, 4319423.393, 95
Trd, 4319424.593, 95
Trd, 4319425.193, 94
Trd, 4319425.743, 94
Trd, 4319426.543, 95
Trd, 4319427.843, 95
Trd, 4319428.593, 96
Trd, 4319429.293, 97
Trd, 4319434.043, 99
Trd, 4319434.393, 98
Trd, 4319434.643, 97
Trd, 4319435.293, 97
Trd, 4319435.743, 96
Trd, 4319437.593, 96
Trd, 4319438.343, 96
Trd, 4319442.093, 99
Trd, 4319443.293, 97
Trd, 4319445.643, 99
Trd, 4319445.693, 99
Trd, 4319448.443, 98
Trd, 4319449.593, 98
Trd, 4319449.843, 98
Trd, 4319451.743, 99
Trd, 4319452.393, 98
Trd, 4319454.793, 98
Trd, 4319455.293, 99
Trd, 4319459.093, 98
Trd, 4319460.193, 98
Trd, 4319461.043, 99
Trd, 4319461.443, 98
Trd, 4319463.143, 98
Trd, 4319465.593, 97
Trd, 4319467.393, 97
Trd, 4319469.993, 97
Trd, 4319472.043, 96
Trd, 4319473.093, 95
Trd, 4319473.593, 95
Trd, 4319474.893, 96
Trd, 4319477.693, 95
Trd, 4319478.793, 96
Trd, 4319479.643, 95
Trd, 4319482.843, 95
Trd, 4319483.093, 96
Trd, 4319484.543, 94
Trd, 4319486.793, 95
Trd, 4319488.643, 95
Trd, 4319489.043, 94
Trd, 4319489.243, 95
Trd, 4319490.593, 93
Trd, 4319491.593, 95
Trd, 4319493.543, 94
Trd, 4319493.943, 95
Trd, 4319498.293, 93
Trd, 4319499.393, 94
Trd, 4319500.593, 94
Trd, 4319500.843, 95
Trd, 4319502.543, 94
Trd, 4319505.893, 95
Trd, 4319506.243, 93
Trd, 4319506.893, 93
Trd, 4319507.043, 94
Trd, 4319508.893, 93
Trd, 4319512.493, 93
Trd, 4319513.093, 92
Trd, 4319514.193, 92
Trd, 4319518.443, 92
Trd, 4319519.393, 92
Trd, 4319520.943, 91
Trd, 4319522.343, 92
Trd, 4319524.093, 91
Trd, 4319526.193, 92
Trd, 4319526.393, 93
Trd, 4319528.493, 91
Trd, 4319529.993, 91
Trd, 4319532.693, 92
Trd, 4319532.893, 92
Trd, 4319534.593, 91
Trd, 4319534.643, 95
Trd, 4319536.093, 93
Trd, 4319537.943, 102
Trd, 4319538.193, 102
Trd, 4319538.343, 100
Trd, 4319541.543, 101
Trd, 4319543.243, 100
Trd, 4319543.693, 100
Trd, 4319543.943, 100
Trd, 4319545.443, 100
Trd, 4319548.043, 100
Trd, 4319551.143, 100
Trd, 4319553.293, 98
Trd, 4319554.893, 99
Trd, 4319556.443, 98
Trd, 4319556.593, 97
Trd, 4319557.193, 97
Trd, 4319559.643, 97
Trd, 4319560.743, 97
Trd, 4319562.243, 96
Trd, 4319562.393, 97
Trd, 4319566.643, 95
Trd, 4319566.993, 95
Trd, 4319567.343, 95
Trd, 4319568.043, 95
Trd, 4319568.493, 95
Trd, 4319571.593, 94
Trd, 4319573.143, 95
Trd, 4319573.893, 95
Trd, 4319575.543, 94
Trd, 4319578.243, 95
Trd, 4319579.443, 94
Trd, 4319579.493, 94
Trd, 4319581.343, 93
Trd, 4319586.743, 93
Trd, 4319587.193, 93
Trd, 4319587.493, 92
Trd, 4319589.893, 95
Trd, 4319590.943, 94
Trd, 4319592.293, 94
Trd, 4319592.993, 95
Trd, 4319594.393, 94
Trd, 4319596.493, 94
Trd, 4319596.693, 93
Trd, 4319600.893, 92
Trd, 4319601.143, 93
Trd, 4319602.043, 94
Trd, 4319604.043, 93
Trd, 4319604.343, 93
Trd, 4319605.643, 93
Trd, 4319607.093, 93
Trd, 4319608.043, 93
Trd, 4319609.093, 92
Trd, 4319610.543, 92
Trd, 4319611.493, 95
Trd, 4319614.693, 92
Trd, 4319616.293, 91
Trd, 4319616.443, 92
Trd, 4319617.243, 95
Trd, 4319620.343, 92
Trd, 4319621.843, 91
Trd, 4319622.043, 92
Trd, 4319623.443, 93
Trd, 4319624.093, 95
Trd, 4319627.193, 95
Trd, 4319628.843, 95
Trd, 4319629.693, 95
Trd, 4319630.493, 94
Trd, 4319633.693, 94
Trd, 4319634.643, 95
Trd, 4319636.293, 93
Trd, 4319638.343, 93
Trd, 4319639.693, 93
Trd, 4319641.243, 95
Trd, 4319642.693, 95
Trd, 4319642.843, 95
Trd, 4319644.193, 98
Trd, 4319644.793, 97
Trd, 4319646.643, 98
Trd, 4319651.243, 97
Trd, 4319651.343, 96
Trd, 4319652.593, 95
Trd, 4319652.843, 95
Trd, 4319655.493, 96
Trd, 4319657.393, 96
Trd, 4319658.593, 97
Trd, 4319659.293, 95
Trd, 4319659.643, 96
Trd, 4319659.893, 95
Trd, 4319661.593, 95
Trd, 4319663.343, 95
Trd, 4319665.793, 94
Trd, 4319665.843, 95
Trd, 4319667.893, 95
Trd, 4319668.543, 94
Trd, 4319669.593, 96
Trd, 4319673.493, 95
Trd, 4319674.743, 95
Trd, 4319675.143, 95
Trd, 4319676.543, 96
Trd, 4319677.743, 95
Trd, 4319679.993, 95
Trd, 4319680.093, 94
Trd, 4319681.793, 94
Trd, 4319682.543, 94
Trd, 4319683.143, 95
Trd, 4319683.893, 94
Trd, 4319687.243, 93
Trd, 4319687.493, 94
Trd, 4319687.543, 94
Trd, 4319689.643, 93
Trd, 4319691.743, 93
Trd, 4319692.893, 94
Trd, 4319694.543, 95
Trd, 4319696.493, 94
Trd, 4319698.743, 93
Trd, 4319699.043, 93
Trd, 4319699.343, 94
Trd, 4319702.143, 94
Trd, 4319702.793, 94
Trd, 4319703.793, 93
Trd, 4319706.543, 94
Trd, 4319707.943, 93
Trd, 4319709.543, 94
Trd, 4319709.743, 92
Trd, 4319710.893, 92
Trd, 4319713.293, 92
Trd, 4319715.143, 91
Trd, 4319715.293, 92
Trd, 4319716.643, 91
Trd, 4319717.243, 92
Trd, 4319719.693, 91
Trd, 4319722.243, 90
Trd, 4319722.843, 90
Trd, 4319724.193, 92
Trd, 4319725.793, 95
Trd, 4319727.893, 94
Trd, 4319728.993, 96
Trd, 4319731.393, 96
Trd, 4319732.093, 97
Trd, 4319733.993, 96
Trd, 4319734.993, 95
Trd, 4319735.743, 95
Trd, 4319736.193, 94
Trd, 4319736.343, 94
Trd, 4319737.943, 94
Trd, 4319743.843, 94
Trd, 4319744.143, 95
Trd, 4319746.793, 93
Trd, 4319747.443, 94
Trd, 4319750.543, 93
Trd, 4319750.593, 94
Trd, 4319752.343, 94
Trd, 4319753.043, 92
Trd, 4319756.043, 91
Trd, 4319757.193, 91
Trd, 4319758.143, 92
Trd, 4319759.193, 91
Trd, 4319760.043, 92
Trd, 4319762.843, 91
Trd, 4319763.643, 93
Trd, 4319764.893, 92
Trd, 4319765.843, 95
Trd, 4319766.643, 99
Trd, 4319768.143, 100
Trd, 4319768.693, 100
Trd, 4319769.343, 101
Trd, 4319772.043, 100
Trd, 4319774.243, 99
Trd, 4319776.743, 99
Trd, 4319778.243, 98
Trd, 4319778.843, 98
Trd, 4319780.743, 97
Trd, 4319781.993, 98
Trd, 4319785.493, 97
Trd, 4319787.043, 97
Trd, 4319789.093, 96
Trd, 4319789.643, 96
Trd, 4319792.293, 97
Trd, 4319793.893, 95
Trd, 4319794.043, 96
Trd, 4319795.943, 95
Trd, 4319796.693, 94
Trd, 4319798.293, 94
Trd, 4319799.743, 93
Trd, 4319801.743, 94
Trd, 4319803.493, 94
Trd, 4319804.443, 93
Trd, 4319807.543, 93
Trd, 4319807.693, 93
Trd, 4319808.593, 92
Trd, 4319809.093, 95
Trd, 4319810.093, 92
Trd, 4319813.843, 92
Trd, 4319814.943, 92
Trd, 4319817.293, 91
Trd, 4319817.543, 91
Trd, 4319819.143, 95
Trd, 4319821.143, 92
Trd, 4319821.843, 91
Trd, 4319823.443, 91
Trd, 4319823.893, 91
Trd, 4319824.193, 93
Trd, 4319827.043, 92
Trd, 4319827.793, 90
Trd, 4319827.893, 90
Trd, 4319829.843, 93
Trd, 4319830.393, 93
Trd, 4319832.193, 92
Trd, 4319832.493, 92
Trd, 4319834.343, 92
Trd, 4319835.693, 93
Trd, 4319835.843, 92
Trd, 4319837.243, 94
Trd, 4319837.843, 95
Trd, 4319839.293, 97
Trd, 4319841.293, 101
Trd, 4319841.493, 99
Trd, 4319842.743, 100
Trd, 4319843.893, 100
Trd, 4319846.143, 102
Trd, 4319846.393, 100
Trd, 4319847.493, 102
Trd, 4319848.093, 100
Trd, 4319849.393, 99
Trd, 4319851.643, 99
Trd, 4319851.943, 98
Trd, 4319853.343, 98
Trd, 4319855.943, 97
Trd, 4319856.393, 98
Trd, 4319859.043, 97
Trd, 4319859.593, 97
Trd, 4319862.643, 98
Trd, 4319863.743, 98
Trd, 4319864.493, 97
Trd, 4319866.993, 96
Trd, 4319867.243, 96
Trd, 4319868.493, 95
Trd, 4319869.393, 96
Trd, 4319870.043, 96
Trd, 4319872.293, 95
Trd, 4319876.543, 95
Trd, 4319876.593, 95
Trd, 4319877.143, 95
Trd, 4319877.543, 95
Trd, 4319882.293, 95
Trd, 4319883.093, 94
Trd, 4319883.493, 94
Trd, 4319884.793, 95
Trd, 4319885.093, 95
Trd, 4319887.293, 95
Trd, 4319888.793, 96
Trd, 4319889.393, 96
Trd, 4319889.493, 97
Trd, 4319890.993, 96
Trd, 4319892.443, 96
Trd, 4319894.793, 95
Trd, 4319895.043, 95
Trd, 4319895.693, 95
Trd, 4319896.643, 95
Trd, 4319898.043, 95
Trd, 4319900.593, 94
Trd, 4319901.993, 94
Trd, 4319902.943, 94
Trd, 4319904.093, 96
Trd, 4319904.293, 95
Trd, 4319906.743, 97
Trd, 4319907.243, 96
Trd, 4319908.743, 96
Trd, 4319908.843, 96
Trd, 4319911.143, 96
Trd, 4319911.943, 95
Trd, 4319913.443, 95
Trd, 4319914.743, 96
Trd, 4319916.143, 95
Trd, 4319920.493, 95
Trd, 4319922.543, 95
Trd, 4319925.293, 96
Trd, 4319925.443, 95
Trd, 4319925.643, 95
Trd, 4319926.743, 96
Trd, 4319926.943, 94
Trd, 4319928.493, 93
Trd, 4319932.293, 93
Trd, 4319933.343, 93
Trd, 4319934.643, 93
Trd, 4319935.043, 92
Trd, 4319936.743, 91
Trd, 4319937.143, 91
Trd, 4319937.793, 95
Trd, 4319940.943, 94
Trd, 4319942.793, 92
Trd, 4319945.743, 92
Trd, 4319946.593, 93
Trd, 4319948.893, 93
Trd, 4319950.743, 92
Trd, 4319952.443, 91
Trd, 4319953.343, 92
Trd, 4319954.943, 93
Trd, 4319955.693, 91
Trd, 4319957.943, 92
Trd, 4319959.843, 93
Trd, 4319963.093, 92
Trd, 4319964.293, 91
Trd, 4319966.393, 90
Trd, 4319966.643, 91
Trd, 4319969.843, 90
Trd, 4319970.493, 91
Trd, 4319971.493, 89
Trd, 4319972.043, 90
Trd, 4319975.293, 90
Trd, 4319976.143, 90
Trd, 4319978.243, 90
Trd, 4319978.393, 89
Trd, 4319979.743, 88
Trd, 4319980.643, 88
Trd, 4319983.643, 87
Trd, 4319983.793, 88
Trd, 4319985.943, 87
Trd, 4319986.593, 88
Trd, 4319988.343, 94
Trd, 4319989.393, 90
Trd, 4319991.393, 91
Trd, 4319991.743, 90
Trd, 4319992.243, 91
Trd, 4319995.293, 93
Trd, 4319995.993, 92
Trd, 4319997.093, 95
Trd, 4319997.543, 94
Trd, 4319998.343, 93
